Time,Ask,Bid,AskVolume,BidVolume,
2014.09.10,00:00:01.708,1.29414,1.29409,2.44,2.62
2014.09.10,00:00:02.012,1.29408,1.29406,3.25,2.25
2014.09.10,00:00:02.063,1.29409,1.29406,1.5,1.5
2014.09.10,00:00:02.569,1.29409,1.29405,1,2.44
2014.09.10,00:00:03.456,1.29408,1.29405,1,1
2014.09.10,00:00:03.558,1.29406,1.29404,1,1
2014.09.10,00:00:03.711,1.29405,1.29402,1.5,2.25
2014.09.10,00:00:06.483,1.29407,1.29404,6.56,1
2014.09.10,00:00:06.999,1.29407,1.29404,6.94,1
2014.09.10,00:00:07.304,1.29405,1.29404,1.5,1
2014.09.10,00:00:09.086,1.29406,1.29404,1,1
2014.09.10,00:00:16.493,1.29404,1.29402,1,1
2014.09.10,00:00:16.746,1.29402,1.29399,1,2.62
2014.09.10,00:00:16.950,1.29399,1.29396,1,3.39
2014.09.10,00:00:17.254,1.29395,1.29393,2.5,1
2014.09.10,00:00:17.305,1.29394,1.29391,1,1.5
2014.09.10,00:00:17.811,1.29394,1.29392,1,1
2014.09.10,00:00:19.230,1.29394,1.29391,1.12,1
2014.09.10,00:00:23.319,1.29393,1.29391,1,1
2014.09.10,00:00:23.824,1.29393,1.2939,1,1.5
2014.09.10,00:00:26.480,1.29393,1.29389,1.5,2.25
2014.09.10,00:00:26.733,1.29391,1.29388,1.5,1
2014.09.10,00:00:27.037,1.29389,1.29388,1,1
2014.09.10,00:00:27.558,1.29389,1.29387,1,1
2014.09.10,00:00:30.688,1.29388,1.29384,1,1
2014.09.10,00:00:30.790,1.29386,1.29384,1,1
2014.09.10,00:00:30.993,1.29388,1.29384,6.19,1
2014.09.10,00:00:31.523,1.29388,1.29385,3,1
2014.09.10,00:00:32.029,1.29387,1.29384,1,1
2014.09.10,00:00:42.358,1.29386,1.29384,1,1
2014.09.10,00:00:42.984,1.29385,1.29384,1,1
2014.09.10,00:00:43.493,1.29386,1.29384,1,1
2014.09.10,00:00:44.002,1.29387,1.29384,2.25,1
2014.09.10,00:00:44.507,1.29386,1.29384,1,1
2014.09.10,00:00:45.014,1.29387,1.29384,1.69,1
2014.09.10,00:00:47.402,1.29386,1.29384,1,1
2014.09.10,00:00:47.909,1.29387,1.29384,1,1
2014.09.10,00:00:48.428,1.29386,1.29384,1,1
2014.09.10,00:00:48.934,1.29387,1.29384,2.25,1
2014.09.10,00:00:52.443,1.29386,1.29384,1,1
2014.09.10,00:00:53.435,1.29387,1.29384,2.25,1
2014.09.10,00:00:55.529,1.29386,1.29384,1,1
2014.09.10,00:00:55.580,1.29385,1.29382,1,3.19
2014.09.10,00:00:56.087,1.29383,1.29381,1.5,1
2014.09.10,00:00:56.240,1.29381,1.2938,1,1.12
2014.09.10,00:00:56.341,1.29383,1.2938,2.25,1
2014.09.10,00:00:57.556,1.29383,1.29381,2.25,1
2014.09.10,00:01:01.704,1.29383,1.2938,3.45,3.22
2014.09.10,00:01:02.058,1.29383,1.29381,1.5,1
2014.09.10,00:01:02.563,1.29384,1.29382,1,1.5
2014.09.10,00:01:02.868,1.29386,1.29384,1.5,1.37
2014.09.10,00:01:03.171,1.29385,1.29383,4.12,1
2014.09.10,00:01:03.274,1.29385,1.29381,1,2.25
2014.09.10,00:01:03.426,1.29385,1.29383,1.5,1
2014.09.10,00:01:03.477,1.29387,1.29384,1,1
2014.09.10,00:01:03.780,1.29389,1.29384,5.25,1.5
2014.09.10,00:01:03.932,1.29389,1.29386,3.37,1
2014.09.10,00:01:15.664,1.29389,1.29385,1.12,2.25
2014.09.10,00:01:21.566,1.29389,1.29386,1.87,1
2014.09.10,00:01:22.073,1.29388,1.29386,1,1
2014.09.10,00:01:23.842,1.29389,1.29386,3,1
2014.09.10,00:01:24.350,1.29388,1.29386,1,1
2014.09.10,00:01:24.906,1.29389,1.29386,3,1
2014.09.10,00:01:25.786,1.29388,1.29386,1,1.5
2014.09.10,00:01:26.090,1.2939,1.29386,3,2.44
2014.09.10,00:01:26.617,1.29389,1.29386,1.5,1.69
2014.09.10,00:01:27.119,1.29388,1.29386,1,1
2014.09.10,00:01:30.363,1.29387,1.29386,1,1
2014.09.10,00:01:30.778,1.29387,1.29384,1,3
2014.09.10,00:01:32.095,1.29387,1.29385,1,1
2014.09.10,00:01:32.604,1.29386,1.29385,1,1
2014.09.10,00:01:32.858,1.29388,1.29384,4.87,3
2014.09.10,00:01:32.959,1.29386,1.29384,1,3
2014.09.10,00:01:33.464,1.29387,1.29384,1.5,1
2014.09.10,00:01:38.999,1.29386,1.29384,1,1
2014.09.10,00:01:48.190,1.29386,1.29384,1.5,1
2014.09.10,00:01:48.746,1.29385,1.29384,1,1
2014.09.10,00:01:49.256,1.29386,1.29384,1.5,1
2014.09.10,00:01:49.969,1.29385,1.29384,1,1
2014.09.10,00:01:50.476,1.29387,1.29384,2.25,1
2014.09.10,00:01:50.989,1.29386,1.29384,1.5,1
2014.09.10,00:01:51.535,1.29385,1.29384,1,1
2014.09.10,00:01:52.040,1.29386,1.29384,2.25,1
2014.09.10,00:01:52.566,1.29385,1.29384,1,1
2014.09.10,00:01:53.074,1.29386,1.29384,2.25,1
2014.09.10,00:01:53.632,1.29385,1.29384,1,1
2014.09.10,00:01:54.401,1.29386,1.29384,2.25,1
2014.09.10,00:01:54.981,1.29385,1.29384,1,1
2014.09.10,00:01:55.520,1.29386,1.29384,2.25,1
2014.09.10,00:01:56.083,1.29385,1.29384,1,1
2014.09.10,00:01:56.693,1.29386,1.29384,2.25,1
2014.09.10,00:01:57.417,1.29385,1.29384,1,1
2014.09.10,00:01:57.928,1.29386,1.29384,1.5,1
2014.09.10,00:01:58.438,1.29385,1.29384,1,1
2014.09.10,00:01:58.957,1.29386,1.29384,2.25,1
2014.09.10,00:01:59.477,1.29385,1.29384,1,1
2014.09.10,00:02:00.080,1.29386,1.29384,2.25,1
2014.09.10,00:02:01.406,1.29385,1.29384,1,1
2014.09.10,00:02:02.134,1.29386,1.29384,1.5,1
2014.09.10,00:02:02.649,1.29385,1.29384,1,1
2014.09.10,00:02:03.161,1.29386,1.29384,2.25,1
2014.09.10,00:02:03.720,1.29385,1.29384,1,1
2014.09.10,00:02:04.228,1.29386,1.29384,2.25,1
2014.09.10,00:02:05.043,1.29385,1.29384,1,1
2014.09.10,00:02:05.773,1.29386,1.29384,1.5,1
2014.09.10,00:02:06.650,1.29385,1.29384,1,1
2014.09.10,00:02:07.159,1.29386,1.29384,1.5,1
2014.09.10,00:02:07.931,1.29386,1.29384,1,2.25
2014.09.10,00:02:07.982,1.29388,1.29386,3,1
2014.09.10,00:02:20.784,1.29387,1.29385,1,1.12
2014.09.10,00:02:20.835,1.29386,1.29385,2.62,1.5
2014.09.10,00:02:21.442,1.29387,1.29385,6,1
2014.09.10,00:02:21.953,1.29386,1.29385,1.5,1
2014.09.10,00:02:22.464,1.29387,1.29384,3,1.5
2014.09.10,00:02:22.986,1.29387,1.29385,1,1
2014.09.10,00:02:23.492,1.29387,1.29386,1,1
2014.09.10,00:02:31.156,1.29385,1.29384,1,2.25
2014.09.10,00:02:31.307,1.29384,1.29381,1,6
2014.09.10,00:02:31.358,1.29383,1.29381,1,4.5
2014.09.10,00:02:31.713,1.29385,1.29383,2.7,1
2014.09.10,00:02:32.274,1.29385,1.29382,1.5,3
2014.09.10,00:02:32.809,1.29384,1.29382,1.5,1
2014.09.10,00:02:33.318,1.29384,1.29383,1.5,1
2014.09.10,00:02:35.009,1.29383,1.29382,1,1
2014.09.10,00:02:35.870,1.29383,1.29381,1,2.25
2014.09.10,00:02:36.527,1.29382,1.29381,1,1
2014.09.10,00:02:37.083,1.29384,1.29381,8.25,1
2014.09.10,00:02:37.539,1.29381,1.29379,1,1.65
2014.09.10,00:02:37.792,1.29376,1.29374,2.62,1
2014.09.10,00:02:38.299,1.29377,1.29375,1.5,1
2014.09.10,00:02:38.807,1.29378,1.29376,1,1
2014.09.10,00:02:40.727,1.29379,1.29376,1,2.25
2014.09.10,00:02:52.951,1.29379,1.29377,1,1
2014.09.10,00:02:53.456,1.29378,1.29376,1,1.5
2014.09.10,00:02:54.986,1.29379,1.29376,2.25,1.5
2014.09.10,00:02:55.888,1.2938,1.29376,2.62,3
2014.09.10,00:02:57.474,1.2938,1.29376,3.37,5.44
2014.09.10,00:02:58.390,1.2938,1.29376,1.69,3
2014.09.10,00:03:01.688,1.29379,1.29376,1,3.94
2014.09.10,00:03:02.194,1.2938,1.29377,1,1.25
2014.09.10,00:03:02.397,1.29381,1.29379,3.75,1
2014.09.10,00:03:02.499,1.2938,1.29377,1,3.19
2014.09.10,00:03:03.478,1.2938,1.29377,1.5,1.69
2014.09.10,00:03:04.485,1.29379,1.29378,1,1.25
2014.09.10,00:03:05.087,1.2938,1.29378,1.5,1.25
2014.09.10,00:03:06.703,1.2938,1.29377,1.5,1.25
2014.09.10,00:03:08.572,1.2938,1.29378,2.25,1.25
2014.09.10,00:03:13.286,1.2938,1.29379,1.5,1
2014.09.10,00:03:13.792,1.2938,1.29378,1,1.69
2014.09.10,00:03:17.691,1.29379,1.29377,1,1.25
2014.09.10,00:03:17.894,1.2938,1.29378,2.25,1
2014.09.10,00:03:18.209,1.29382,1.29379,2.25,1
2014.09.10,00:03:32.370,1.29383,1.29379,3.75,1
2014.09.10,00:03:33.661,1.29383,1.2938,2.25,1
2014.09.10,00:03:34.742,1.29384,1.29381,4.5,1
2014.09.10,00:03:35.247,1.29383,1.29381,1,1
2014.09.10,00:03:47.374,1.29383,1.29381,1,1.5
2014.09.10,00:03:47.477,1.29385,1.29383,2.25,1
2014.09.10,00:03:47.630,1.29387,1.29385,1.5,1.5
2014.09.10,00:03:47.732,1.29389,1.29387,3.75,1
2014.09.10,00:03:48.645,1.29388,1.29387,1,1
2014.09.10,00:03:49.151,1.29389,1.29387,4.5,1
2014.09.10,00:03:56.164,1.29388,1.29387,1,1
2014.09.10,00:03:56.671,1.29389,1.29387,3.75,1
2014.09.10,00:04:03.119,1.29388,1.29387,1,1
2014.09.10,00:04:03.838,1.29389,1.29387,2.25,1
2014.09.10,00:04:04.145,1.29389,1.29387,1,2.25
2014.09.10,00:04:04.550,1.29392,1.29391,1,1
2014.09.10,00:04:04.652,1.29394,1.29391,1.5,1
2014.09.10,00:04:05.662,1.29393,1.29391,1,1.5
2014.09.10,00:04:06.262,1.29394,1.29391,2.25,1
2014.09.10,00:04:07.078,1.29393,1.29391,1,1.5
2014.09.10,00:04:07.691,1.29394,1.29391,2.25,2.25
2014.09.10,00:04:08.305,1.29393,1.29391,1,3
2014.09.10,00:04:08.833,1.29394,1.29391,1.5,3
2014.09.10,00:04:09.544,1.29394,1.29392,1,1
2014.09.10,00:04:10.056,1.29394,1.29391,1,4.5
2014.09.10,00:04:10.216,1.29394,1.29393,1,1
2014.09.10,00:04:10.369,1.29397,1.29395,1,1
2014.09.10,00:04:10.875,1.29398,1.29396,2.25,1
2014.09.10,00:04:17.880,1.29397,1.29394,1,3.75
2014.09.10,00:04:18.083,1.29396,1.29394,2.25,1
2014.09.10,00:04:18.184,1.29395,1.29392,1.5,3
2014.09.10,00:04:18.286,1.29393,1.29392,1,1
2014.09.10,00:04:18.844,1.29393,1.2939,1,1.05
2014.09.10,00:04:19.098,1.29393,1.29391,1,1
2014.09.10,00:04:19.401,1.29395,1.29393,4.5,1
2014.09.10,00:04:19.909,1.29395,1.29392,1.5,1
2014.09.10,00:04:20.538,1.29396,1.29392,5.25,1
2014.09.10,00:04:21.595,1.29395,1.29392,1,1
2014.09.10,00:04:22.100,1.29396,1.29392,9.04,1
2014.09.10,00:04:22.605,1.29395,1.29392,1.25,1
2014.09.10,00:04:27.459,1.29393,1.29392,1,1
2014.09.10,00:04:27.964,1.29394,1.29392,1,1
2014.09.10,00:04:28.489,1.29393,1.29392,1,1
2014.09.10,00:04:28.998,1.29394,1.29392,1.5,1
2014.09.10,00:04:29.507,1.29393,1.29392,1,1
2014.09.10,00:04:30.011,1.29394,1.29392,1.5,1
2014.09.10,00:04:30.661,1.29393,1.29392,1,1
2014.09.10,00:04:31.282,1.29394,1.29392,1.5,1
2014.09.10,00:04:32.601,1.29393,1.29392,1,1
2014.09.10,00:04:33.125,1.29394,1.29392,1.5,1
2014.09.10,00:04:33.755,1.29393,1.29392,1,1
2014.09.10,00:04:34.318,1.29394,1.29392,1.5,1
2014.09.10,00:04:34.873,1.29393,1.29392,1,1
2014.09.10,00:04:35.392,1.29394,1.29392,1.5,1
2014.09.10,00:04:35.996,1.29392,1.2939,1,2.62
2014.09.10,00:04:36.300,1.29389,1.29387,1,1
2014.09.10,00:04:36.401,1.29388,1.29385,1,1.5
2014.09.10,00:04:36.916,1.29389,1.29386,1,1
2014.09.10,00:04:37.422,1.2939,1.29387,4.69,1
2014.09.10,00:04:38.004,1.29389,1.29387,1,1
2014.09.10,00:04:38.596,1.2939,1.29387,6.79,1
2014.09.10,00:04:39.103,1.29389,1.29387,1,1
2014.09.10,00:04:39.609,1.2939,1.29387,6.79,1
2014.09.10,00:04:40.352,1.29389,1.29387,1,1
2014.09.10,00:04:40.860,1.2939,1.29387,4.5,1
2014.09.10,00:04:41.690,1.29389,1.29387,1,1
2014.09.10,00:04:46.465,1.29389,1.29385,1,3.94
2014.09.10,00:04:46.617,1.29391,1.29388,2.25,1
2014.09.10,00:04:59.775,1.2939,1.29388,1,1.5
2014.09.10,00:05:04.570,1.29391,1.29389,3,1
2014.09.10,00:05:13.303,1.2939,1.29387,1,3.75
2014.09.10,00:05:18.353,1.29391,1.29389,4.69,1
2014.09.10,00:05:21.829,1.29391,1.29387,5.89,1.5
2014.09.10,00:05:22.345,1.29391,1.29389,4.39,1
2014.09.10,00:05:23.053,1.29391,1.29387,1.95,1.69
2014.09.10,00:05:30.018,1.29392,1.2939,2.25,1
2014.09.10,00:05:31.458,1.29393,1.2939,3,1
2014.09.10,00:05:38.138,1.29392,1.2939,1,1
2014.09.10,00:05:38.393,1.29394,1.29392,1,1
2014.09.10,00:05:38.698,1.29397,1.29395,1,1.5
2014.09.10,00:05:39.003,1.29398,1.29397,1,1
2014.09.10,00:05:45.097,1.29397,1.29395,4.12,1.12
2014.09.10,00:05:45.249,1.29395,1.29393,1,1.12
2014.09.10,00:05:45.401,1.29393,1.29392,1,1
2014.09.10,00:05:45.756,1.29393,1.2939,1,2.25
2014.09.10,00:05:46.262,1.29392,1.29389,2.25,1
2014.09.10,00:05:46.920,1.29392,1.29389,4.2,1
2014.09.10,00:05:47.021,1.29392,1.29389,2.25,1
2014.09.10,00:05:47.845,1.29393,1.29389,1.5,1.5
2014.09.10,00:05:48.351,1.29394,1.29389,3.19,2.25
2014.09.10,00:05:49.079,1.29393,1.29389,1,3.19
2014.09.10,00:05:49.304,1.29393,1.29391,1,1
2014.09.10,00:05:49.608,1.29391,1.29389,5.62,1
2014.09.10,00:05:49.709,1.29391,1.29386,8.25,2.44
2014.09.10,00:05:50.443,1.2939,1.29386,1,1.25
2014.09.10,00:05:51.723,1.29389,1.29386,1,1
2014.09.10,00:05:52.027,1.29388,1.29384,1.5,2.25
2014.09.10,00:05:52.550,1.29387,1.29384,1,1.5
2014.09.10,00:05:53.697,1.29386,1.29384,1,1
2014.09.10,00:05:53.848,1.29384,1.29381,1,3
2014.09.10,00:05:54.000,1.29382,1.29381,1,1
2014.09.10,00:05:54.304,1.29384,1.29381,1,1.5
2014.09.10,00:05:54.809,1.29385,1.29381,3.94,1.5
2014.09.10,00:05:55.617,1.29384,1.29381,1,1.5
2014.09.10,00:05:56.227,1.29385,1.29381,3.75,2.25
2014.09.10,00:05:56.430,1.29383,1.2938,1,1.5
2014.09.10,00:05:56.531,1.29381,1.29379,2.62,1
2014.09.10,00:05:56.784,1.2938,1.29377,1.5,1
2014.09.10,00:05:57.327,1.2938,1.29376,4.5,3.19
2014.09.10,00:05:59.483,1.2938,1.29377,4.5,1
2014.09.10,00:06:05.962,1.29379,1.29377,1,1
2014.09.10,00:06:07.291,1.2938,1.29377,3.75,1
2014.09.10,00:06:34.679,1.29379,1.29377,1,1.5
2014.09.10,00:06:35.185,1.29378,1.29377,1,1.5
2014.09.10,00:06:35.694,1.29379,1.29377,1.5,1.5
2014.09.10,00:06:36.410,1.29378,1.29377,1,1.5
2014.09.10,00:06:36.920,1.29379,1.29377,1,3.94
2014.09.10,00:06:37.437,1.2938,1.29377,1,3.19
2014.09.10,00:06:43.013,1.2938,1.29378,1,1
2014.09.10,00:06:43.519,1.29381,1.2938,1,1.5
2014.09.10,00:06:43.823,1.29386,1.29383,5.25,2.5
2014.09.10,00:06:44.027,1.29388,1.29386,2.25,1
2014.09.10,00:06:44.179,1.29392,1.29388,1,1
2014.09.10,00:06:44.230,1.29393,1.2939,4.5,1
2014.09.10,00:06:44.382,1.29393,1.29391,1,1
2014.09.10,00:06:44.585,1.29396,1.29394,1,1
2014.09.10,00:06:44.687,1.29397,1.29394,4.5,2.5
2014.09.10,00:06:44.839,1.29394,1.29392,1,1.5
2014.09.10,00:06:45.345,1.29392,1.29389,2.5,3
2014.09.10,00:06:45.396,1.29391,1.2939,2.25,1.5
2014.09.10,00:06:45.548,1.2939,1.29387,5.12,2.25
2014.09.10,00:06:45.599,1.29388,1.29387,1,1.5
2014.09.10,00:06:46.105,1.29387,1.29386,1,1.5
2014.09.10,00:06:46.637,1.29389,1.29386,1.5,1.5
2014.09.10,00:06:47.345,1.29388,1.29386,1,2.25
2014.09.10,00:06:48.035,1.29389,1.29386,1.5,2.25
2014.09.10,00:06:48.546,1.29388,1.29386,1,2.25
2014.09.10,00:06:49.161,1.29389,1.29386,2.25,2.25
2014.09.10,00:06:49.414,1.29387,1.29386,1,2.25
2014.09.10,00:06:50.135,1.29387,1.29385,1,2.62
2014.09.10,00:06:50.492,1.29385,1.29384,1,2.25
2014.09.10,00:06:50.999,1.29384,1.29382,1,1.5
2014.09.10,00:06:51.304,1.29381,1.29379,4.87,1
2014.09.10,00:06:51.710,1.29381,1.29378,1.69,1.5
2014.09.10,00:06:51.761,1.29381,1.2938,1.87,1
2014.09.10,00:06:51.965,1.29384,1.29382,1,1
2014.09.10,00:06:52.016,1.29386,1.29383,8.25,1
2014.09.10,00:06:52.069,1.29386,1.29385,1.5,1
2014.09.10,00:06:52.171,1.29388,1.29385,1,1.5
2014.09.10,00:06:52.221,1.29388,1.29387,1,1
2014.09.10,00:06:52.728,1.29389,1.29387,1,3.75
2014.09.10,00:06:53.083,1.29391,1.2939,1,2.25
2014.09.10,00:06:53.235,1.29395,1.29392,1,2.5
2014.09.10,00:06:55.207,1.29395,1.29392,1.5,1.5
2014.09.10,00:06:55.735,1.29394,1.29392,1,1
2014.09.10,00:06:56.241,1.29393,1.29392,1,1
2014.09.10,00:06:56.784,1.29392,1.29391,1,1
2014.09.10,00:06:57.655,1.29393,1.29392,1,1
2014.09.10,00:06:58.161,1.29393,1.29391,1.5,1
2014.09.10,00:07:01.036,1.29393,1.2939,1,3.15
2014.09.10,00:07:01.463,1.29393,1.29392,1,1
2014.09.10,00:07:02.630,1.29394,1.29392,1.5,1
2014.09.10,00:07:03.284,1.29393,1.29391,1,1
2014.09.10,00:07:19.214,1.29392,1.2939,1,1.5
2014.09.10,00:07:20.406,1.29392,1.29389,1.25,2.25
2014.09.10,00:07:20.659,1.2939,1.29389,1,1
2014.09.10,00:07:22.780,1.2939,1.29388,1.5,1
2014.09.10,00:07:22.830,1.2939,1.29386,1.5,2.25
2014.09.10,00:07:23.337,1.29389,1.29386,1,2.25
2014.09.10,00:07:24.385,1.29391,1.29386,3.37,2.25
2014.09.10,00:07:24.892,1.29391,1.29386,2.62,3
2014.09.10,00:07:26.196,1.29391,1.29386,3.37,3
2014.09.10,00:07:27.206,1.29391,1.29386,2.62,2.25
2014.09.10,00:07:27.846,1.29391,1.29386,3.37,2.25
2014.09.10,00:07:28.431,1.29391,1.29386,5.62,1
2014.09.10,00:07:28.944,1.2939,1.29386,1.25,1
2014.09.10,00:07:34.960,1.2939,1.29386,3.19,1
2014.09.10,00:07:36.379,1.2939,1.29386,1.25,1
2014.09.10,00:07:41.179,1.2939,1.29386,3.19,1
2014.09.10,00:07:41.483,1.29391,1.29387,3.75,2.25
2014.09.10,00:07:44.838,1.29391,1.29388,2.25,1
2014.09.10,00:07:56.899,1.2939,1.29388,1,1
2014.09.10,00:07:57.410,1.29391,1.29388,1.5,1
2014.09.10,00:08:01.279,1.29391,1.29387,2.25,3.75
2014.09.10,00:08:01.886,1.2939,1.29387,1.12,1
2014.09.10,00:08:02.391,1.29391,1.29387,5.47,1
2014.09.10,00:08:02.898,1.2939,1.29387,1,1.5
2014.09.10,00:08:06.235,1.2939,1.29388,1.35,1
2014.09.10,00:08:06.741,1.2939,1.29387,1,2.25
2014.09.10,00:08:07.247,1.29391,1.29387,3.67,2.25
2014.09.10,00:08:08.318,1.2939,1.29387,1,2.25
2014.09.10,00:08:08.951,1.29391,1.29387,3.67,2.25
2014.09.10,00:08:09.457,1.2939,1.29387,1,3.75
2014.09.10,00:08:12.929,1.29391,1.29387,5.17,2.25
2014.09.10,00:08:13.554,1.29391,1.29387,5.17,3
2014.09.10,00:08:14.150,1.29391,1.29388,4.98,1.25
2014.09.10,00:08:20.261,1.29389,1.29387,1,3.94
2014.09.10,00:08:20.768,1.29389,1.29387,1,3.94
2014.09.10,00:08:21.499,1.29389,1.29387,1,3.94
2014.09.10,00:08:22.129,1.29389,1.29388,1,1
2014.09.10,00:08:22.483,1.29391,1.29388,1.15,2.25
2014.09.10,00:08:22.941,1.2939,1.29388,1,3.94
2014.09.10,00:08:23.145,1.29391,1.29388,1.15,3.94
2014.09.10,00:08:23.247,1.29391,1.29389,1.15,1
2014.09.10,00:08:23.783,1.29391,1.29389,1.41,1
2014.09.10,00:08:24.316,1.29391,1.2939,1.15,1
2014.09.10,00:08:27.742,1.29393,1.2939,1,1.5
2014.09.10,00:08:27.894,1.29394,1.29392,2.25,1.5
2014.09.10,00:08:28.198,1.29396,1.29393,1.12,1
2014.09.10,00:08:28.300,1.29397,1.29395,1.5,3.75
2014.09.10,00:08:28.806,1.29398,1.29396,1.5,1.5
2014.09.10,00:08:29.312,1.29398,1.29397,2.25,1
2014.09.10,00:08:29.615,1.294,1.29397,2.62,1
2014.09.10,00:08:30.625,1.294,1.29398,3,1
2014.09.10,00:08:30.676,1.294,1.29399,3,1
2014.09.10,00:08:30.778,1.29402,1.294,1.5,3.94
2014.09.10,00:08:30.928,1.29404,1.29402,1,1.5
2014.09.10,00:08:31.441,1.29403,1.29401,1,3.19
2014.09.10,00:08:31.492,1.29405,1.29403,3.37,1.5
2014.09.10,00:08:32.162,1.29404,1.29402,1,1.69
2014.09.10,00:08:33.041,1.29404,1.29403,1,1.5
2014.09.10,00:08:47.454,1.29403,1.29401,1,3.75
2014.09.10,00:08:48.713,1.29403,1.29402,1,1.5
2014.09.10,00:08:49.218,1.29404,1.29402,1,1.5
2014.09.10,00:08:52.927,1.29404,1.29401,2.25,1
2014.09.10,00:08:53.230,1.29401,1.294,1,2.25
2014.09.10,00:08:56.048,1.29402,1.294,1,1.5
2014.09.10,00:08:56.554,1.29403,1.294,1.5,3.75
2014.09.10,00:09:01.414,1.29405,1.294,8.86,5.25
2014.09.10,00:09:03.159,1.29405,1.29402,3.06,1
2014.09.10,00:09:03.564,1.29408,1.29404,3,1
2014.09.10,00:09:03.716,1.29409,1.29407,1.25,1
2014.09.10,00:09:04.221,1.2941,1.29407,1,1
2014.09.10,00:09:04.754,1.2941,1.29408,1,1
2014.09.10,00:09:05.259,1.29411,1.29408,1.12,1.5
2014.09.10,00:09:05.760,1.2941,1.29408,1,1.5
2014.09.10,00:09:06.316,1.29411,1.29408,1.87,1.5
2014.09.10,00:09:06.854,1.29411,1.29408,1.37,1.5
2014.09.10,00:09:07.359,1.29411,1.29408,1.12,1.5
2014.09.10,00:09:08.020,1.2941,1.29408,1,1.5
2014.09.10,00:09:08.581,1.29411,1.29408,1.12,1.5
2014.09.10,00:09:09.349,1.2941,1.29408,1,1.5
2014.09.10,00:09:12.737,1.2941,1.29409,1,1
2014.09.10,00:09:12.838,1.29413,1.29411,1.5,1
2014.09.10,00:09:12.940,1.29415,1.29412,3.94,1.5
2014.09.10,00:09:13.193,1.29416,1.29414,7.31,1
2014.09.10,00:09:13.295,1.29416,1.29412,5.06,2.25
2014.09.10,00:09:13.827,1.29415,1.29412,3,1.5
2014.09.10,00:09:16.383,1.29414,1.29412,1,2.25
2014.09.10,00:09:21.552,1.29414,1.29413,1,1
2014.09.10,00:09:26.878,1.29414,1.29412,1,1.5
2014.09.10,00:09:29.133,1.29415,1.29412,4.5,1.5
2014.09.10,00:09:32.812,1.29414,1.29412,1,2.25
2014.09.10,00:09:33.318,1.29415,1.29409,3,6.94
2014.09.10,00:09:33.622,1.29415,1.29411,4.87,1
2014.09.10,00:09:34.186,1.29415,1.2941,4.5,4.5
2014.09.10,00:09:34.731,1.29415,1.2941,6.94,4.5
2014.09.10,00:09:35.243,1.29415,1.2941,6,3.75
2014.09.10,00:09:35.601,1.29413,1.2941,1,3
2014.09.10,00:09:35.905,1.29411,1.2941,1,1
2014.09.10,00:09:36.449,1.29412,1.2941,1.25,1
2014.09.10,00:09:38.293,1.29412,1.2941,1.69,1
2014.09.10,00:09:38.597,1.2941,1.29405,13.69,2.62
2014.09.10,00:09:38.648,1.29407,1.29406,2.25,1
2014.09.10,00:09:38.749,1.29405,1.29402,1,4.5
2014.09.10,00:09:38.801,1.29406,1.29404,5.06,1
2014.09.10,00:09:39.155,1.29405,1.29403,1,1.5
2014.09.10,00:09:39.256,1.29404,1.29403,1,1.5
2014.09.10,00:09:40.680,1.29404,1.29401,1,4.5
2014.09.10,00:09:41.948,1.29404,1.29403,1,1
2014.09.10,00:09:43.271,1.29407,1.29403,6.75,2.5
2014.09.10,00:09:43.575,1.29412,1.2941,1,1.14
2014.09.10,00:09:43.626,1.29414,1.29412,1.69,1.5
2014.09.10,00:09:43.778,1.29415,1.29414,1.5,1
2014.09.10,00:09:43.880,1.29416,1.29413,4.5,2.25
2014.09.10,00:09:44.285,1.29416,1.29411,2.57,3
2014.09.10,00:09:44.538,1.29415,1.29409,7.69,6.75
2014.09.10,00:09:44.740,1.29413,1.29409,1,6
2014.09.10,00:09:45.044,1.29412,1.29408,2.47,3.75
2014.09.10,00:09:45.399,1.2941,1.29408,1.57,1.5
2014.09.10,00:09:45.652,1.29414,1.29411,1.69,1
2014.09.10,00:09:46.159,1.29415,1.29412,5.01,2.25
2014.09.10,00:09:47.011,1.29415,1.29412,7.26,2.25
2014.09.10,00:09:47.558,1.29415,1.29412,7.63,2.25
2014.09.10,00:09:48.073,1.29414,1.29412,1,2.25
2014.09.10,00:09:48.480,1.29413,1.2941,1,2.06
2014.09.10,00:09:49.512,1.29412,1.2941,1,2.25
2014.09.10,00:09:49.816,1.29409,1.29407,4.5,1
2014.09.10,00:09:49.969,1.29406,1.29404,2.87,1
2014.09.10,00:09:50.779,1.29406,1.29404,4.12,1
2014.09.10,00:09:51.589,1.29405,1.29404,1.12,1
2014.09.10,00:09:52.095,1.29404,1.29402,1,3
2014.09.10,00:09:52.599,1.29403,1.29402,1,1.5
2014.09.10,00:09:52.903,1.29401,1.29399,1,1
2014.09.10,00:09:53.359,1.294,1.29395,7.75,7.87
2014.09.10,00:09:53.461,1.29399,1.29396,1,4.5
2014.09.10,00:09:53.562,1.29398,1.29396,1,3
2014.09.10,00:09:53.866,1.29399,1.29397,1,1
2014.09.10,00:09:57.720,1.29401,1.29397,1.56,2.25
2014.09.10,00:09:57.771,1.29402,1.29397,4,2.25
2014.09.10,00:09:58.278,1.29401,1.294,1.08,1
2014.09.10,00:09:58.785,1.29403,1.29401,1.5,1.5
2014.09.10,00:10:07.755,1.29404,1.29401,1,1.5
2014.09.10,00:10:32.496,1.29403,1.29401,1,1.5
2014.09.10,00:10:39.880,1.29404,1.29401,1.25,1.5
2014.09.10,00:11:07.195,1.29405,1.29402,1.25,1
2014.09.10,00:11:07.499,1.29409,1.29406,1,3
2014.09.10,00:11:07.701,1.2941,1.29409,1.5,1
2014.09.10,00:11:08.727,1.29412,1.2941,1.5,1
2014.09.10,00:11:09.265,1.29411,1.29409,1,1
2014.09.10,00:11:14.060,1.29412,1.29409,1,3.75
2014.09.10,00:11:14.263,1.29413,1.29412,1.5,1
2014.09.10,00:11:14.465,1.29413,1.2941,1,3.75
2014.09.10,00:11:16.042,1.29414,1.2941,1.5,5.25
2014.09.10,00:11:16.548,1.29413,1.2941,1,4.5
2014.09.10,00:11:17.055,1.29414,1.2941,1.5,3.75
2014.09.10,00:11:17.560,1.29413,1.2941,1,5.25
2014.09.10,00:11:18.093,1.29414,1.2941,1.5,4.5
2014.09.10,00:11:18.603,1.29413,1.2941,1,4.5
2014.09.10,00:11:19.199,1.29414,1.2941,1.5,3.75
2014.09.10,00:11:19.460,1.29414,1.29412,1,1
2014.09.10,00:11:19.967,1.29415,1.29411,1.87,3.75
2014.09.10,00:11:21.427,1.29414,1.29411,1,4.5
2014.09.10,00:11:21.735,1.29414,1.29413,1,1
2014.09.10,00:11:21.938,1.29414,1.29411,1,4.5
2014.09.10,00:11:22.144,1.29414,1.29413,1,1
2014.09.10,00:11:22.656,1.29415,1.29412,2.35,1.5
2014.09.10,00:11:23.949,1.29415,1.29413,2.35,1
2014.09.10,00:11:24.833,1.29414,1.29413,1,1
2014.09.10,00:11:25.844,1.29414,1.29412,1,1.5
2014.09.10,00:11:26.747,1.29416,1.29414,6.19,1
2014.09.10,00:11:42.382,1.29416,1.29414,1.6,1
2014.09.10,00:11:42.888,1.29415,1.29413,1.22,2.25
2014.09.10,00:12:02.061,1.29416,1.29414,7.12,1
2014.09.10,00:12:02.567,1.29415,1.29413,1.5,3.37
2014.09.10,00:12:03.074,1.29416,1.29414,7.5,1
2014.09.10,00:12:03.756,1.29415,1.29413,1.5,4.12
2014.09.10,00:12:04.672,1.29416,1.29414,7.12,1
2014.09.10,00:12:05.201,1.29415,1.29413,1.5,4.12
2014.09.10,00:12:05.708,1.29416,1.29414,7.31,1
2014.09.10,00:12:06.400,1.29415,1.29413,1.5,4.12
2014.09.10,00:12:07.024,1.29416,1.29414,7.31,1
2014.09.10,00:12:07.600,1.29415,1.29413,1.5,4.12
2014.09.10,00:12:08.380,1.29416,1.29414,6.56,1
2014.09.10,00:12:08.923,1.29415,1.29413,3,4.12
2014.09.10,00:12:09.469,1.29416,1.29414,6.37,1
2014.09.10,00:12:10.049,1.29416,1.29413,6.37,3.37
2014.09.10,00:12:10.578,1.29416,1.29414,6.56,1
2014.09.10,00:12:11.424,1.29416,1.29413,6.56,3.37
2014.09.10,00:12:11.929,1.29416,1.29414,5.81,1
2014.09.10,00:12:12.485,1.29417,1.29415,2.25,1
2014.09.10,00:12:12.991,1.29416,1.29414,1.5,1
2014.09.10,00:12:13.538,1.29415,1.29413,1,2.62
2014.09.10,00:12:25.214,1.29416,1.29415,1,1
2014.09.10,00:12:25.721,1.29416,1.29413,3.75,2.25
2014.09.10,00:12:25.823,1.29417,1.29415,3,1.87
2014.09.10,00:12:26.329,1.29418,1.29415,1,5.66
2014.09.10,00:12:26.769,1.2942,1.29416,6.56,1
2014.09.10,00:12:26.972,1.2942,1.29418,2.25,1
2014.09.10,00:12:27.276,1.29422,1.2942,1,1.5
2014.09.10,00:12:27.327,1.29424,1.2942,1,3
2014.09.10,00:12:27.428,1.29425,1.29423,1.5,1
2014.09.10,00:12:27.734,1.29429,1.29425,1.5,6.75
2014.09.10,00:12:28.277,1.29429,1.29426,1,1
2014.09.10,00:12:28.788,1.29429,1.29425,1,7.31
2014.09.10,00:12:29.141,1.29429,1.29427,1,1
2014.09.10,00:12:29.446,1.29432,1.2943,1.5,1
2014.09.10,00:12:31.932,1.29431,1.2943,1,1.5
2014.09.10,00:12:33.043,1.29432,1.2943,3,1.5
2014.09.10,00:12:34.061,1.2943,1.29428,3.25,1.5
2014.09.10,00:12:34.365,1.29427,1.29425,6,1
2014.09.10,00:12:34.569,1.29426,1.29424,1.37,2.25
2014.09.10,00:12:38.321,1.29424,1.29422,1,1.5
2014.09.10,00:12:38.373,1.29423,1.29422,1,2.25
2014.09.10,00:12:38.727,1.29423,1.2942,1,3.75
2014.09.10,00:12:39.233,1.29423,1.29421,1,1
2014.09.10,00:12:40.487,1.29423,1.2942,1,3
2014.09.10,00:12:46.067,1.29423,1.29419,1,4.5
2014.09.10,00:12:59.546,1.29425,1.29422,4.5,1
2014.09.10,00:12:59.799,1.29424,1.2942,1,3
2014.09.10,00:13:00.364,1.29424,1.29421,1,1.5
2014.09.10,00:13:00.878,1.29424,1.2942,1,4.5
2014.09.10,00:13:01.700,1.29424,1.29422,1,1.5
2014.09.10,00:13:03.414,1.29424,1.2942,1,2.25
2014.09.10,00:13:03.617,1.29424,1.29422,1,1
2014.09.10,00:13:04.123,1.29424,1.2942,1,3.37
2014.09.10,00:13:04.376,1.29424,1.29422,1,1
2014.09.10,00:13:04.681,1.29429,1.29426,1.5,1.5
2014.09.10,00:13:04.884,1.29431,1.29427,4.5,1
2014.09.10,00:13:05.392,1.2943,1.29427,1.69,3
2014.09.10,00:13:05.949,1.2943,1.29428,1,1
2014.09.10,00:13:06.704,1.29431,1.29428,1.25,1.5
2014.09.10,00:13:09.285,1.29431,1.29429,1,1
2014.09.10,00:13:09.437,1.29433,1.29431,1.69,1
2014.09.10,00:13:09.942,1.29435,1.29432,4.87,1.5
2014.09.10,00:13:10.688,1.29433,1.29432,1,1.5
2014.09.10,00:13:12.660,1.29434,1.29432,1.5,1.5
2014.09.10,00:13:14.682,1.29433,1.29432,1,1.5
2014.09.10,00:13:15.247,1.29434,1.29432,1.5,1.5
2014.09.10,00:13:18.317,1.29435,1.29432,6.19,1.5
2014.09.10,00:13:19.175,1.29435,1.29431,6.19,1
2014.09.10,00:13:19.867,1.29434,1.29431,1,1
2014.09.10,00:13:20.373,1.29435,1.29431,7.69,1
2014.09.10,00:13:21.082,1.29434,1.29431,1,1
2014.09.10,00:13:21.608,1.29435,1.29431,5.44,1
2014.09.10,00:13:22.708,1.29434,1.29431,1,2.25
2014.09.10,00:13:23.236,1.29435,1.29431,1.25,4.12
2014.09.10,00:13:24.565,1.29434,1.29431,1,4.87
2014.09.10,00:13:25.672,1.29434,1.29432,1,1
2014.09.10,00:13:26.316,1.29434,1.29431,1,4.12
2014.09.10,00:13:28.645,1.29434,1.29432,1,1
2014.09.10,00:13:30.727,1.29434,1.29431,1,2.25
2014.09.10,00:13:33.163,1.29436,1.29433,2.25,1
2014.09.10,00:13:33.214,1.29436,1.29434,1,2.25
2014.09.10,00:13:33.280,1.29436,1.29433,1,1.5
2014.09.10,00:13:33.434,1.29437,1.29436,1,1
2014.09.10,00:13:33.485,1.29438,1.29436,1,1
2014.09.10,00:13:33.891,1.29437,1.29435,5.62,3.37
2014.09.10,00:13:34.297,1.29435,1.29433,1,2.62
2014.09.10,00:13:34.850,1.29437,1.29434,4.69,1
2014.09.10,00:13:37.077,1.29436,1.29434,3,1.5
2014.09.10,00:13:37.230,1.29438,1.29435,1.5,5.25
2014.09.10,00:13:37.736,1.29438,1.29436,1,1.5
2014.09.10,00:13:38.040,1.2944,1.29436,3.94,2.25
2014.09.10,00:13:38.792,1.29439,1.29436,1,2.25
2014.09.10,00:13:40.283,1.29438,1.29436,1.5,2.25
2014.09.10,00:13:40.435,1.29437,1.29436,1,1
2014.09.10,00:13:40.486,1.29435,1.29434,1.87,1
2014.09.10,00:13:40.639,1.29434,1.29432,1,3
2014.09.10,00:13:40.892,1.29435,1.29433,1.69,1
2014.09.10,00:13:40.943,1.29435,1.29433,2.44,1
2014.09.10,00:13:41.197,1.29434,1.29432,1,1
2014.09.10,00:13:41.753,1.29435,1.29432,1.25,1.5
2014.09.10,00:13:42.742,1.29434,1.29432,1,1.5
2014.09.10,00:13:43.277,1.29436,1.29434,1,1
2014.09.10,00:13:43.529,1.29438,1.29435,1.5,1
2014.09.10,00:13:44.035,1.29438,1.29434,3,3
2014.09.10,00:13:44.238,1.29437,1.29434,1,1.5
2014.09.10,00:13:44.340,1.29435,1.29434,1,1
2014.09.10,00:13:44.391,1.29435,1.29432,1.12,2.25
2014.09.10,00:13:44.948,1.29435,1.29434,1,1
2014.09.10,00:13:45.050,1.29435,1.29432,1,2.25
2014.09.10,00:13:45.101,1.29436,1.29434,2.36,1
2014.09.10,00:13:45.203,1.29438,1.29435,3.75,1
2014.09.10,00:13:45.456,1.29439,1.29437,1,1
2014.09.10,00:13:45.709,1.29441,1.29436,2.25,3.75
2014.09.10,00:13:46.272,1.2944,1.29436,1.87,4.5
2014.09.10,00:13:46.687,1.29441,1.29438,2.06,1
2014.09.10,00:13:47.221,1.29441,1.29438,2.06,1
2014.09.10,00:13:47.726,1.29441,1.29438,2.06,1
2014.09.10,00:13:48.245,1.29441,1.29438,1.62,1
2014.09.10,00:13:48.821,1.29441,1.29438,1.31,1
2014.09.10,00:13:49.876,1.29441,1.29438,1.62,1
2014.09.10,00:13:50.382,1.29441,1.29438,1.12,1.5
2014.09.10,00:13:50.775,1.29439,1.29438,1,1
2014.09.10,00:13:50.827,1.29441,1.29438,1.87,1
2014.09.10,00:13:50.878,1.29439,1.29437,1,1.69
2014.09.10,00:13:50.980,1.29441,1.29437,1.12,1.69
2014.09.10,00:13:51.688,1.29441,1.29437,1.87,1.25
2014.09.10,00:13:52.450,1.2944,1.29438,1.5,1
2014.09.10,00:13:52.602,1.29443,1.29439,7.69,1
2014.09.10,00:13:53.918,1.29443,1.29439,3.19,1
2014.09.10,00:13:54.070,1.29441,1.29438,1,3.19
2014.09.10,00:13:54.576,1.29442,1.29438,2.25,2.44
2014.09.10,00:13:55.927,1.2944,1.29438,1,1.5
2014.09.10,00:13:56.231,1.29441,1.29439,1.5,2.5
2014.09.10,00:13:56.282,1.29441,1.2944,1.5,1
2014.09.10,00:13:56.434,1.29443,1.2944,2.25,1
2014.09.10,00:13:58.808,1.29444,1.2944,1.5,1.5
2014.09.10,00:13:59.315,1.29445,1.29441,8.06,1.5
2014.09.10,00:13:59.855,1.29445,1.29441,7.31,1
2014.09.10,00:14:00.490,1.29445,1.29441,7.12,1
2014.09.10,00:14:01.135,1.29444,1.29441,1,1
2014.09.10,00:14:01.641,1.29444,1.2944,1,1.5
2014.09.10,00:14:05.805,1.29445,1.2944,8.44,1
2014.09.10,00:14:07.746,1.29445,1.29443,4.5,1.5
2014.09.10,00:14:07.847,1.29445,1.29442,1,1
2014.09.10,00:14:07.899,1.29445,1.29444,1,1
2014.09.10,00:14:12.435,1.29446,1.29444,3.37,1
2014.09.10,00:14:13.041,1.29445,1.29444,1,1
2014.09.10,00:14:13.548,1.29446,1.29443,4.5,1
2014.09.10,00:14:14.054,1.29446,1.29443,3.75,1
2014.09.10,00:14:14.616,1.29446,1.29443,3.75,1
2014.09.10,00:14:15.135,1.29445,1.29443,1,1
2014.09.10,00:14:16.250,1.29444,1.29443,1,1
2014.09.10,00:14:17.528,1.29445,1.29443,1,1
2014.09.10,00:14:23.325,1.29445,1.29444,1.5,1
2014.09.10,00:14:33.234,1.29446,1.29444,10.69,1
2014.09.10,00:14:33.741,1.29445,1.29444,1,1
2014.09.10,00:14:34.248,1.29446,1.29443,5.81,1.5
2014.09.10,00:14:34.753,1.29445,1.29443,1,1.5
2014.09.10,00:14:35.356,1.29446,1.29443,5.81,1.5
2014.09.10,00:14:35.765,1.29446,1.29444,3.56,1
2014.09.10,00:14:35.866,1.29445,1.29443,1,1.5
2014.09.10,00:14:42.474,1.29447,1.29443,8.18,2.25
2014.09.10,00:14:42.627,1.29446,1.29445,1,1
2014.09.10,00:14:42.779,1.29448,1.29445,1.69,3
2014.09.10,00:14:52.263,1.29447,1.29445,1,3
2014.09.10,00:14:52.773,1.29449,1.29445,4.5,4.12
2014.09.10,00:14:57.611,1.29447,1.29445,5.62,2.25
2014.09.10,00:14:58.116,1.29447,1.29444,1,1.5
2014.09.10,00:14:58.622,1.29446,1.29444,3.75,1
2014.09.10,00:14:58.926,1.29443,1.29442,1,1
2014.09.10,00:14:58.997,1.29443,1.2944,1,2.25
2014.09.10,00:14:59.100,1.29441,1.29439,1.5,2.25
2014.09.10,00:14:59.303,1.2944,1.29437,2.25,1
2014.09.10,00:14:59.607,1.29441,1.29439,4.12,1
2014.09.10,00:15:00.114,1.29442,1.29439,1,1
2014.09.10,00:15:00.624,1.29441,1.29439,1,1
2014.09.10,00:15:01.136,1.29443,1.29439,4.5,1
2014.09.10,00:15:01.703,1.29443,1.29438,2.25,3
2014.09.10,00:15:01.855,1.29442,1.2944,4.5,1
2014.09.10,00:15:02.211,1.2944,1.29439,1,1
2014.09.10,00:15:07.971,1.29441,1.29439,3.19,1
2014.09.10,00:15:08.477,1.2944,1.29439,1,1
2014.09.10,00:15:08.628,1.29442,1.29439,1.25,1
2014.09.10,00:15:09.593,1.29443,1.29439,1.5,1.5
2014.09.10,00:15:12.381,1.29444,1.29439,3.19,2.25
2014.09.10,00:15:12.887,1.29445,1.2944,8.06,1.5
2014.09.10,00:15:16.034,1.29445,1.29441,2.44,1
2014.09.10,00:15:16.237,1.29445,1.29443,2.62,1
2014.09.10,00:15:16.895,1.29446,1.29443,5.06,1
2014.09.10,00:15:17.426,1.29445,1.29443,1.12,1
2014.09.10,00:15:17.931,1.29446,1.29444,2.62,1
2014.09.10,00:15:18.436,1.29445,1.29443,1.5,1.5
2014.09.10,00:15:18.943,1.29445,1.29444,1,1
2014.09.10,00:15:21.629,1.29446,1.29445,1.12,1.5
2014.09.10,00:15:21.781,1.29448,1.29446,1.5,1
2014.09.10,00:15:22.287,1.29449,1.29446,2.25,1
2014.09.10,00:15:23.163,1.29449,1.29445,3,3
2014.09.10,00:15:23.681,1.29449,1.29446,1,1.5
2014.09.10,00:15:25.977,1.29449,1.29447,1,1
2014.09.10,00:15:26.487,1.29449,1.29446,1,1
2014.09.10,00:15:35.454,1.29449,1.29447,1,1
2014.09.10,00:15:38.075,1.29449,1.29447,1.5,1
2014.09.10,00:15:38.228,1.29452,1.2945,3,1.5
2014.09.10,00:15:38.380,1.29454,1.29452,1,1
2014.09.10,00:15:38.481,1.29456,1.29454,13.69,1
2014.09.10,00:15:38.987,1.29455,1.29452,5.25,1
2014.09.10,00:15:39.816,1.29456,1.29454,11.06,1
2014.09.10,00:15:40.322,1.29456,1.29452,11.06,1
2014.09.10,00:15:40.575,1.29455,1.29453,6,1
2014.09.10,00:15:41.081,1.29456,1.29453,10.31,1
2014.09.10,00:15:41.594,1.29455,1.29453,5.25,1
2014.09.10,00:15:44.375,1.29454,1.29453,1,1
2014.09.10,00:15:45.288,1.29455,1.29453,3.75,1
2014.09.10,00:15:49.690,1.29454,1.29453,1.25,1
2014.09.10,00:15:50.258,1.29455,1.29453,4.69,1
2014.09.10,00:15:51.746,1.29454,1.29453,1.25,1
2014.09.10,00:15:52.258,1.29455,1.29453,3,1
2014.09.10,00:15:52.763,1.29456,1.29454,8.06,1
2014.09.10,00:15:53.270,1.29455,1.29453,1.31,1
2014.09.10,00:16:00.256,1.29456,1.29453,9.37,1
2014.09.10,00:16:00.834,1.29455,1.29453,2.25,1
2014.09.10,00:16:02.264,1.29456,1.29453,10.87,1.5
2014.09.10,00:16:02.784,1.29455,1.29453,2.25,1.5
2014.09.10,00:16:03.289,1.29456,1.29453,4.5,1.5
2014.09.10,00:16:03.593,1.29457,1.29455,4.87,1
2014.09.10,00:16:04.099,1.29457,1.29454,3.75,1
2014.09.10,00:16:04.201,1.29456,1.29453,1.12,2.25
2014.09.10,00:16:04.354,1.29454,1.29453,1,1.5
2014.09.10,00:16:04.556,1.29456,1.29453,1.5,1.5
2014.09.10,00:16:05.118,1.29456,1.29453,4.5,1
2014.09.10,00:16:05.655,1.29454,1.29453,1,1
2014.09.10,00:16:07.563,1.29455,1.29453,3.37,1
2014.09.10,00:16:19.083,1.29454,1.29452,1,1
2014.09.10,00:16:19.185,1.29453,1.29451,1,1.5
2014.09.10,00:16:23.573,1.29453,1.29452,1,1
2014.09.10,00:16:23.674,1.29455,1.29453,3,1
2014.09.10,00:16:23.725,1.29455,1.29454,1,1
2014.09.10,00:16:24.629,1.29454,1.29452,1,2.25
2014.09.10,00:16:25.244,1.29454,1.29453,1,1
2014.09.10,00:16:25.974,1.29454,1.29452,1.5,1
2014.09.10,00:16:26.227,1.29453,1.2945,1.5,1.12
2014.09.10,00:16:26.328,1.29453,1.29451,1.5,1
2014.09.10,00:16:26.638,1.29449,1.29447,1,1
2014.09.10,00:16:26.690,1.29448,1.29445,2.25,1
2014.09.10,00:16:27.199,1.29449,1.29446,1,1.5
2014.09.10,00:16:27.907,1.29449,1.29445,1,7.5
2014.09.10,00:16:28.413,1.29449,1.29446,1,1
2014.09.10,00:16:28.918,1.2945,1.29446,2.25,1
2014.09.10,00:16:30.661,1.29449,1.29445,1,3.75
2014.09.10,00:16:31.166,1.2945,1.29445,3,4.5
2014.09.10,00:16:32.077,1.2945,1.29447,2.66,1.5
2014.09.10,00:16:32.381,1.29451,1.2945,1,1.5
2014.09.10,00:16:32.886,1.29452,1.2945,1.5,1.5
2014.09.10,00:16:39.949,1.29453,1.29449,3.75,1
2014.09.10,00:16:40.453,1.29452,1.29449,1.87,1
2014.09.10,00:16:42.838,1.29452,1.29449,1.41,1
2014.09.10,00:16:43.456,1.29452,1.29449,1.41,1
2014.09.10,00:16:43.968,1.29452,1.29449,1.41,1
2014.09.10,00:16:44.819,1.29452,1.29449,1.41,1
2014.09.10,00:16:45.325,1.29453,1.29449,1.5,2.25
2014.09.10,00:16:45.830,1.29454,1.29449,6.56,2.25
2014.09.10,00:16:46.338,1.29453,1.29449,1,2.77
2014.09.10,00:16:46.865,1.29454,1.29449,4.31,2.77
2014.09.10,00:16:47.371,1.29454,1.29449,4.31,2.77
2014.09.10,00:16:48.694,1.29454,1.29449,6.56,2.77
2014.09.10,00:16:48.896,1.29453,1.29451,1,1
2014.09.10,00:16:49.758,1.29454,1.29451,2.25,1
2014.09.10,00:16:51.133,1.29453,1.29449,1.5,2.44
2014.09.10,00:16:51.638,1.29454,1.29449,5.44,2.25
2014.09.10,00:16:52.144,1.29454,1.2945,5.06,1
2014.09.10,00:16:52.687,1.29453,1.29449,1,1.5
2014.09.10,00:16:53.205,1.29454,1.2945,3.37,1
2014.09.10,00:17:00.522,1.29454,1.29449,3.94,2.25
2014.09.10,00:17:01.887,1.29454,1.2945,1.5,1
2014.09.10,00:17:02.444,1.29453,1.29449,1,2.31
2014.09.10,00:17:04.167,1.29454,1.29451,1.5,1
2014.09.10,00:17:04.674,1.29455,1.29451,3.94,1
2014.09.10,00:17:09.989,1.29454,1.2945,1.5,5.25
2014.09.10,00:17:10.799,1.29455,1.29451,2.44,1
2014.09.10,00:17:11.337,1.29455,1.29451,4.5,1
2014.09.10,00:17:13.401,1.29455,1.2945,2.25,3.75
2014.09.10,00:17:13.906,1.29455,1.29451,1.5,1
2014.09.10,00:17:14.210,1.29458,1.29455,1.5,1
2014.09.10,00:17:14.262,1.29459,1.29456,7.5,1.5
2014.09.10,00:17:14.363,1.29459,1.29458,2.25,1
2014.09.10,00:17:14.516,1.29461,1.29458,1.12,1
2014.09.10,00:17:14.617,1.29462,1.2946,4.12,1
2014.09.10,00:17:14.719,1.29464,1.2946,3.19,2.25
2014.09.10,00:17:14.848,1.29464,1.29462,2.25,1
2014.09.10,00:17:15.357,1.29465,1.29463,1.87,1
2014.09.10,00:17:15.872,1.29465,1.29463,1,1
2014.09.10,00:17:16.480,1.29465,1.29462,1.87,1.5
2014.09.10,00:17:19.671,1.29463,1.2946,4.31,1.12
2014.09.10,00:17:19.773,1.29461,1.29459,4.12,3
2014.09.10,00:17:19.976,1.29463,1.29461,2.25,1
2014.09.10,00:17:20.128,1.29463,1.29459,3,3.75
2014.09.10,00:17:20.431,1.29464,1.29461,1,1.5
2014.09.10,00:17:20.937,1.29463,1.29461,1,1.5
2014.09.10,00:17:21.190,1.29465,1.29461,6.19,1.5
2014.09.10,00:17:21.241,1.29463,1.29461,1,1.5
2014.09.10,00:17:22.537,1.29463,1.2946,3,1
2014.09.10,00:17:23.043,1.29462,1.2946,1,1
2014.09.10,00:17:25.531,1.29463,1.2946,1.5,1
2014.09.10,00:17:28.417,1.29462,1.2946,1,2.25
2014.09.10,00:17:28.968,1.29463,1.2946,1.25,1.5
2014.09.10,00:17:31.598,1.29464,1.2946,2.44,1.5
2014.09.10,00:17:32.205,1.29464,1.29461,1.69,1.5
2014.09.10,00:17:47.829,1.29463,1.29461,1,1
2014.09.10,00:17:50.020,1.29464,1.29461,2.25,1
2014.09.10,00:17:51.651,1.29463,1.29461,1,1
2014.09.10,00:17:52.157,1.29464,1.29461,3,1
2014.09.10,00:17:53.455,1.29463,1.29461,1,1
2014.09.10,00:17:54.051,1.29464,1.29461,1,1
2014.09.10,00:17:56.098,1.29463,1.29461,1,1
2014.09.10,00:17:56.622,1.29464,1.29461,1.5,1
2014.09.10,00:18:05.357,1.29464,1.29462,3,1
2014.09.10,00:18:05.928,1.29464,1.29461,2.25,2.25
2014.09.10,00:18:06.668,1.29464,1.29462,2.25,1
2014.09.10,00:18:07.281,1.29464,1.29461,2.25,1.5
2014.09.10,00:18:08.048,1.29465,1.29461,3.75,2.25
2014.09.10,00:18:08.556,1.29464,1.29462,1,1.5
2014.09.10,00:18:09.162,1.29464,1.29461,1,1.5
2014.09.10,00:18:09.866,1.29464,1.29462,1.5,1
2014.09.10,00:18:10.402,1.29464,1.29461,1,3
2014.09.10,00:18:10.908,1.29464,1.29462,1.5,1
2014.09.10,00:18:11.414,1.29464,1.29461,1.5,2.25
2014.09.10,00:18:11.949,1.29464,1.29462,2.25,1
2014.09.10,00:18:12.465,1.29464,1.29461,1.5,2.25
2014.09.10,00:18:13.304,1.29464,1.29462,1,1
2014.09.10,00:18:13.507,1.29468,1.29465,3.75,1.5
2014.09.10,00:18:14.013,1.29467,1.29465,3,1
2014.09.10,00:18:14.165,1.29465,1.29464,1,1.5
2014.09.10,00:18:14.368,1.29464,1.29462,1,1.5
2014.09.10,00:18:14.975,1.29464,1.29463,2.25,1
2014.09.10,00:18:15.480,1.29464,1.29462,2.25,1
2014.09.10,00:18:15.784,1.29463,1.2946,1,1.5
2014.09.10,00:18:16.584,1.29463,1.29461,1,1
2014.09.10,00:18:17.090,1.29463,1.2946,1,1.91
2014.09.10,00:18:17.608,1.29463,1.29461,1,1
2014.09.10,00:18:18.114,1.29463,1.2946,1,1.5
2014.09.10,00:18:18.884,1.29463,1.29461,1,1
2014.09.10,00:18:19.415,1.29464,1.29461,2.44,1.5
2014.09.10,00:18:19.618,1.29464,1.29463,1,1
2014.09.10,00:18:19.921,1.29467,1.29464,5.62,1.5
2014.09.10,00:18:20.023,1.29468,1.29464,1,1.5
2014.09.10,00:18:20.429,1.29466,1.29465,1,1
2014.09.10,00:18:20.936,1.29466,1.29464,4.05,1
2014.09.10,00:18:24.993,1.29466,1.29465,1.5,1.5
2014.09.10,00:18:25.460,1.29468,1.29466,2.62,1.5
2014.09.10,00:18:26.572,1.29467,1.29464,1,4.69
2014.09.10,00:18:26.775,1.29467,1.29464,1,1.5
2014.09.10,00:18:27.230,1.29468,1.29467,1.12,1
2014.09.10,00:18:27.736,1.29469,1.29467,4.12,1
2014.09.10,00:18:30.225,1.29469,1.29465,7.12,2.62
2014.09.10,00:18:30.327,1.29467,1.29465,1,1
2014.09.10,00:18:31.745,1.29467,1.29464,1.5,1
2014.09.10,00:18:32.050,1.29464,1.29462,1,1
2014.09.10,00:18:32.557,1.29464,1.29461,1.25,1.5
2014.09.10,00:18:33.731,1.29463,1.29461,1.5,1
2014.09.10,00:18:34.237,1.29463,1.2946,2.25,1.5
2014.09.10,00:18:35.824,1.29464,1.2946,2.44,2.25
2014.09.10,00:18:49.986,1.29464,1.29462,1.5,1
2014.09.10,00:18:50.290,1.29466,1.29464,1.5,1.5
2014.09.10,00:18:50.695,1.29467,1.29465,1,1
2014.09.10,00:18:51.201,1.29467,1.29466,3.75,1
2014.09.10,00:18:51.403,1.29466,1.29464,6,1.5
2014.09.10,00:18:51.908,1.29465,1.29464,1,1.5
2014.09.10,00:18:52.414,1.29466,1.29464,3.75,1
2014.09.10,00:18:52.515,1.29467,1.29465,4.5,1
2014.09.10,00:18:52.819,1.29467,1.29464,3.75,1
2014.09.10,00:18:53.459,1.29466,1.29464,1,1
2014.09.10,00:18:53.971,1.29467,1.29464,4.5,1
2014.09.10,00:18:54.894,1.29466,1.29464,1,1
2014.09.10,00:18:55.508,1.29467,1.29464,4.5,1
2014.09.10,00:18:56.025,1.29466,1.29464,1,1
2014.09.10,00:18:56.529,1.29467,1.29464,4.5,1
2014.09.10,00:18:57.303,1.29466,1.29464,1,1
2014.09.10,00:18:57.838,1.29467,1.29464,4.5,1
2014.09.10,00:18:59.634,1.29466,1.29464,1,1
2014.09.10,00:19:00.347,1.29467,1.29464,5.25,1
2014.09.10,00:19:01.393,1.29466,1.29464,1.5,1
2014.09.10,00:19:01.930,1.29467,1.29464,5.25,1
2014.09.10,00:19:02.459,1.29466,1.29464,1.5,1
2014.09.10,00:19:02.979,1.29467,1.29464,5.25,1
2014.09.10,00:19:03.758,1.29466,1.29464,1.5,1
2014.09.10,00:19:04.269,1.29467,1.29464,4.5,1
2014.09.10,00:19:04.952,1.29466,1.29464,1.5,1
2014.09.10,00:19:05.479,1.29467,1.29464,3.94,1
2014.09.10,00:19:06.797,1.29466,1.29464,1.5,1
2014.09.10,00:19:11.521,1.29465,1.29464,1,1
2014.09.10,00:19:12.028,1.29465,1.29463,1.69,1
2014.09.10,00:19:13.619,1.29464,1.29463,1.5,1
2014.09.10,00:19:15.156,1.29465,1.29463,4.5,1
2014.09.10,00:19:17.406,1.29465,1.29462,5.44,1
2014.09.10,00:19:17.932,1.29464,1.29462,1,1
2014.09.10,00:19:18.858,1.29463,1.29462,1,1
2014.09.10,00:19:20.050,1.29465,1.29462,4.87,1
2014.09.10,00:19:22.656,1.29464,1.29462,1,1
2014.09.10,00:19:23.431,1.29465,1.29462,4.5,1
2014.09.10,00:19:23.992,1.29464,1.29462,1,1
2014.09.10,00:19:24.509,1.29465,1.29462,7.12,1
2014.09.10,00:19:25.387,1.29464,1.29462,1,1
2014.09.10,00:19:26.011,1.29465,1.29462,6.94,1.5
2014.09.10,00:19:27.521,1.29464,1.29462,1,1
2014.09.10,00:19:28.135,1.29465,1.29462,4.5,1
2014.09.10,00:19:29.671,1.29464,1.29462,1,1
2014.09.10,00:19:30.204,1.29465,1.29462,4.69,1
2014.09.10,00:19:30.911,1.29464,1.29462,1,1
2014.09.10,00:19:31.501,1.29465,1.29462,5.25,1
2014.09.10,00:19:32.159,1.29464,1.29462,1,1
2014.09.10,00:19:32.664,1.29465,1.29462,4.69,1
2014.09.10,00:19:33.473,1.29464,1.29462,1,1
2014.09.10,00:19:34.268,1.29465,1.29462,4.69,1
2014.09.10,00:19:35.108,1.29464,1.29462,1,1
2014.09.10,00:19:35.620,1.29465,1.29462,6.56,1.5
2014.09.10,00:19:36.324,1.29464,1.29462,1,1.5
2014.09.10,00:19:36.848,1.29465,1.29462,4.69,1.5
2014.09.10,00:19:37.238,1.29463,1.29462,1,1.5
2014.09.10,00:19:37.949,1.29464,1.29462,1,1
2014.09.10,00:19:38.494,1.29465,1.29462,4.69,1
2014.09.10,00:19:38.949,1.29463,1.29462,1,1
2014.09.10,00:19:39.254,1.29465,1.29463,1.87,1
2014.09.10,00:19:39.774,1.29464,1.29463,1,1
2014.09.10,00:20:12.778,1.29465,1.29463,4.69,1
2014.09.10,00:20:13.367,1.29464,1.29461,1.5,1.5
2014.09.10,00:20:13.875,1.29465,1.29463,5.81,1
2014.09.10,00:20:14.382,1.29464,1.29461,1.5,1.5
2014.09.10,00:20:14.788,1.29464,1.29461,3,1.5
2014.09.10,00:20:15.294,1.29463,1.29461,2.25,1
2014.09.10,00:20:21.644,1.29462,1.29461,1,1
2014.09.10,00:20:22.464,1.29463,1.29461,2.25,1
2014.09.10,00:20:24.928,1.29464,1.29461,4.69,1
2014.09.10,00:20:41.199,1.29468,1.29463,4.5,4.37
2014.09.10,00:20:41.250,1.29469,1.29467,1,8.25
2014.09.10,00:20:41.403,1.2947,1.29469,2.25,4.12
2014.09.10,00:20:41.454,1.29472,1.29471,1,1.5
2014.09.10,00:20:41.607,1.29474,1.29471,1,2.25
2014.09.10,00:20:50.416,1.29473,1.29471,1,1
2014.09.10,00:20:50.568,1.29472,1.29469,1,3
2014.09.10,00:20:51.076,1.29473,1.29469,1.69,1
2014.09.10,00:20:55.407,1.29474,1.29469,4.69,1.25
2014.09.10,00:20:55.508,1.29472,1.2947,1,1
2014.09.10,00:20:56.023,1.29472,1.29469,1,1.25
2014.09.10,00:20:56.532,1.29472,1.2947,1,1
2014.09.10,00:20:57.043,1.29472,1.29469,1,1
2014.09.10,00:21:00.087,1.29474,1.29471,1,1
2014.09.10,00:21:00.595,1.29474,1.29472,1.5,1
2014.09.10,00:21:02.480,1.29475,1.29472,1.31,1
2014.09.10,00:21:03.062,1.29474,1.29472,1,1
2014.09.10,00:21:03.265,1.29473,1.2947,1.5,1.5
2014.09.10,00:21:04.023,1.29474,1.2947,3,1.5
2014.09.10,00:21:04.564,1.29473,1.2947,1,1.5
2014.09.10,00:21:09.045,1.29473,1.29471,1,1
2014.09.10,00:21:09.197,1.29475,1.29472,1.5,2.25
2014.09.10,00:21:09.702,1.29476,1.29472,2.81,1
2014.09.10,00:21:10.207,1.29476,1.29471,9.56,4.69
2014.09.10,00:21:11.016,1.29476,1.29472,4.57,1
2014.09.10,00:21:11.724,1.29476,1.29471,9.37,3.94
2014.09.10,00:21:12.239,1.29476,1.29472,5.51,1
2014.09.10,00:21:12.745,1.29476,1.29471,3.19,3.94
2014.09.10,00:21:13.553,1.29475,1.29471,1,2.25
2014.09.10,00:21:25.054,1.29474,1.29471,1,3.75
2014.09.10,00:21:25.592,1.29474,1.2947,1.5,2.25
2014.09.10,00:21:32.488,1.29474,1.29472,2.25,1.5
2014.09.10,00:21:36.377,1.29473,1.29472,1,1.5
2014.09.10,00:21:36.529,1.29475,1.29472,2.44,1.5
2014.09.10,00:21:36.681,1.29473,1.29472,1,1.5
2014.09.10,00:21:37.669,1.29474,1.29472,1.5,1.5
2014.09.10,00:21:38.175,1.29475,1.29471,3,1
2014.09.10,00:21:38.782,1.29474,1.29471,1,1
2014.09.10,00:21:39.287,1.29475,1.2947,4.31,1.67
2014.09.10,00:21:41.156,1.29474,1.29471,1,1
2014.09.10,00:21:42.748,1.29473,1.29471,1,1
2014.09.10,00:21:43.334,1.29475,1.29471,7.31,1
2014.09.10,00:21:43.977,1.29475,1.29472,1.69,1
2014.09.10,00:21:44.497,1.29475,1.29471,7.31,3
2014.09.10,00:21:52.310,1.29475,1.29472,4.5,1
2014.09.10,00:22:02.165,1.29474,1.29472,1,1
2014.09.10,00:22:02.670,1.29475,1.29472,7.31,1
2014.09.10,00:22:04.593,1.29475,1.29471,1.69,1.5
2014.09.10,00:22:05.975,1.29474,1.29471,1.5,1.5
2014.09.10,00:22:06.493,1.29474,1.29472,1,1
2014.09.10,00:22:07.008,1.29475,1.29472,6.19,1
2014.09.10,00:22:11.114,1.29476,1.29472,15.94,1
2014.09.10,00:22:11.501,1.29475,1.29474,1.5,1
2014.09.10,00:22:11.603,1.29478,1.29475,4.5,4.5
2014.09.10,00:22:12.120,1.29479,1.29475,3.75,7.69
2014.09.10,00:22:12.630,1.29479,1.29476,2.25,2.25
2014.09.10,00:22:13.142,1.2948,1.29476,8.25,2.25
2014.09.10,00:22:13.676,1.29479,1.29476,2.25,3
2014.09.10,00:22:14.987,1.2948,1.29476,6,2.25
2014.09.10,00:22:15.493,1.29479,1.29476,2.25,3
2014.09.10,00:22:16.000,1.2948,1.29476,6,2.25
2014.09.10,00:22:16.417,1.2948,1.29478,4.5,1
2014.09.10,00:22:16.924,1.29482,1.2948,1,2.25
2014.09.10,00:22:17.075,1.29483,1.29482,1,1
2014.09.10,00:22:17.127,1.29485,1.29482,4.5,1.5
2014.09.10,00:22:17.178,1.29485,1.29484,1.5,1
2014.09.10,00:22:17.684,1.29486,1.29483,11.44,1
2014.09.10,00:22:17.836,1.29485,1.29481,3,1
2014.09.10,00:22:18.495,1.29485,1.29481,5.25,2.25
2014.09.10,00:22:19.000,1.29485,1.29481,6.75,6
2014.09.10,00:22:19.607,1.29485,1.29482,4.5,1
2014.09.10,00:22:19.709,1.29486,1.29484,6.19,1
2014.09.10,00:22:19.810,1.29485,1.29483,6.75,1.5
2014.09.10,00:22:20.468,1.29486,1.29484,5.81,1
2014.09.10,00:22:21.452,1.29485,1.29484,4.87,1
2014.09.10,00:22:22.347,1.29485,1.29482,5.25,1.5
2014.09.10,00:22:22.854,1.29485,1.29481,3,2.25
2014.09.10,00:22:31.201,1.29485,1.29482,1.25,1.5
2014.09.10,00:22:31.303,1.29485,1.29484,1.87,1.5
2014.09.10,00:22:31.404,1.29487,1.29485,1,1.5
2014.09.10,00:22:31.658,1.29489,1.29485,3.94,1.5
2014.09.10,00:22:32.163,1.29489,1.29486,1.25,1.5
2014.09.10,00:22:33.022,1.29489,1.29487,1,1
2014.09.10,00:22:33.528,1.2949,1.29488,1.12,1
2014.09.10,00:22:33.680,1.29493,1.2949,2.25,1
2014.09.10,00:22:33.884,1.29494,1.29492,1.69,1
2014.09.10,00:22:34.491,1.29495,1.29492,5.25,1
2014.09.10,00:22:37.119,1.29494,1.29491,1,1
2014.09.10,00:22:37.631,1.29495,1.29491,4.69,1.5
2014.09.10,00:22:39.323,1.29495,1.29492,10.12,1
2014.09.10,00:22:40.844,1.29495,1.29491,4.42,2.25
2014.09.10,00:22:42.552,1.29495,1.29492,4.5,1
2014.09.10,00:22:43.058,1.29494,1.29492,1,1.5
2014.09.10,00:22:43.732,1.29494,1.29491,1,2.44
2014.09.10,00:22:45.825,1.29495,1.29491,3,3.19
2014.09.10,00:22:48.265,1.29495,1.29492,3.37,1
2014.09.10,00:22:49.391,1.29496,1.29492,7.12,1
2014.09.10,00:22:49.901,1.29495,1.29492,3,2.25
2014.09.10,00:22:50.166,1.29497,1.29494,3.75,2.5
2014.09.10,00:22:50.319,1.29498,1.29497,1.5,2.25
2014.09.10,00:22:50.370,1.29498,1.29497,1,2.25
2014.09.10,00:22:50.471,1.295,1.29498,4.5,4
2014.09.10,00:22:50.674,1.29502,1.29498,1.5,4.69
2014.09.10,00:22:50.826,1.29503,1.29501,1,1
2014.09.10,00:22:50.979,1.29505,1.29502,3,1.5
2014.09.10,00:22:51.838,1.29506,1.29502,6,5.25
2014.09.10,00:22:52.343,1.29506,1.29502,4.12,3.75
2014.09.10,00:22:52.865,1.29506,1.29503,7.12,1
2014.09.10,00:22:53.371,1.29505,1.29503,1,1
2014.09.10,00:22:53.891,1.29506,1.29503,3.75,1
2014.09.10,00:22:54.245,1.29506,1.29504,6.37,1
2014.09.10,00:22:54.701,1.29506,1.29503,3.37,3.75
2014.09.10,00:22:55.249,1.29506,1.29503,5.62,1
2014.09.10,00:22:55.756,1.29505,1.29502,1,2.25
2014.09.10,00:22:56.877,1.29506,1.29502,5.81,1.5
2014.09.10,00:22:57.412,1.29505,1.29502,1,1.5
2014.09.10,00:22:58.221,1.29506,1.29502,7.31,1.5
2014.09.10,00:22:58.834,1.29505,1.29502,1.87,1.5
2014.09.10,00:23:00.261,1.29506,1.29502,3.94,2.25
2014.09.10,00:23:00.774,1.29505,1.29502,1,2.25
2014.09.10,00:23:01.391,1.29506,1.29502,5.44,2.25
2014.09.10,00:23:02.108,1.29505,1.29502,1,2.25
2014.09.10,00:23:02.722,1.29506,1.29502,5.44,2.25
2014.09.10,00:23:03.431,1.29505,1.29502,1,2.25
2014.09.10,00:23:08.022,1.29506,1.29503,4.87,1
2014.09.10,00:23:08.225,1.29507,1.29505,2.25,1.5
2014.09.10,00:23:08.832,1.29506,1.29505,3,1
2014.09.10,00:23:08.984,1.29506,1.29503,1.5,1.69
2014.09.10,00:23:09.489,1.29505,1.29502,1.5,1.56
2014.09.10,00:23:12.504,1.29506,1.29502,6.75,1
2014.09.10,00:23:13.022,1.29505,1.29502,1,1
2014.09.10,00:23:13.535,1.29504,1.29502,1.59,1
2014.09.10,00:23:14.041,1.29505,1.29502,1.5,1
2014.09.10,00:23:14.798,1.29505,1.29501,1.5,2.25
2014.09.10,00:23:15.354,1.29506,1.29504,4.87,1.5
2014.09.10,00:23:15.455,1.29507,1.29506,1,1
2014.09.10,00:23:15.557,1.29509,1.29506,2.25,1
2014.09.10,00:23:15.708,1.29507,1.29505,2.62,1.5
2014.09.10,00:23:15.911,1.29506,1.29503,1.5,1.5
2014.09.10,00:23:16.063,1.29506,1.29505,1.87,1.5
2014.09.10,00:23:16.165,1.29508,1.29505,3,3
2014.09.10,00:23:16.722,1.29509,1.29506,1.5,1
2014.09.10,00:23:17.227,1.29509,1.29505,1.5,4.5
2014.09.10,00:23:18.339,1.29509,1.29507,1,1
2014.09.10,00:23:18.870,1.29513,1.2951,1.87,1.5
2014.09.10,00:23:19.024,1.29511,1.29508,1,2.25
2014.09.10,00:23:19.126,1.29509,1.29507,1,2.44
2014.09.10,00:23:19.634,1.29508,1.29505,1,5.44
2014.09.10,00:23:20.145,1.29509,1.29506,1.12,1.19
2014.09.10,00:23:21.462,1.29509,1.29506,1.12,1.69
2014.09.10,00:23:23.917,1.2951,1.29505,1.87,4.69
2014.09.10,00:23:24.423,1.2951,1.29505,1.87,5.81
2014.09.10,00:23:25.131,1.29509,1.29505,2.25,1.5
2014.09.10,00:23:25.436,1.29507,1.29504,1.5,1
2014.09.10,00:23:25.740,1.29506,1.29502,3.45,1.56
2014.09.10,00:23:25.791,1.29506,1.29502,5.62,1.5
2014.09.10,00:23:26.456,1.29505,1.29502,1.12,1
2014.09.10,00:23:26.964,1.29506,1.29503,3,1
2014.09.10,00:23:27.470,1.29506,1.29504,4.87,1
2014.09.10,00:23:28.005,1.29506,1.29503,2.25,1
2014.09.10,00:23:28.512,1.29506,1.29502,1.87,2.25
2014.09.10,00:23:29.018,1.29506,1.29503,4.12,1
2014.09.10,00:23:29.534,1.29505,1.29503,1,1.5
2014.09.10,00:23:30.081,1.29505,1.29504,1,1
2014.09.10,00:23:30.716,1.29505,1.29503,1,1
2014.09.10,00:23:31.279,1.29506,1.29503,1.87,1
2014.09.10,00:23:31.895,1.29506,1.29504,4.87,1
2014.09.10,00:23:32.703,1.29506,1.29501,3,6.96
2014.09.10,00:23:33.229,1.29506,1.29502,3.94,3
2014.09.10,00:23:33.844,1.29506,1.29503,11.06,1
2014.09.10,00:23:34.397,1.29506,1.29502,7.31,3
2014.09.10,00:23:34.904,1.29505,1.29502,3.75,1.56
2014.09.10,00:23:35.519,1.29505,1.29503,3.94,1
2014.09.10,00:23:36.044,1.29505,1.29502,3.94,2.31
2014.09.10,00:23:36.603,1.29505,1.29503,5.25,1
2014.09.10,00:23:37.109,1.29506,1.29502,10.12,1.5
2014.09.10,00:23:37.631,1.29505,1.29502,1.5,3
2014.09.10,00:23:38.495,1.29506,1.29502,10.5,2.25
2014.09.10,00:23:39.013,1.29505,1.29503,3.75,1
2014.09.10,00:23:39.521,1.29506,1.29502,9,2.25
2014.09.10,00:23:40.031,1.29505,1.29502,1.5,1.5
2014.09.10,00:23:40.695,1.29506,1.29502,9,1.5
2014.09.10,00:23:41.202,1.29505,1.29503,3,1
2014.09.10,00:23:41.715,1.29506,1.29502,8.25,3
2014.09.10,00:23:42.271,1.29505,1.29502,1,2.25
2014.09.10,00:23:42.813,1.29506,1.29502,8.44,2.25
2014.09.10,00:23:43.319,1.29505,1.29502,2.25,2.25
2014.09.10,00:23:43.824,1.29505,1.29503,2.25,1
2014.09.10,00:23:44.572,1.29506,1.29503,7.5,1
2014.09.10,00:23:45.078,1.29506,1.29503,7.5,1
2014.09.10,00:23:45.583,1.29506,1.29502,7.75,1.5
2014.09.10,00:23:46.089,1.29506,1.29502,9,1
2014.09.10,00:23:46.634,1.29506,1.29502,9,1
2014.09.10,00:23:48.014,1.29506,1.29502,9,1
2014.09.10,00:23:48.527,1.29505,1.29502,1.5,1.5
2014.09.10,00:23:49.340,1.29506,1.29502,9,1
2014.09.10,00:23:49.850,1.29505,1.29502,1.5,1.5
2014.09.10,00:23:50.416,1.29506,1.29502,9,1
2014.09.10,00:23:50.927,1.29505,1.29502,1,1
2014.09.10,00:23:51.444,1.29506,1.29502,9,1
2014.09.10,00:23:51.955,1.29505,1.29502,1.5,1.5
2014.09.10,00:23:53.181,1.29506,1.29502,8.25,1
2014.09.10,00:23:53.743,1.29506,1.29502,7.12,1
2014.09.10,00:23:54.264,1.29506,1.29502,7.12,1
2014.09.10,00:23:54.777,1.29505,1.29502,1.5,1
2014.09.10,00:23:55.355,1.29506,1.29502,7.12,1
2014.09.10,00:23:56.422,1.29505,1.29502,1.5,1.5
2014.09.10,00:23:57.219,1.29506,1.29502,7.12,1
2014.09.10,00:23:57.769,1.29505,1.29502,1.5,3
2014.09.10,00:23:59.080,1.29506,1.29502,9,2.25
2014.09.10,00:23:59.587,1.29505,1.29501,3,1.08
2014.09.10,00:24:01.545,1.29505,1.29502,6.19,1
2014.09.10,00:24:02.056,1.29505,1.29501,3.19,1.08
2014.09.10,00:24:02.562,1.29503,1.295,3.75,1
2014.09.10,00:24:02.714,1.29501,1.29497,1,3
2014.09.10,00:24:03.170,1.29499,1.29495,1,6.94
2014.09.10,00:24:03.372,1.29501,1.29497,3.75,1
2014.09.10,00:24:03.726,1.29502,1.29499,2.44,1
2014.09.10,00:24:05.001,1.29501,1.29499,1,1.5
2014.09.10,00:24:05.305,1.295,1.29498,1,3
2014.09.10,00:24:05.831,1.29499,1.29497,1,2.25
2014.09.10,00:24:06.855,1.29501,1.29497,2.25,1.5
2014.09.10,00:24:07.362,1.29501,1.29496,1,4.69
2014.09.10,00:24:07.514,1.29499,1.29496,1,4.69
2014.09.10,00:24:08.038,1.29499,1.29497,1,1
2014.09.10,00:24:09.204,1.29499,1.29496,1,3
2014.09.10,00:24:09.710,1.29499,1.29497,1,1
2014.09.10,00:24:10.215,1.29499,1.29496,1,3
2014.09.10,00:24:10.722,1.29499,1.29497,1,1
2014.09.10,00:24:10.823,1.29501,1.295,1.5,1.5
2014.09.10,00:24:10.924,1.29503,1.295,3,1.5
2014.09.10,00:24:11.480,1.29502,1.295,1,1.5
2014.09.10,00:24:11.985,1.29501,1.29499,1,1
2014.09.10,00:24:12.087,1.29499,1.29497,1,1.5
2014.09.10,00:24:12.391,1.29496,1.29494,2.12,3
2014.09.10,00:24:12.543,1.29495,1.29492,3,1
2014.09.10,00:24:12.594,1.29493,1.29492,1.5,1
2014.09.10,00:24:12.747,1.29492,1.29489,1,7.69
2014.09.10,00:24:13.253,1.29493,1.2949,2.25,1.25
2014.09.10,00:24:13.956,1.29492,1.2949,1,1
2014.09.10,00:24:14.465,1.29493,1.29489,3.75,2.7
2014.09.10,00:24:16.208,1.29493,1.2949,4.5,1
2014.09.10,00:24:17.797,1.29493,1.29491,1.5,1.5
2014.09.10,00:24:17.899,1.29495,1.29493,3,1
2014.09.10,00:24:18.052,1.29496,1.29495,1,1.5
2014.09.10,00:24:18.810,1.29496,1.29494,2.5,1
2014.09.10,00:24:19.316,1.29496,1.29495,1,1.5
2014.09.10,00:24:20.429,1.29498,1.29495,2.25,1.5
2014.09.10,00:24:20.936,1.29499,1.29495,1.5,4.5
2014.09.10,00:24:21.139,1.29499,1.29497,1.5,1
2014.09.10,00:24:21.342,1.29501,1.29498,1,1.5
2014.09.10,00:24:22.000,1.29501,1.29499,1,1
2014.09.10,00:24:22.531,1.29501,1.29498,1,1.69
2014.09.10,00:24:23.049,1.29501,1.29499,1.5,1
2014.09.10,00:24:23.566,1.29501,1.29497,1,4.69
2014.09.10,00:24:24.149,1.29501,1.29497,1,3.94
2014.09.10,00:24:24.709,1.29501,1.29498,1,1
2014.09.10,00:24:25.256,1.29501,1.29497,1,3.94
2014.09.10,00:24:25.868,1.29501,1.29498,1,1
2014.09.10,00:24:26.685,1.29501,1.29497,1,3.19
2014.09.10,00:24:27.500,1.29501,1.29498,1,1
2014.09.10,00:24:28.009,1.29501,1.29497,1,3.19
2014.09.10,00:24:28.624,1.29501,1.29498,1,1.19
2014.09.10,00:24:29.763,1.29501,1.29498,1,1
2014.09.10,00:24:30.322,1.29501,1.29497,1,2.44
2014.09.10,00:24:30.859,1.29501,1.29498,1,1
2014.09.10,00:24:31.365,1.29501,1.29497,1,2.44
2014.09.10,00:24:31.974,1.29501,1.29498,1,1
2014.09.10,00:24:32.516,1.29501,1.29497,1,2.44
2014.09.10,00:24:32.820,1.29501,1.29499,1,3
2014.09.10,00:24:33.426,1.29502,1.29499,1.5,4.5
2014.09.10,00:24:34.033,1.29502,1.29498,1.5,2.25
2014.09.10,00:24:34.573,1.29502,1.29498,1.5,3.19
2014.09.10,00:24:37.186,1.29502,1.29498,1.5,1.5
2014.09.10,00:24:38.364,1.29502,1.29498,1.5,2.44
2014.09.10,00:24:38.769,1.295,1.29498,2.25,2.44
2014.09.10,00:24:38.871,1.295,1.29496,5.25,1.69
2014.09.10,00:24:39.376,1.29498,1.29495,1,2.44
2014.09.10,00:24:40.084,1.29497,1.29495,1,1
2014.09.10,00:24:40.590,1.29496,1.29494,1,1.87
2014.09.10,00:24:41.061,1.29498,1.29494,4.5,1.87
2014.09.10,00:24:42.361,1.29497,1.29494,1,1.5
2014.09.10,00:24:42.462,1.29495,1.29493,2.25,1
2014.09.10,00:24:42.564,1.29494,1.2949,1,5.25
2014.09.10,00:24:43.071,1.29492,1.29489,2.25,1.5
2014.09.10,00:24:52.237,1.29491,1.29489,1,1.5
2014.09.10,00:24:52.743,1.29491,1.2949,1,1
2014.09.10,00:24:54.285,1.29492,1.2949,1,1
2014.09.10,00:24:55.563,1.29491,1.2949,1,1
2014.09.10,00:24:57.244,1.29493,1.2949,1,1
2014.09.10,00:24:57.345,1.29493,1.29492,1,1
2014.09.10,00:24:57.649,1.29495,1.29493,2.62,1.5
2014.09.10,00:24:57.851,1.29498,1.29496,1,2.25
2014.09.10,00:24:57.903,1.295,1.29498,1.5,1
2014.09.10,00:24:58.106,1.29502,1.295,1.5,2.25
2014.09.10,00:24:58.157,1.29504,1.29502,1.87,1.5
2014.09.10,00:24:58.208,1.29505,1.29502,3,3
2014.09.10,00:24:59.887,1.29505,1.29501,4.5,2.25
2014.09.10,00:25:03.891,1.29504,1.29501,1,1.69
2014.09.10,00:25:06.494,1.29504,1.29502,1,1
2014.09.10,00:25:06.596,1.29506,1.29503,3.75,1
2014.09.10,00:25:06.749,1.29507,1.29505,1.5,1
2014.09.10,00:25:06.851,1.29509,1.29506,2.25,1.5
2014.09.10,00:25:07.356,1.29508,1.29506,1,1.5
2014.09.10,00:25:08.101,1.29512,1.29508,1,2.25
2014.09.10,00:25:08.152,1.29512,1.2951,1,1
2014.09.10,00:25:08.507,1.29512,1.29508,1,2.25
2014.09.10,00:25:09.012,1.29514,1.29508,4.69,5.25
2014.09.10,00:25:09.214,1.29514,1.29508,5.44,5.25
2014.09.10,00:25:09.761,1.29514,1.29509,5.69,1
2014.09.10,00:25:12.172,1.29514,1.29508,5.5,5.44
2014.09.10,00:25:13.071,1.29514,1.29509,6,1
2014.09.10,00:25:13.579,1.29513,1.29508,1,5.44
2014.09.10,00:25:14.084,1.29513,1.29509,1,1
2014.09.10,00:25:14.604,1.29514,1.29508,5.25,6.19
2014.09.10,00:25:15.109,1.29513,1.29509,1,1
2014.09.10,00:25:15.412,1.29514,1.29513,1.5,6.37
2014.09.10,00:25:15.763,1.29519,1.29516,1,1.69
2014.09.10,00:25:16.576,1.29519,1.29515,2.25,4.69
2014.09.10,00:25:20.413,1.29517,1.29515,1.5,1
2014.09.10,00:25:20.717,1.29514,1.29512,2.25,1
2014.09.10,00:25:21.021,1.29511,1.29509,3,1
2014.09.10,00:25:21.072,1.2951,1.29507,2.25,1.5
2014.09.10,00:25:21.831,1.2951,1.29506,3,1.69
2014.09.10,00:25:22.033,1.29511,1.29508,1.91,1
2014.09.10,00:25:22.458,1.29512,1.29509,3,1.5
2014.09.10,00:25:22.966,1.29513,1.29509,1,1.5
2014.09.10,00:25:24.282,1.29514,1.29509,2.25,1
2014.09.10,00:25:24.547,1.29511,1.29509,1.5,1
2014.09.10,00:25:24.750,1.2951,1.29507,3,1
2014.09.10,00:25:24.953,1.29508,1.29504,5.62,4.5
2014.09.10,00:25:25.106,1.29504,1.29503,1.5,1
2014.09.10,00:25:25.157,1.29504,1.29501,1.5,3
2014.09.10,00:25:25.360,1.29501,1.29499,1,1
2014.09.10,00:25:25.411,1.29501,1.29499,1,1
2014.09.10,00:25:25.918,1.29501,1.29498,1.5,1
2014.09.10,00:25:26.425,1.295,1.29498,1.87,1
2014.09.10,00:25:29.138,1.29499,1.29497,1.5,1
2014.09.10,00:25:29.189,1.29499,1.29495,3.19,2.25
2014.09.10,00:25:29.240,1.29497,1.29494,1,2.44
2014.09.10,00:25:29.495,1.29493,1.29491,1,1.25
2014.09.10,00:25:29.596,1.29493,1.29492,1.5,3.75
2014.09.10,00:25:29.699,1.29496,1.29493,1.5,2.62
2014.09.10,00:25:29.851,1.29494,1.29493,1,1
2014.09.10,00:25:29.953,1.29496,1.29494,1,6.25
2014.09.10,00:25:30.005,1.29499,1.29496,3,1
2014.09.10,00:25:30.310,1.29504,1.295,1,5.5
2014.09.10,00:25:30.465,1.29506,1.29504,1,3.75
2014.09.10,00:25:30.567,1.29511,1.29505,13.24,4.75
2014.09.10,00:25:30.618,1.29511,1.29508,13.24,1
2014.09.10,00:25:30.872,1.29511,1.29509,4.5,1.5
2014.09.10,00:25:31.226,1.29509,1.29507,1,1
2014.09.10,00:25:31.580,1.29511,1.29509,1,1.5
2014.09.10,00:25:31.631,1.29513,1.29509,3.19,1.5
2014.09.10,00:25:31.986,1.29512,1.2951,1,1
2014.09.10,00:25:32.037,1.29514,1.29511,2.44,1.5
2014.09.10,00:25:32.543,1.29514,1.2951,1.69,1.5
2014.09.10,00:25:33.049,1.29514,1.29512,1.25,1
2014.09.10,00:25:33.201,1.29514,1.2951,1,1.87
2014.09.10,00:25:37.163,1.29515,1.2951,2.25,1.5
2014.09.10,00:25:37.679,1.29514,1.2951,1,1.5
2014.09.10,00:25:39.413,1.29513,1.29509,1.5,2.44
2014.09.10,00:25:39.918,1.29513,1.2951,1.5,1.5
2014.09.10,00:25:40.424,1.29513,1.29509,1,1
2014.09.10,00:25:40.935,1.29514,1.29508,1.5,3.94
2014.09.10,00:25:41.936,1.29515,1.29509,5.44,1.5
2014.09.10,00:25:42.442,1.29514,1.29509,1,1.5
2014.09.10,00:25:42.943,1.29514,1.2951,1.5,1
2014.09.10,00:25:43.472,1.29513,1.29509,1,1.5
2014.09.10,00:25:44.623,1.29514,1.29509,1,2.25
2014.09.10,00:25:47.141,1.29514,1.2951,1.5,1
2014.09.10,00:25:47.192,1.29511,1.2951,1,1.5
2014.09.10,00:25:47.910,1.29511,1.29509,1,2.25
2014.09.10,00:25:49.185,1.29512,1.29509,1,1.5
2014.09.10,00:25:49.590,1.2951,1.29508,1,1
2014.09.10,00:25:50.119,1.29511,1.29507,1.12,1
2014.09.10,00:25:50.684,1.29511,1.29507,1.37,1
2014.09.10,00:25:51.197,1.29511,1.29507,1.87,1
2014.09.10,00:25:52.189,1.2951,1.29507,1,1.5
2014.09.10,00:25:52.695,1.29511,1.29507,3.56,1
2014.09.10,00:25:53.201,1.2951,1.29507,1,1
2014.09.10,00:25:53.404,1.29509,1.29505,1,3.75
2014.09.10,00:25:53.505,1.29507,1.29504,1,1.5
2014.09.10,00:25:53.809,1.29504,1.29501,1.5,1
2014.09.10,00:25:54.315,1.29505,1.29501,1.87,1.5
2014.09.10,00:25:54.669,1.29503,1.29499,1.5,2.62
2014.09.10,00:25:54.973,1.29503,1.29501,1,1.5
2014.09.10,00:25:55.479,1.29502,1.295,1,1
2014.09.10,00:25:55.784,1.29502,1.29498,2.25,1.5
2014.09.10,00:25:56.291,1.29501,1.29498,1.42,1.5
2014.09.10,00:25:56.342,1.29502,1.295,2.92,1
2014.09.10,00:25:56.595,1.29503,1.295,3.19,1
2014.09.10,00:25:57.102,1.29503,1.29501,1,1
2014.09.10,00:25:57.203,1.29505,1.29501,3.94,1
2014.09.10,00:25:57.709,1.29504,1.29502,1,1
2014.09.10,00:26:00.359,1.29504,1.295,1.25,3.75
2014.09.10,00:26:01.278,1.29503,1.295,1,1
2014.09.10,00:26:02.620,1.29502,1.295,1,1
2014.09.10,00:26:06.730,1.29504,1.295,2.44,1
2014.09.10,00:26:07.092,1.29504,1.29498,4.69,4.5
2014.09.10,00:26:07.143,1.29502,1.295,1,1
2014.09.10,00:26:07.245,1.29501,1.29498,1,2.25
2014.09.10,00:26:07.650,1.29502,1.295,1,1
2014.09.10,00:26:08.166,1.29503,1.295,1.69,1
2014.09.10,00:26:09.454,1.29502,1.29499,1,1.5
2014.09.10,00:26:09.959,1.29503,1.29501,3.94,1
2014.09.10,00:26:10.465,1.29502,1.29501,1,1
2014.09.10,00:26:11.841,1.29502,1.29499,1,1
2014.09.10,00:26:12.817,1.29503,1.29499,1.69,1.5
2014.09.10,00:26:14.198,1.29503,1.29501,1.5,1
2014.09.10,00:26:14.604,1.29506,1.29504,6.75,1.5
2014.09.10,00:26:14.807,1.29509,1.29506,5.62,1
2014.09.10,00:26:15.314,1.29508,1.29506,1,1
2014.09.10,00:26:19.239,1.29509,1.29506,2.81,2.25
2014.09.10,00:26:19.752,1.2951,1.29507,3.37,1.5
2014.09.10,00:26:29.008,1.29509,1.29507,1,1.5
2014.09.10,00:26:29.514,1.2951,1.29507,4.5,1.5
2014.09.10,00:26:43.403,1.2951,1.29509,2.25,1
2014.09.10,00:26:44.430,1.2951,1.29508,3,1
2014.09.10,00:26:44.733,1.29512,1.2951,1,3
2014.09.10,00:26:45.039,1.29517,1.29515,3.37,1
2014.09.10,00:26:45.090,1.29518,1.29515,1.5,1.5
2014.09.10,00:26:46.993,1.29517,1.29515,1,1.5
2014.09.10,00:26:47.549,1.29518,1.29515,2.25,1.87
2014.09.10,00:26:48.872,1.29518,1.29516,3,1
2014.09.10,00:26:49.387,1.29518,1.29515,2.25,2.62
2014.09.10,00:26:50.208,1.29518,1.29516,3,1
2014.09.10,00:26:50.721,1.29518,1.29515,1.5,2.25
2014.09.10,00:26:51.176,1.29518,1.29517,2.25,1
2014.09.10,00:26:51.682,1.29519,1.29517,2.25,1
2014.09.10,00:26:52.617,1.29518,1.29517,1,1.5
2014.09.10,00:26:53.141,1.29519,1.29517,2.62,1
2014.09.10,00:26:53.445,1.29518,1.29515,1,4.5
2014.09.10,00:26:53.976,1.29519,1.29515,3.37,4.87
2014.09.10,00:26:54.511,1.29518,1.29515,1,4.5
2014.09.10,00:26:55.017,1.29519,1.29515,5.25,3.75
2014.09.10,00:26:55.523,1.29518,1.29515,1,1.5
2014.09.10,00:26:55.674,1.29516,1.29515,2.25,1.5
2014.09.10,00:26:55.877,1.29515,1.29512,2.25,1
2014.09.10,00:26:56.030,1.29513,1.29512,1,1
2014.09.10,00:26:56.571,1.29514,1.29511,2.25,1.5
2014.09.10,00:26:57.078,1.29515,1.29511,5.44,1.5
2014.09.10,00:26:57.589,1.29514,1.29511,1.5,1.5
2014.09.10,00:27:01.133,1.29512,1.2951,1.5,2.25
2014.09.10,00:27:01.236,1.29513,1.29511,1,1.5
2014.09.10,00:27:01.842,1.29514,1.29511,3,1
2014.09.10,00:27:02.401,1.29513,1.29511,1,1
2014.09.10,00:27:03.012,1.29513,1.2951,1.5,3
2014.09.10,00:27:03.770,1.29512,1.2951,1,2.25
2014.09.10,00:27:03.922,1.2951,1.29508,1,1.69
2014.09.10,00:27:04.429,1.2951,1.29507,2.44,1.5
2014.09.10,00:27:07.537,1.2951,1.29506,3,3
2014.09.10,00:27:08.154,1.29509,1.29506,1,2.25
2014.09.10,00:27:08.660,1.2951,1.29506,3,4.5
2014.09.10,00:27:19.810,1.29509,1.29506,1,2.25
2014.09.10,00:27:20.326,1.2951,1.29506,5.44,2.25
2014.09.10,00:27:20.888,1.29509,1.29506,1,2.25
2014.09.10,00:27:21.393,1.2951,1.29506,5.25,2.25
2014.09.10,00:27:21.899,1.29509,1.29506,1,2.25
2014.09.10,00:27:22.404,1.2951,1.29506,5.25,2.25
2014.09.10,00:27:23.076,1.29509,1.29506,1,2.25
2014.09.10,00:27:23.582,1.2951,1.29506,5.25,2.25
2014.09.10,00:27:23.887,1.29505,1.29504,1,1
2014.09.10,00:27:24.091,1.29504,1.29501,3,1.5
2014.09.10,00:27:24.597,1.29504,1.295,4.5,1.87
2014.09.10,00:27:25.102,1.29503,1.295,1,1.12
2014.09.10,00:27:25.609,1.29501,1.29499,1.5,1
2014.09.10,00:27:25.660,1.29501,1.29497,2.25,4.69
2014.09.10,00:27:25.965,1.29499,1.29497,1,1
2014.09.10,00:27:26.067,1.29499,1.29495,1.5,3
2014.09.10,00:27:37.484,1.29499,1.29496,1,1
2014.09.10,00:27:42.272,1.295,1.29496,1.25,1.5
2014.09.10,00:27:44.078,1.29501,1.29497,5.81,1
2014.09.10,00:27:44.584,1.295,1.29496,1.31,1.5
2014.09.10,00:27:45.394,1.29501,1.29496,6.37,1
2014.09.10,00:27:45.944,1.295,1.29496,1,1
2014.09.10,00:27:46.551,1.295,1.29495,3,1.25
2014.09.10,00:27:47.056,1.295,1.29496,3.75,1
2014.09.10,00:27:47.309,1.295,1.29494,5.25,6.56
2014.09.10,00:27:47.814,1.295,1.29494,5.62,6.56
2014.09.10,00:27:48.327,1.295,1.29494,5.25,6.56
2014.09.10,00:27:48.479,1.295,1.29497,5.25,1
2014.09.10,00:27:48.884,1.295,1.29495,1.5,1.5
2014.09.10,00:27:49.404,1.29501,1.29495,5.62,3.19
2014.09.10,00:27:49.911,1.295,1.29495,1,3.19
2014.09.10,00:27:54.160,1.29501,1.29495,4.87,3
2014.09.10,00:27:54.668,1.295,1.29495,1.5,1.5
2014.09.10,00:27:55.904,1.29501,1.29495,4.12,3
2014.09.10,00:27:56.371,1.29499,1.29496,1,1
2014.09.10,00:27:57.005,1.29499,1.29495,1,2.25
2014.09.10,00:27:58.780,1.29499,1.29496,1,1
2014.09.10,00:28:00.062,1.29499,1.29495,1,2.81
2014.09.10,00:28:01.066,1.29499,1.29496,1,1
2014.09.10,00:28:02.035,1.29499,1.29495,1,1.87
2014.09.10,00:28:03.262,1.29498,1.29495,1,1.5
2014.09.10,00:28:03.566,1.29496,1.29494,3,3
2014.09.10,00:28:03.668,1.29496,1.29492,1.69,1.5
2014.09.10,00:28:03.770,1.29493,1.29491,1,2.25
2014.09.10,00:28:04.074,1.29494,1.29492,1.5,1
2014.09.10,00:28:04.379,1.29496,1.29494,1.69,1
2014.09.10,00:28:04.481,1.29496,1.29495,1,7.5
2014.09.10,00:28:04.633,1.295,1.29497,4.87,1.5
2014.09.10,00:28:05.138,1.29501,1.29498,7.69,1
2014.09.10,00:28:05.847,1.295,1.29498,1.5,1.5
2014.09.10,00:28:06.050,1.29501,1.295,1,1.5
2014.09.10,00:28:06.101,1.29502,1.295,1,2.25
2014.09.10,00:28:06.253,1.29505,1.29502,1,9.75
2014.09.10,00:28:06.453,1.29508,1.29506,1,1.5
2014.09.10,00:28:06.505,1.2951,1.29508,1.5,1
2014.09.10,00:28:07.013,1.29512,1.29509,3.94,1.5
2014.09.10,00:28:07.523,1.29512,1.29509,2.25,1
2014.09.10,00:28:15.559,1.29512,1.29509,2.44,1
2014.09.10,00:28:24.750,1.29511,1.29509,1,1.5
2014.09.10,00:28:37.747,1.29512,1.29509,2.25,1.5
2014.09.10,00:28:43.356,1.29511,1.29509,1,1.5
2014.09.10,00:28:44.604,1.29511,1.29508,1.69,1
2014.09.10,00:28:46.922,1.29511,1.29507,2.44,2.25
2014.09.10,00:28:47.464,1.2951,1.29507,1,1
2014.09.10,00:28:48.588,1.29511,1.29507,1.69,1
2014.09.10,00:28:52.060,1.2951,1.29507,1,1
2014.09.10,00:28:52.739,1.29511,1.29507,2.25,1
2014.09.10,00:28:53.561,1.2951,1.29507,1,1
2014.09.10,00:28:54.075,1.2951,1.29506,1.5,2.25
2014.09.10,00:28:54.687,1.29511,1.29507,3.37,1
2014.09.10,00:28:55.194,1.29511,1.29508,1.5,1
2014.09.10,00:28:57.679,1.29511,1.29507,2.25,1.5
2014.09.10,00:28:58.290,1.29511,1.29508,1.5,1
2014.09.10,00:28:58.822,1.29511,1.29507,1.5,1
2014.09.10,00:29:01.161,1.29511,1.29508,1.5,1
2014.09.10,00:29:01.667,1.29511,1.29507,1.5,1
2014.09.10,00:29:04.949,1.29511,1.29508,1.69,1
2014.09.10,00:29:05.584,1.29511,1.29507,1.69,1.5
2014.09.10,00:29:06.132,1.29511,1.29508,1.69,1
2014.09.10,00:29:06.637,1.29511,1.29507,1.69,1
2014.09.10,00:29:10.421,1.29511,1.29506,3,3
2014.09.10,00:29:10.726,1.29506,1.29504,1.5,3.75
2014.09.10,00:29:10.979,1.29507,1.29501,4.69,6
2014.09.10,00:29:11.712,1.29507,1.29502,4.69,1
2014.09.10,00:29:12.231,1.29506,1.29502,1,1.25
2014.09.10,00:29:12.937,1.29507,1.29502,4.69,1.25
2014.09.10,00:29:13.626,1.29506,1.29502,1,1.69
2014.09.10,00:29:14.408,1.29507,1.29502,4.69,1.25
2014.09.10,00:29:15.029,1.29506,1.29502,1,1.5
2014.09.10,00:29:15.536,1.29507,1.29502,2.44,3
2014.09.10,00:29:15.689,1.29506,1.29504,1.25,1
2014.09.10,00:29:15.791,1.29509,1.29504,5.44,3
2014.09.10,00:29:16.148,1.29508,1.29506,1.5,1
2014.09.10,00:29:16.503,1.29511,1.29507,5.44,1
2014.09.10,00:29:16.605,1.29511,1.29505,4.69,5.25
2014.09.10,00:29:16.657,1.29511,1.29507,4.69,1
2014.09.10,00:29:17.163,1.2951,1.29507,1,1
2014.09.10,00:29:23.411,1.29511,1.29507,2.25,1.5
2014.09.10,00:29:26.662,1.2951,1.29507,1,1.5
2014.09.10,00:29:27.187,1.29511,1.29507,3.75,1.5
2014.09.10,00:29:27.883,1.2951,1.29507,1,1.5
2014.09.10,00:29:28.410,1.29511,1.29507,3.19,1.5
2014.09.10,00:29:29.410,1.2951,1.29507,1,1
2014.09.10,00:29:29.917,1.29511,1.29508,3.19,1
2014.09.10,00:29:30.839,1.29512,1.29508,3.94,1
2014.09.10,00:29:37.996,1.29512,1.29507,3.75,1.5
2014.09.10,00:29:38.507,1.29511,1.29507,1,1.5
2014.09.10,00:29:44.051,1.2951,1.29507,1,1.5
2014.09.10,00:29:44.595,1.29509,1.29507,1,1
2014.09.10,00:30:00.963,1.29509,1.29506,1,2.25
2014.09.10,00:30:02.064,1.29509,1.29505,3.75,1
2014.09.10,00:30:02.370,1.29504,1.29503,1,1
2014.09.10,00:30:02.422,1.29503,1.29501,2.25,1
2014.09.10,00:30:02.574,1.29502,1.29499,1.5,1
2014.09.10,00:30:02.878,1.29501,1.29497,1,4.69
2014.09.10,00:30:03.406,1.29501,1.29498,1,1
2014.09.10,00:30:04.083,1.29501,1.29497,1,3.75
2014.09.10,00:30:04.639,1.29502,1.29498,3.75,1
2014.09.10,00:30:05.218,1.29502,1.29499,2.25,1
2014.09.10,00:30:05.776,1.29503,1.29499,3.75,1.5
2014.09.10,00:30:06.282,1.29503,1.29497,3.94,4.69
2014.09.10,00:30:06.804,1.29502,1.29498,1,1
2014.09.10,00:30:10.957,1.29502,1.29499,1,1
2014.09.10,00:30:11.777,1.29503,1.29499,3,1
2014.09.10,00:30:12.336,1.29502,1.29499,1,1
2014.09.10,00:30:12.842,1.29503,1.29499,3,1
2014.09.10,00:30:14.274,1.29501,1.29498,1,1
2014.09.10,00:30:14.781,1.29502,1.29497,3,1.69
2014.09.10,00:30:15.308,1.29502,1.29498,3.19,1
2014.09.10,00:30:15.816,1.29502,1.29497,3.19,1
2014.09.10,00:30:17.794,1.29502,1.29498,2.25,1
2014.09.10,00:30:19.900,1.29501,1.29498,1,1
2014.09.10,00:30:20.411,1.29502,1.29498,1,1
2014.09.10,00:30:21.505,1.29501,1.29498,1,1.5
2014.09.10,00:30:22.011,1.29502,1.29498,2.25,2.25
2014.09.10,00:30:22.516,1.29501,1.29497,2.25,3.75
2014.09.10,00:30:22.665,1.29503,1.29497,4.5,4.5
2014.09.10,00:30:23.310,1.29503,1.29498,5.44,1
2014.09.10,00:30:23.412,1.29501,1.29498,1,1
2014.09.10,00:30:23.918,1.29502,1.29497,1.5,3.19
2014.09.10,00:30:24.222,1.29497,1.29494,4,1.87
2014.09.10,00:30:24.577,1.29495,1.29492,1,1.25
2014.09.10,00:30:25.235,1.29495,1.29491,2.25,3
2014.09.10,00:30:25.741,1.29495,1.29492,1.5,1
2014.09.10,00:30:26.346,1.29495,1.29491,1.87,3.19
2014.09.10,00:30:26.856,1.29495,1.29492,1.5,1
2014.09.10,00:30:27.526,1.29495,1.29491,1.5,3
2014.09.10,00:30:28.058,1.29495,1.29492,1.87,1
2014.09.10,00:30:28.574,1.29495,1.29491,1.87,3
2014.09.10,00:30:29.116,1.29494,1.29491,1.5,3
2014.09.10,00:30:29.622,1.29495,1.29491,3,3.75
2014.09.10,00:30:30.135,1.29495,1.29492,2.25,1
2014.09.10,00:30:30.644,1.29495,1.29491,1.5,2.25
2014.09.10,00:30:31.186,1.29495,1.29492,2.25,1
2014.09.10,00:30:31.591,1.29494,1.2949,1,4.69
2014.09.10,00:30:32.114,1.29494,1.29491,1,1
2014.09.10,00:30:32.623,1.29495,1.29491,1.5,2.25
2014.09.10,00:30:33.145,1.29495,1.29492,3.75,1
2014.09.10,00:30:33.665,1.29495,1.29491,1.87,3.75
2014.09.10,00:30:34.535,1.29496,1.29492,4.87,1
2014.09.10,00:30:35.047,1.29496,1.29491,3.37,2.25
2014.09.10,00:30:35.308,1.29496,1.29494,2.62,1
2014.09.10,00:30:35.462,1.29498,1.29494,1.69,4.5
2014.09.10,00:30:35.968,1.29498,1.29495,1,1.5
2014.09.10,00:30:36.492,1.29499,1.29495,3,1
2014.09.10,00:30:37.333,1.29498,1.29495,2.25,2.32
2014.09.10,00:30:37.740,1.29495,1.29493,1.5,1
2014.09.10,00:30:38.195,1.29493,1.2949,1,3.34
2014.09.10,00:30:39.467,1.29491,1.29488,1,1.84
2014.09.10,00:30:39.518,1.29491,1.29488,1,1.5
2014.09.10,00:30:40.026,1.2949,1.29487,1.5,1
2014.09.10,00:30:40.532,1.29488,1.29486,1,1.5
2014.09.10,00:30:40.735,1.2949,1.29486,1.87,2.25
2014.09.10,00:30:41.469,1.29488,1.29486,1,2.25
2014.09.10,00:30:42.032,1.29489,1.29486,1,2.25
2014.09.10,00:30:42.551,1.29488,1.29486,1,2.25
2014.09.10,00:30:43.064,1.29489,1.29486,2.25,1.5
2014.09.10,00:30:43.579,1.29488,1.29486,1,1.5
2014.09.10,00:30:44.090,1.29489,1.29486,1,2.25
2014.09.10,00:30:44.824,1.29488,1.29486,1,2.25
2014.09.10,00:30:45.128,1.29489,1.29488,1,1
2014.09.10,00:30:45.633,1.2949,1.29488,1.5,3
2014.09.10,00:30:46.138,1.2949,1.29489,1.5,1
2014.09.10,00:30:48.080,1.29489,1.29487,1,1.5
2014.09.10,00:30:48.181,1.29487,1.29484,3.56,3.75
2014.09.10,00:30:48.232,1.29486,1.29483,1,2.25
2014.09.10,00:30:48.334,1.29484,1.29482,1,2.25
2014.09.10,00:30:48.436,1.29486,1.29483,1.25,1.87
2014.09.10,00:30:48.944,1.29485,1.29483,1.5,1
2014.09.10,00:30:49.450,1.29486,1.29483,1.5,4.12
2014.09.10,00:30:49.805,1.29485,1.29481,1.5,1.5
2014.09.10,00:30:50.388,1.29484,1.29481,1,1
2014.09.10,00:30:51.001,1.29485,1.29481,2.62,1
2014.09.10,00:30:51.511,1.29484,1.29481,1,1
2014.09.10,00:30:52.445,1.29485,1.29481,1.5,1
2014.09.10,00:30:53.037,1.29484,1.29481,1,1
2014.09.10,00:30:53.550,1.29485,1.29481,1.5,1
2014.09.10,00:30:54.063,1.29484,1.29481,1.5,1
2014.09.10,00:30:57.659,1.29485,1.29481,3,1.5
2014.09.10,00:30:58.170,1.29484,1.29481,1,1
2014.09.10,00:31:00.197,1.29484,1.2948,1.69,1
2014.09.10,00:31:00.350,1.29483,1.29478,1.5,2.25
2014.09.10,00:31:00.452,1.29481,1.29478,1,1
2014.09.10,00:31:05.126,1.29482,1.29478,6.94,1.37
2014.09.10,00:31:05.632,1.29482,1.29479,5.44,1
2014.09.10,00:31:10.521,1.29482,1.29477,5.44,1
2014.09.10,00:31:11.033,1.29482,1.29478,3.19,1
2014.09.10,00:31:11.538,1.29482,1.29479,1,1
2014.09.10,00:31:12.378,1.29482,1.29478,2.25,1
2014.09.10,00:31:12.631,1.29482,1.29476,3.94,3.75
2014.09.10,00:31:13.424,1.29481,1.29476,1,3.75
2014.09.10,00:31:14.496,1.2948,1.29476,1,4.69
2014.09.10,00:31:16.019,1.29482,1.29476,4.69,3.75
2014.09.10,00:31:16.222,1.2948,1.29476,1,3
2014.09.10,00:31:16.739,1.29481,1.29477,1.5,1.5
2014.09.10,00:31:17.244,1.2948,1.29476,1.5,3.75
2014.09.10,00:31:18.363,1.29481,1.29476,2.25,3.75
2014.09.10,00:31:18.869,1.2948,1.29476,1,2.25
2014.09.10,00:31:19.627,1.29481,1.29477,3.56,1.5
2014.09.10,00:31:20.133,1.29481,1.29478,2.44,1
2014.09.10,00:31:22.972,1.29482,1.29478,1.25,1
2014.09.10,00:31:23.478,1.29481,1.29478,1,1
2014.09.10,00:31:27.237,1.29482,1.29479,1.25,1
2014.09.10,00:31:27.541,1.29486,1.29484,1,1.5
2014.09.10,00:31:27.643,1.29488,1.29485,1,1
2014.09.10,00:31:27.896,1.29489,1.29487,1.5,1
2014.09.10,00:31:27.948,1.29491,1.29487,4.5,1
2014.09.10,00:31:35.774,1.2949,1.29487,1,1
2014.09.10,00:31:36.285,1.29491,1.29487,1,1
2014.09.10,00:31:37.481,1.2949,1.29487,1,1
2014.09.10,00:31:37.987,1.29491,1.29487,1,1
2014.09.10,00:31:39.044,1.29492,1.29487,2.44,1
2014.09.10,00:31:43.964,1.29492,1.29486,3.19,2.44
2014.09.10,00:31:44.181,1.2949,1.29486,1,3.19
2014.09.10,00:31:45.300,1.29491,1.29487,1,1
2014.09.10,00:31:45.811,1.29491,1.29486,2.25,1
2014.09.10,00:31:46.168,1.29491,1.29488,1.69,1
2014.09.10,00:31:49.125,1.29491,1.29489,1.69,1
2014.09.10,00:31:49.328,1.29494,1.2949,6.75,2.25
2014.09.10,00:31:49.379,1.29494,1.29492,4.5,1
2014.09.10,00:31:49.633,1.29497,1.29493,1.19,2.25
2014.09.10,00:31:49.735,1.29498,1.29494,1.5,1
2014.09.10,00:31:51.319,1.29498,1.29493,2.25,3
2014.09.10,00:31:51.825,1.29498,1.29494,2.25,1
2014.09.10,00:31:52.331,1.29498,1.29496,1,1
2014.09.10,00:31:53.012,1.29498,1.29495,1,1.12
2014.09.10,00:31:53.620,1.29498,1.29494,1.5,1
2014.09.10,00:31:56.615,1.29497,1.29494,1.5,1
2014.09.10,00:31:57.122,1.29498,1.29494,2.25,1.12
2014.09.10,00:31:58.135,1.29498,1.29495,1.5,1
2014.09.10,00:31:58.641,1.29499,1.29496,1,2.25
2014.09.10,00:31:59.147,1.29499,1.29497,1,2.25
2014.09.10,00:31:59.690,1.295,1.29497,1.5,1
2014.09.10,00:32:01.995,1.295,1.29496,1.5,2.44
2014.09.10,00:32:02.300,1.29498,1.29496,1,1.25
2014.09.10,00:32:02.401,1.295,1.29496,2.25,2.44
2014.09.10,00:32:03.160,1.29499,1.29496,1,1.5
2014.09.10,00:32:06.356,1.295,1.29496,1.12,2.25
2014.09.10,00:32:15.924,1.29501,1.29496,5.81,2.25
2014.09.10,00:32:16.439,1.295,1.29496,1.5,2.25
2014.09.10,00:32:16.996,1.29501,1.29497,5.06,1
2014.09.10,00:32:17.498,1.29501,1.29497,5.06,1.5
2014.09.10,00:32:18.005,1.29501,1.29497,5.06,1.5
2014.09.10,00:32:18.548,1.29501,1.29497,5.06,1.5
2014.09.10,00:32:19.234,1.29501,1.29497,6.19,1
2014.09.10,00:32:19.285,1.295,1.29495,1.12,1.5
2014.09.10,00:32:19.336,1.29498,1.29495,1,1.5
2014.09.10,00:32:19.842,1.29498,1.29494,1,2.25
2014.09.10,00:32:20.701,1.29497,1.29494,1,1.5
2014.09.10,00:32:21.384,1.29498,1.29494,2.44,1.5
2014.09.10,00:32:22.411,1.29495,1.29494,1.5,1
2014.09.10,00:32:22.614,1.29495,1.29492,3,1
2014.09.10,00:32:28.187,1.29495,1.29492,3.19,1
2014.09.10,00:32:29.416,1.29495,1.29492,3.37,1
2014.09.10,00:32:30.078,1.29495,1.29491,2.25,2.25
2014.09.10,00:32:30.180,1.29494,1.29489,1,4.87
2014.09.10,00:32:30.231,1.29492,1.29489,1,1.5
2014.09.10,00:32:30.789,1.29492,1.29488,2.25,2.25
2014.09.10,00:32:31.805,1.29491,1.29488,1,1.5
2014.09.10,00:32:33.031,1.29492,1.29488,3.94,1
2014.09.10,00:32:41.428,1.29491,1.29488,1,1
2014.09.10,00:32:41.944,1.29492,1.29488,1.5,1.5
2014.09.10,00:32:48.842,1.29491,1.29488,1,1
2014.09.10,00:32:49.353,1.29492,1.29488,2.44,1
2014.09.10,00:32:51.410,1.29491,1.29488,1,1
2014.09.10,00:32:52.119,1.29492,1.29488,2.44,1
2014.09.10,00:32:53.457,1.29491,1.29487,1,3.94
2014.09.10,00:32:53.963,1.29491,1.29488,1.31,1
2014.09.10,00:32:54.494,1.2949,1.29487,2.44,2.25
2014.09.10,00:33:01.353,1.29491,1.29487,2.44,2.25
2014.09.10,00:33:01.867,1.2949,1.29487,1,2.25
2014.09.10,00:33:02.430,1.29491,1.29487,2.44,2.25
2014.09.10,00:33:04.273,1.29491,1.29487,2.81,1.5
2014.09.10,00:33:04.779,1.29489,1.29486,2.44,1
2014.09.10,00:33:05.084,1.29485,1.29482,1.69,1
2014.09.10,00:33:05.439,1.29485,1.29484,1,1.5
2014.09.10,00:33:05.542,1.29488,1.29485,2.25,1
2014.09.10,00:33:06.048,1.29489,1.29485,1.25,1.5
2014.09.10,00:33:14.125,1.29487,1.29485,1,1.5
2014.09.10,00:33:14.328,1.29485,1.29482,1,2.25
2014.09.10,00:33:14.834,1.29484,1.29482,1.5,1.5
2014.09.10,00:33:16.105,1.29483,1.29482,1,1.5
2014.09.10,00:33:16.614,1.29484,1.29482,1.5,1.5
2014.09.10,00:33:17.124,1.29485,1.29482,2.25,1.5
2014.09.10,00:33:18.157,1.29484,1.29482,1.5,1.5
2014.09.10,00:33:20.761,1.29484,1.29482,1.25,1.65
2014.09.10,00:33:21.280,1.29483,1.29482,1,1.5
2014.09.10,00:33:28.599,1.29484,1.29482,1.5,1
2014.09.10,00:33:37.274,1.29485,1.29482,2.25,3
2014.09.10,00:33:37.426,1.29487,1.29483,3.94,2.62
2014.09.10,00:33:37.931,1.29488,1.29484,1.69,1
2014.09.10,00:33:38.437,1.29487,1.29483,1.5,7.69
2014.09.10,00:33:38.993,1.29489,1.29483,9.19,4.5
2014.09.10,00:33:39.499,1.29488,1.29483,1.5,3
2014.09.10,00:33:40.005,1.29489,1.29483,9.19,4.5
2014.09.10,00:33:40.612,1.29488,1.29483,2.25,5.62
2014.09.10,00:33:42.112,1.29489,1.29483,7.5,4.5
2014.09.10,00:33:42.618,1.29488,1.29483,1.5,3
2014.09.10,00:33:43.124,1.29487,1.29483,1.5,3
2014.09.10,00:33:43.631,1.29487,1.29484,1,1
2014.09.10,00:33:44.036,1.29485,1.29484,1,1
2014.09.10,00:33:44.342,1.29479,1.29477,2.25,1
2014.09.10,00:33:44.494,1.29477,1.29475,1,1
2014.09.10,00:33:44.647,1.29477,1.29473,1,2.25
2014.09.10,00:33:44.799,1.29477,1.29473,1,4.12
2014.09.10,00:33:45.406,1.29478,1.29475,1,2.25
2014.09.10,00:33:45.710,1.29479,1.29477,3,1
2014.09.10,00:33:45.995,1.29482,1.29479,1,1.5
2014.09.10,00:33:46.502,1.29481,1.29478,2.25,1
2014.09.10,00:33:47.007,1.29481,1.29477,3,3
2014.09.10,00:33:47.514,1.2948,1.29476,1.12,1
2014.09.10,00:33:48.082,1.2948,1.29477,1,1
2014.09.10,00:33:48.587,1.2948,1.29476,1,3
2014.09.10,00:33:49.165,1.29481,1.29476,2.25,3
2014.09.10,00:33:49.674,1.2948,1.29476,1,3.75
2014.09.10,00:33:50.231,1.29481,1.29476,2.25,3
2014.09.10,00:33:51.156,1.29481,1.29476,2.62,1.5
2014.09.10,00:33:51.666,1.29481,1.29476,4.12,2.25
2014.09.10,00:33:52.171,1.2948,1.29476,1,2.25
2014.09.10,00:33:52.782,1.2948,1.29475,1.12,7.31
2014.09.10,00:33:53.088,1.29481,1.29477,2.62,1
2014.09.10,00:33:53.595,1.29481,1.29478,1,1.5
2014.09.10,00:33:55.455,1.2948,1.29478,1,1
2014.09.10,00:33:55.958,1.2948,1.29477,1,1.5
2014.09.10,00:33:57.954,1.29481,1.29477,3.19,2.25
2014.09.10,00:33:58.471,1.2948,1.29477,1,2.25
2014.09.10,00:33:58.977,1.29481,1.29477,3,2.25
2014.09.10,00:33:59.660,1.2948,1.29477,1,3
2014.09.10,00:34:00.204,1.29481,1.29477,3,3
2014.09.10,00:34:00.749,1.2948,1.29477,1,2.25
2014.09.10,00:34:01.259,1.29481,1.29477,3,2.25
2014.09.10,00:34:03.993,1.2948,1.29477,1,1.5
2014.09.10,00:34:04.523,1.29481,1.29477,3,1.5
2014.09.10,00:34:05.069,1.2948,1.29477,1,1.5
2014.09.10,00:34:05.574,1.29481,1.29477,3,1.5
2014.09.10,00:34:06.240,1.2948,1.29477,1,2.25
2014.09.10,00:34:06.850,1.29481,1.29477,3,1.5
2014.09.10,00:34:07.561,1.2948,1.29477,1,1.5
2014.09.10,00:34:08.153,1.29481,1.29477,3,1.5
2014.09.10,00:34:08.829,1.2948,1.29477,1,1.5
2014.09.10,00:34:09.467,1.29481,1.29477,3,1.5
2014.09.10,00:34:10.404,1.2948,1.29477,1,1.5
2014.09.10,00:34:11.104,1.29481,1.29477,3,1.5
2014.09.10,00:34:11.611,1.2948,1.29478,1,1
2014.09.10,00:34:12.167,1.2948,1.29477,1,1
2014.09.10,00:34:20.430,1.2948,1.29476,1.25,1
2014.09.10,00:34:22.182,1.29479,1.29475,1.5,3.37
2014.09.10,00:34:22.485,1.29476,1.29474,1.5,1
2014.09.10,00:34:22.536,1.29475,1.29473,1.5,1.5
2014.09.10,00:34:22.789,1.29474,1.29471,1,1
2014.09.10,00:34:23.093,1.29472,1.2947,1,1
2014.09.10,00:34:24.204,1.29473,1.2947,2.25,1
2014.09.10,00:34:25.160,1.29473,1.29469,1.5,2.25
2014.09.10,00:34:26.022,1.29473,1.29468,3.75,3.94
2014.09.10,00:34:26.326,1.29473,1.2947,3,1
2014.09.10,00:34:28.229,1.29473,1.29469,2.25,1.5
2014.09.10,00:34:28.735,1.2947,1.29469,1,1
2014.09.10,00:34:28.787,1.2947,1.29467,2.25,1.5
2014.09.10,00:34:29.518,1.2947,1.29465,4.76,6.19
2014.09.10,00:34:30.909,1.2947,1.29467,3,1
2014.09.10,00:34:31.111,1.2947,1.29465,3.26,3.75
2014.09.10,00:34:31.685,1.2947,1.29466,2.25,1
2014.09.10,00:34:35.403,1.29469,1.29465,1,3.19
2014.09.10,00:34:36.642,1.29468,1.29465,1,1.5
2014.09.10,00:34:37.098,1.29466,1.29464,1,1.25
2014.09.10,00:34:37.603,1.29467,1.29464,1.5,1
2014.09.10,00:34:38.058,1.29469,1.29465,2.44,1
2014.09.10,00:34:42.955,1.29469,1.29464,1.3,6.37
2014.09.10,00:34:43.066,1.29469,1.29466,1.22,1
2014.09.10,00:34:43.963,1.29469,1.29465,1.22,1
2014.09.10,00:34:45.050,1.29469,1.29466,1.22,1
2014.09.10,00:34:45.404,1.2947,1.29468,1.12,1
2014.09.10,00:34:45.506,1.2947,1.29468,1,2.62
2014.09.10,00:34:45.607,1.29473,1.29469,2.25,1
2014.09.10,00:34:50.400,1.29473,1.2947,2.25,1.5
2014.09.10,00:35:00.918,1.29474,1.2947,2.25,3
2014.09.10,00:35:08.026,1.29474,1.29471,1.69,1
2014.09.10,00:35:17.347,1.29474,1.2947,1.69,3.75
2014.09.10,00:35:18.517,1.29474,1.29471,1.69,1.5
2014.09.10,00:35:19.035,1.29474,1.2947,1.69,1.5
2014.09.10,00:35:19.977,1.29474,1.29471,1.69,1
2014.09.10,00:35:34.687,1.29472,1.29469,3,1
2014.09.10,00:35:34.890,1.29469,1.29467,1,1.5
2014.09.10,00:35:35.244,1.29468,1.29465,1,1.5
2014.09.10,00:35:35.498,1.29466,1.29464,1,2.1
2014.09.10,00:35:36.007,1.29467,1.29464,1.5,1
2014.09.10,00:35:36.526,1.29467,1.29464,2.25,1.6
2014.09.10,00:35:37.032,1.29467,1.29464,2.25,2.25
2014.09.10,00:35:38.798,1.29466,1.29464,1,1
2014.09.10,00:35:39.101,1.29466,1.29462,4.69,1
2014.09.10,00:35:39.620,1.29465,1.29462,1.5,1
2014.09.10,00:35:40.133,1.29466,1.29462,2.62,1
2014.09.10,00:35:41.551,1.29466,1.29462,2.62,1
2014.09.10,00:35:42.089,1.29466,1.29462,2.62,1
2014.09.10,00:35:42.648,1.29466,1.29462,4.87,1
2014.09.10,00:35:43.255,1.29466,1.29462,3.37,1
2014.09.10,00:35:43.847,1.29466,1.29462,3.37,1
2014.09.10,00:35:44.364,1.29466,1.29462,3.37,1
2014.09.10,00:35:44.724,1.29467,1.29464,2.17,2.25
2014.09.10,00:35:44.825,1.29468,1.29464,3.94,3.75
2014.09.10,00:35:45.130,1.29466,1.29463,1.5,1.69
2014.09.10,00:35:45.637,1.29466,1.29462,3,1
2014.09.10,00:35:46.890,1.29465,1.2946,1,13.45
2014.09.10,00:35:48.640,1.29465,1.2946,1.5,10.16
2014.09.10,00:35:49.147,1.29465,1.29461,1,1.5
2014.09.10,00:35:50.345,1.29466,1.29461,4.87,1
2014.09.10,00:35:50.952,1.29465,1.29461,1,3.19
2014.09.10,00:35:51.991,1.29465,1.29462,1,1
2014.09.10,00:35:52.294,1.29467,1.29465,1,1
2014.09.10,00:35:52.497,1.29469,1.29465,1.5,3
2014.09.10,00:35:53.003,1.29469,1.29466,1.5,1
2014.09.10,00:35:53.507,1.29469,1.29465,3,2.25
2014.09.10,00:35:55.590,1.29468,1.29465,1,3
2014.09.10,00:35:57.248,1.29468,1.29466,1,1
2014.09.10,00:35:58.818,1.29468,1.29465,1,3
2014.09.10,00:35:59.338,1.29468,1.29466,1.5,1
2014.09.10,00:35:59.440,1.29468,1.29464,1.5,1
2014.09.10,00:35:59.946,1.29467,1.29463,3,2.44
2014.09.10,00:36:00.455,1.29466,1.29463,1.5,1.25
2014.09.10,00:36:00.966,1.29467,1.29463,1.5,2.44
2014.09.10,00:36:01.476,1.29467,1.29464,1.5,1.5
2014.09.10,00:36:04.315,1.29467,1.29463,2.25,3.75
2014.09.10,00:36:04.821,1.29467,1.29464,2.25,1
2014.09.10,00:36:05.371,1.29467,1.29463,1.5,4.5
2014.09.10,00:36:06.686,1.29467,1.29464,1.5,1
2014.09.10,00:36:07.195,1.29467,1.29463,2.25,3.75
2014.09.10,00:36:08.617,1.29467,1.29464,2.25,1
2014.09.10,00:36:09.129,1.29467,1.29463,2.25,3
2014.09.10,00:36:09.635,1.29466,1.29463,1,3.75
2014.09.10,00:36:10.546,1.29467,1.29463,3,3
2014.09.10,00:36:13.033,1.29466,1.29462,1.5,1.5
2014.09.10,00:36:14.437,1.29466,1.29463,1,1
2014.09.10,00:36:14.943,1.29466,1.29462,1,2.25
2014.09.10,00:36:15.649,1.29466,1.29463,1,1
2014.09.10,00:36:15.959,1.29467,1.29465,1,1
2014.09.10,00:36:16.465,1.29468,1.29465,1.69,1
2014.09.10,00:36:17.203,1.29467,1.29465,1,1
2014.09.10,00:36:17.254,1.29467,1.29463,2.25,2.25
2014.09.10,00:36:17.356,1.29467,1.29465,2.25,1
2014.09.10,00:36:17.599,1.29466,1.29463,1.5,3.75
2014.09.10,00:36:17.803,1.29465,1.29463,1,4.5
2014.09.10,00:36:18.057,1.29466,1.29463,1,3
2014.09.10,00:36:18.259,1.29465,1.29462,1,4.69
2014.09.10,00:36:18.361,1.29466,1.29462,4.5,4.5
2014.09.10,00:36:18.564,1.29466,1.29464,2.25,1
2014.09.10,00:36:18.919,1.29466,1.29463,1,1.5
2014.09.10,00:36:19.020,1.29464,1.29462,1,3.75
2014.09.10,00:36:19.273,1.29466,1.29462,2.25,2.25
2014.09.10,00:36:19.426,1.29466,1.29464,1,1
2014.09.10,00:36:19.630,1.29466,1.29462,1,4.5
2014.09.10,00:36:20.150,1.29465,1.29462,1,6
2014.09.10,00:36:22.237,1.29467,1.29462,1.5,6.75
2014.09.10,00:36:22.339,1.29467,1.29464,1,1
2014.09.10,00:36:22.967,1.29467,1.29463,2.25,1.25
2014.09.10,00:36:24.365,1.29467,1.29464,1.5,1
2014.09.10,00:36:24.568,1.2947,1.29466,1.69,1.5
2014.09.10,00:36:25.075,1.29471,1.29467,2.4,1
2014.09.10,00:36:25.531,1.29469,1.29466,1,4.5
2014.09.10,00:36:33.027,1.29468,1.29466,1,3.94
2014.09.10,00:36:51.860,1.29469,1.29467,1,1
2014.09.10,00:36:52.377,1.29468,1.29466,1,5.44
2014.09.10,00:36:53.894,1.29469,1.29467,1,1
2014.09.10,00:36:55.697,1.29471,1.29468,1.5,1
2014.09.10,00:36:56.203,1.2947,1.29467,5.62,1
2014.09.10,00:36:57.593,1.29469,1.29467,1,1
2014.09.10,00:36:59.269,1.29469,1.29466,1,1.5
2014.09.10,00:37:01.303,1.29469,1.29467,1,1.5
2014.09.10,00:37:01.811,1.2947,1.29466,4.5,1.5
2014.09.10,00:37:02.633,1.29469,1.29466,1,2.25
2014.09.10,00:37:03.084,1.2947,1.29467,5.44,1.5
2014.09.10,00:37:03.399,1.2947,1.29466,3.94,1.5
2014.09.10,00:37:03.501,1.29468,1.29466,1,1.5
2014.09.10,00:37:24.653,1.29468,1.29465,1.2,1.5
2014.09.10,00:37:25.315,1.29468,1.29465,1.15,2.25
2014.09.10,00:37:25.867,1.29468,1.29465,1.2,1.5
2014.09.10,00:37:26.578,1.29468,1.29465,1.15,2.89
2014.09.10,00:37:27.163,1.29468,1.29465,1.2,1.5
2014.09.10,00:37:27.697,1.29468,1.29465,1.15,2.25
2014.09.10,00:37:28.382,1.29468,1.29465,1.2,1.5
2014.09.10,00:37:29.267,1.29468,1.29465,1.15,2.25
2014.09.10,00:37:29.785,1.29468,1.29465,1.2,1.5
2014.09.10,00:37:30.345,1.29468,1.29465,1.15,2.25
2014.09.10,00:37:30.888,1.29468,1.29465,1.2,1.5
2014.09.10,00:37:31.616,1.29468,1.29465,1.15,2.25
2014.09.10,00:37:32.228,1.29468,1.29465,1.2,2.14
2014.09.10,00:37:32.939,1.29468,1.29465,1.15,1.5
2014.09.10,00:37:33.452,1.29468,1.29465,1.2,1.5
2014.09.10,00:37:34.772,1.29468,1.29465,1.15,2.89
2014.09.10,00:37:35.342,1.29468,1.29464,1.65,4.57
2014.09.10,00:37:35.847,1.29468,1.29464,1.65,3.82
2014.09.10,00:37:36.353,1.29468,1.29464,1.65,3.64
2014.09.10,00:37:36.872,1.29468,1.29464,1.65,4.39
2014.09.10,00:37:37.410,1.29468,1.29464,1.65,4.39
2014.09.10,00:37:37.947,1.29468,1.29464,1.65,3.64
2014.09.10,00:37:38.452,1.29468,1.29464,1.65,3.64
2014.09.10,00:37:39.261,1.29468,1.29464,1.65,4.39
2014.09.10,00:37:39.824,1.29468,1.29464,1.65,3.64
2014.09.10,00:37:40.382,1.29468,1.29464,1.65,4.39
2014.09.10,00:37:41.244,1.29468,1.29465,1,1
2014.09.10,00:37:47.897,1.29468,1.29464,1,4.2
2014.09.10,00:37:48.419,1.29468,1.29463,1,8.74
2014.09.10,00:37:48.959,1.29468,1.29463,1,8.74
2014.09.10,00:37:49.460,1.29468,1.29465,1,1
2014.09.10,00:37:52.481,1.29468,1.29464,1,1.5
2014.09.10,00:37:52.986,1.29468,1.29465,1,1
2014.09.10,00:37:54.518,1.29468,1.29464,1,1.61
2014.09.10,00:37:55.127,1.29468,1.29464,1,2.06
2014.09.10,00:37:55.633,1.29468,1.29464,1,1.99
2014.09.10,00:37:56.163,1.29468,1.29463,1,6.19
2014.09.10,00:37:56.760,1.29468,1.29463,1,6.86
2014.09.10,00:37:57.464,1.29468,1.29463,1,6.86
2014.09.10,00:37:57.966,1.29468,1.29463,1,6.86
2014.09.10,00:37:58.610,1.29468,1.29464,1,1.67
2014.09.10,00:37:59.123,1.29468,1.29464,2.25,2.17
2014.09.10,00:38:01.582,1.29468,1.29464,2.25,2.36
2014.09.10,00:38:02.094,1.29468,1.29464,1.5,3.11
2014.09.10,00:38:02.598,1.29468,1.29464,1,1.92
2014.09.10,00:38:03.102,1.29468,1.29464,1,1.61
2014.09.10,00:38:04.323,1.29468,1.29463,1,6.79
2014.09.10,00:38:05.217,1.29468,1.29464,4.5,1.35
2014.09.10,00:38:06.030,1.29468,1.29465,4.5,1.5
2014.09.10,00:38:07.004,1.29467,1.29465,1.5,1.5
2014.09.10,00:38:07.615,1.29467,1.29464,1,1
2014.09.10,00:38:08.209,1.29467,1.29463,1,2.25
2014.09.10,00:38:10.032,1.29465,1.29463,1,1.5
2014.09.10,00:38:10.336,1.29465,1.29461,1.87,2.44
2014.09.10,00:38:10.437,1.29463,1.29461,1,2.44
2014.09.10,00:38:13.212,1.29464,1.29461,1.5,1
2014.09.10,00:38:13.768,1.29463,1.29461,1,1
2014.09.10,00:38:14.071,1.2946,1.29457,3.75,1
2014.09.10,00:38:14.325,1.29458,1.29456,1,1
2014.09.10,00:38:14.628,1.29456,1.29455,1,1
2014.09.10,00:38:14.831,1.29456,1.29452,3.37,1
2014.09.10,00:38:15.336,1.29455,1.29452,2.25,1.5
2014.09.10,00:38:16.568,1.29455,1.29454,1.5,1
2014.09.10,00:38:16.822,1.29458,1.29455,1.69,1
2014.09.10,00:38:21.985,1.29458,1.29454,1,2.81
2014.09.10,00:38:22.036,1.29456,1.29454,1,2.81
2014.09.10,00:38:22.137,1.29458,1.29454,3,2.25
2014.09.10,00:38:22.440,1.29456,1.29454,1,2.25
2014.09.10,00:38:23.101,1.29458,1.29454,1.5,1
2014.09.10,00:38:24.657,1.29457,1.29454,1,2.25
2014.09.10,00:38:24.961,1.29456,1.29454,1.37,1
2014.09.10,00:38:25.063,1.29455,1.29452,3,2.25
2014.09.10,00:38:25.216,1.29453,1.29451,1,1.5
2014.09.10,00:38:25.723,1.29454,1.29451,1,1.5
2014.09.10,00:38:26.229,1.29455,1.29451,3.75,2.25
2014.09.10,00:38:26.533,1.29456,1.29454,1.12,1.56
2014.09.10,00:38:26.634,1.29458,1.29454,3,1.5
2014.09.10,00:38:27.165,1.29459,1.29454,3.19,3.37
2014.09.10,00:38:27.671,1.29459,1.29454,3.19,4.31
2014.09.10,00:38:28.396,1.29459,1.29454,3.19,3.75
2014.09.10,00:38:28.902,1.29459,1.29455,5.44,1
2014.09.10,00:38:32.225,1.29458,1.29455,1,2.06
2014.09.10,00:38:32.732,1.29458,1.29454,1,3.19
2014.09.10,00:38:33.264,1.29458,1.29454,1,2.06
2014.09.10,00:38:33.779,1.29459,1.29455,3,3
2014.09.10,00:38:35.789,1.29459,1.29456,1.5,1.5
2014.09.10,00:38:36.315,1.29459,1.29455,2.25,2.25
2014.09.10,00:38:36.519,1.29457,1.29455,1,2.25
2014.09.10,00:38:37.984,1.29459,1.29455,1.5,2.25
2014.09.10,00:38:39.057,1.29458,1.29455,1,1.5
2014.09.10,00:38:41.912,1.29458,1.29456,1,1
2014.09.10,00:38:42.418,1.29458,1.29455,1,2.06
2014.09.10,00:38:46.904,1.29458,1.29456,1,1
2014.09.10,00:38:47.449,1.29458,1.29455,1,3
2014.09.10,00:38:48.876,1.29458,1.29456,1.5,1
2014.09.10,00:38:49.406,1.29458,1.29455,1,3.56
2014.09.10,00:38:50.012,1.29458,1.29456,1,1
2014.09.10,00:38:50.535,1.29458,1.29455,1,2.25
2014.09.10,00:38:52.834,1.29458,1.29456,1.5,1.5
2014.09.10,00:38:53.398,1.29458,1.29455,1,2.06
2014.09.10,00:39:11.691,1.29459,1.29455,1.5,1.5
2014.09.10,00:39:13.933,1.29456,1.29455,1,1
2014.09.10,00:39:14.085,1.29458,1.29454,2.25,1.69
2014.09.10,00:39:14.591,1.29458,1.29455,1.5,1
2014.09.10,00:39:15.124,1.29458,1.29454,1.5,3.19
2014.09.10,00:39:16.198,1.29458,1.29455,1.5,1
2014.09.10,00:39:16.847,1.29458,1.29454,1.5,3.19
2014.09.10,00:39:18.028,1.29458,1.29455,1.5,1
2014.09.10,00:39:18.586,1.29458,1.29454,1.5,3.19
2014.09.10,00:39:19.095,1.29459,1.29455,1.69,1.5
2014.09.10,00:39:19.605,1.29458,1.29455,1,1.5
2014.09.10,00:39:20.178,1.29459,1.29455,1,1.5
2014.09.10,00:39:21.082,1.29458,1.29455,1,1
2014.09.10,00:39:21.692,1.29459,1.29455,1,1
2014.09.10,00:39:22.236,1.29458,1.29455,1,1.69
2014.09.10,00:39:22.919,1.29459,1.29455,1,1.25
2014.09.10,00:39:28.396,1.29458,1.29454,1.5,3.19
2014.09.10,00:39:28.548,1.2946,1.29454,8.44,7.69
2014.09.10,00:39:29.261,1.2946,1.29454,7.69,4.69
2014.09.10,00:39:30.881,1.2946,1.29455,9.56,1
2014.09.10,00:39:31.388,1.2946,1.29454,7.69,6.19
2014.09.10,00:39:31.978,1.2946,1.29454,6.94,6
2014.09.10,00:39:32.499,1.2946,1.29455,6.94,1
2014.09.10,00:39:33.005,1.2946,1.29454,6.19,6
2014.09.10,00:39:33.532,1.29459,1.29454,1,6
2014.09.10,00:39:34.110,1.29459,1.29455,1,1.5
2014.09.10,00:39:34.652,1.29459,1.29454,1,6
2014.09.10,00:39:35.183,1.29459,1.29455,1,1
2014.09.10,00:39:35.723,1.2946,1.29455,7.87,1.87
2014.09.10,00:39:36.505,1.2946,1.29454,5.25,6.94
2014.09.10,00:39:37.368,1.2946,1.29455,6.75,1.12
2014.09.10,00:39:37.886,1.2946,1.29454,5.25,7.69
2014.09.10,00:39:38.423,1.2946,1.29455,6,1
2014.09.10,00:39:39.065,1.2946,1.29454,5.25,7.69
2014.09.10,00:39:39.622,1.2946,1.29455,6.75,2.25
2014.09.10,00:39:40.864,1.2946,1.29454,5.25,7.69
2014.09.10,00:39:41.597,1.2946,1.29455,5.25,1
2014.09.10,00:39:42.206,1.2946,1.29454,5.25,7.69
2014.09.10,00:39:42.724,1.2946,1.29455,6,1
2014.09.10,00:39:43.945,1.2946,1.29454,5.25,7.5
2014.09.10,00:39:44.495,1.2946,1.29455,6.75,1.87
2014.09.10,00:39:45.518,1.2946,1.29454,5.25,6.56
2014.09.10,00:39:46.029,1.2946,1.29455,6.75,1.87
2014.09.10,00:39:47.955,1.2946,1.29454,5.25,6.56
2014.09.10,00:39:48.484,1.2946,1.29455,4.5,1
2014.09.10,00:39:49.290,1.2946,1.29454,4.5,6.94
2014.09.10,00:39:49.882,1.2946,1.29455,6,1.5
2014.09.10,00:39:50.568,1.2946,1.29454,4.5,6.94
2014.09.10,00:39:51.102,1.2946,1.29455,5.25,3.75
2014.09.10,00:39:51.636,1.2946,1.29454,3.75,9.19
2014.09.10,00:39:52.297,1.2946,1.29455,5.81,2.62
2014.09.10,00:39:53.235,1.2946,1.29454,3.94,7.12
2014.09.10,00:39:53.795,1.2946,1.29455,3.94,1.5
2014.09.10,00:39:54.346,1.2946,1.29454,4.31,7.12
2014.09.10,00:39:54.901,1.2946,1.29455,5.06,1
2014.09.10,00:39:55.558,1.2946,1.29454,5.06,6.37
2014.09.10,00:39:56.550,1.2946,1.29455,5.06,1
2014.09.10,00:39:59.279,1.2946,1.29454,4.87,6.56
2014.09.10,00:40:00.030,1.2946,1.29455,5.62,1
2014.09.10,00:40:00.600,1.2946,1.29454,4.87,6.56
2014.09.10,00:40:01.131,1.2946,1.29455,5.62,1
2014.09.10,00:40:01.645,1.29459,1.29454,1,6.19
2014.09.10,00:40:02.155,1.2946,1.29454,4.87,6.56
2014.09.10,00:40:02.730,1.2946,1.29455,6.75,1.12
2014.09.10,00:40:03.694,1.2946,1.29454,4.5,6.56
2014.09.10,00:40:04.203,1.2946,1.29455,7.12,1.87
2014.09.10,00:40:06.590,1.2946,1.29454,4.5,6.94
2014.09.10,00:40:07.149,1.2946,1.29455,6,1.5
2014.09.10,00:40:07.951,1.2946,1.29454,4.5,6.94
2014.09.10,00:40:08.466,1.2946,1.29455,5.25,1
2014.09.10,00:40:08.977,1.2946,1.29454,4.5,6.19
2014.09.10,00:40:09.536,1.2946,1.29455,6.37,1
2014.09.10,00:40:10.062,1.2946,1.29454,5.44,6.19
2014.09.10,00:40:10.655,1.2946,1.29455,5.44,1
2014.09.10,00:40:11.167,1.2946,1.29455,5.25,1
2014.09.10,00:40:11.731,1.2946,1.29454,4.5,6.56
2014.09.10,00:40:12.238,1.2946,1.29455,3.75,5.25
2014.09.10,00:40:12.757,1.2946,1.29456,3.75,1
2014.09.10,00:40:13.266,1.2946,1.29455,3.75,6.37
2014.09.10,00:40:23.876,1.29459,1.29455,1,3
2014.09.10,00:40:37.529,1.29459,1.29456,1,1
2014.09.10,00:40:39.134,1.29459,1.29455,3,3.56
2014.09.10,00:40:41.278,1.2946,1.29455,3.94,7.69
2014.09.10,00:40:41.815,1.29459,1.29455,1,3.94
2014.09.10,00:40:42.368,1.29459,1.29456,1,1
2014.09.10,00:40:42.917,1.29459,1.29455,1,2.44
2014.09.10,00:40:43.438,1.2946,1.29455,2.25,7.31
2014.09.10,00:40:43.955,1.29459,1.29456,1.5,1
2014.09.10,00:40:44.868,1.29458,1.29456,1,1
2014.09.10,00:40:45.223,1.2946,1.29455,1.5,3.75
2014.09.10,00:40:46.664,1.29458,1.29454,1,7.31
2014.09.10,00:40:46.765,1.2946,1.29455,6.75,1.12
2014.09.10,00:40:59.176,1.29459,1.29455,1,2.25
2014.09.10,00:40:59.683,1.2946,1.29456,2.62,1.5
2014.09.10,00:40:59.734,1.2946,1.29458,1.5,1
2014.09.10,00:41:01.534,1.2946,1.29457,2.25,1
2014.09.10,00:41:02.036,1.29461,1.29459,2.25,1.87
2014.09.10,00:41:02.088,1.29462,1.29461,1.5,1
2014.09.10,00:41:02.189,1.29465,1.29462,3.75,1
2014.09.10,00:41:02.291,1.29465,1.29463,3,1
2014.09.10,00:41:02.545,1.29468,1.29465,2.25,1
2014.09.10,00:41:02.951,1.2947,1.29466,3.75,1
2014.09.10,00:41:03.053,1.2947,1.29468,1,1
2014.09.10,00:41:03.459,1.29473,1.29469,2.25,3
2014.09.10,00:41:03.510,1.29474,1.29471,2.25,1
2014.09.10,00:41:03.816,1.29472,1.2947,1,1
2014.09.10,00:41:04.364,1.29473,1.29469,3,3
2014.09.10,00:41:05.038,1.29473,1.2947,3,1
2014.09.10,00:41:05.572,1.29473,1.29469,3,3
2014.09.10,00:41:15.303,1.29473,1.2947,1.5,1
2014.09.10,00:41:15.850,1.29473,1.29469,1.5,1.5
2014.09.10,00:41:32.959,1.29473,1.2947,1,1
2014.09.10,00:41:34.295,1.29474,1.2947,5.44,1
2014.09.10,00:41:43.603,1.29473,1.2947,1,1.5
2014.09.10,00:41:56.240,1.29474,1.2947,1.5,1
2014.09.10,00:41:56.544,1.29474,1.29472,1.5,6.75
2014.09.10,00:41:56.848,1.29478,1.29476,1,3
2014.09.10,00:41:56.946,1.29479,1.29477,1.5,1
2014.09.10,00:41:57.098,1.29481,1.29477,1.87,3
2014.09.10,00:41:57.605,1.29482,1.29478,5.25,2.25
2014.09.10,00:41:58.010,1.29482,1.29478,1.5,4.5
2014.09.10,00:41:58.061,1.29483,1.2948,1,1
2014.09.10,00:41:59.997,1.29484,1.2948,2.25,1.5
2014.09.10,00:42:00.504,1.29483,1.2948,1,1
2014.09.10,00:42:01.037,1.29484,1.2948,1,1
2014.09.10,00:42:01.982,1.29483,1.2948,1,1
2014.09.10,00:42:02.487,1.29484,1.2948,2.25,1
2014.09.10,00:42:07.281,1.29484,1.29483,1.5,1.5
2014.09.10,00:42:07.433,1.29486,1.29483,2.25,3
2014.09.10,00:42:07.738,1.29489,1.29484,5.44,1.69
2014.09.10,00:42:08.245,1.29488,1.29484,1.5,2.81
2014.09.10,00:42:09.062,1.29488,1.29484,1,5.81
2014.09.10,00:42:09.585,1.29488,1.29484,1,8.06
2014.09.10,00:42:10.177,1.29488,1.29484,1.5,6.56
2014.09.10,00:42:10.280,1.29486,1.29484,1,3.75
2014.09.10,00:42:10.533,1.29484,1.29482,1,2.25
2014.09.10,00:42:10.584,1.29483,1.2948,1,1.5
2014.09.10,00:42:11.091,1.29484,1.2948,3,1
2014.09.10,00:42:11.623,1.29483,1.29479,1,3.75
