Time,Ask,Bid,AskVolume,BidVolume,
2014.09.10,00:00:00.322,1.61233,1.6122,1.57,1.19
2014.09.10,00:00:00.829,1.61234,1.6122,3.26,1.19
2014.09.10,00:00:01.335,1.61233,1.6122,1.07,1.19
2014.09.10,00:00:01.848,1.61232,1.61217,1.07,1.19
2014.09.10,00:00:02.051,1.61233,1.6122,1.75,1.19
2014.09.10,00:00:02.102,1.61232,1.61217,1,2.51
2014.09.10,00:00:02.306,1.61232,1.61217,1.29,1.36
2014.09.10,00:00:02.610,1.6123,1.61215,1.19,2.14
2014.09.10,00:00:03.154,1.61231,1.61215,1.76,1.39
2014.09.10,00:00:03.661,1.6123,1.61215,1.01,1.19
2014.09.10,00:00:04.182,1.6123,1.61213,1.3,1.36
2014.09.10,00:00:05.985,1.61231,1.61216,3.34,1.25
2014.09.10,00:00:06.289,1.6123,1.61216,1.26,1.19
2014.09.10,00:00:06.947,1.61231,1.61216,3.34,1.19
2014.09.10,00:00:07.950,1.61231,1.61216,3.34,1
2014.09.10,00:00:08.935,1.6123,1.61215,1.26,1.29
2014.09.10,00:00:10.034,1.61229,1.61215,1.34,1.25
2014.09.10,00:00:14.259,1.61228,1.61215,1.01,1
2014.09.10,00:00:14.820,1.61228,1.61215,1.32,1
2014.09.10,00:00:16.940,1.61224,1.61213,1,2.59
2014.09.10,00:00:17.042,1.61224,1.61213,1,1
2014.09.10,00:00:17.245,1.61224,1.61211,2.4,1.25
2014.09.10,00:00:17.755,1.61222,1.61209,1.17,1.19
2014.09.10,00:00:18.263,1.61222,1.61208,2.51,1.69
2014.09.10,00:00:18.618,1.61222,1.61209,1.84,1.19
2014.09.10,00:00:22.253,1.61221,1.61209,1,1.19
2014.09.10,00:00:25.306,1.61221,1.61211,1.2,1
2014.09.10,00:00:26.504,1.61221,1.61209,1.2,1.19
2014.09.10,00:00:27.040,1.6122,1.61209,1.57,1.19
2014.09.10,00:00:27.141,1.6122,1.61209,2.25,1.19
2014.09.10,00:00:27.244,1.6122,1.61209,1.65,1.19
2014.09.10,00:00:28.279,1.6122,1.61209,2.4,1.25
2014.09.10,00:00:29.508,1.61221,1.61206,2.32,1.69
2014.09.10,00:00:30.015,1.61221,1.61209,1.57,1
2014.09.10,00:00:30.587,1.61218,1.61209,1,1.25
2014.09.10,00:00:30.689,1.61218,1.61204,1.1,1.76
2014.09.10,00:00:30.791,1.61217,1.61203,1.36,1.19
2014.09.10,00:00:31.095,1.61214,1.61202,1,2.51
2014.09.10,00:00:31.248,1.61216,1.61203,1.5,1.26
2014.09.10,00:00:31.786,1.61217,1.61203,1.5,1.36
2014.09.10,00:00:32.195,1.61217,1.61205,1.5,1.19
2014.09.10,00:00:32.920,1.61218,1.61206,1.69,1.25
2014.09.10,00:00:33.434,1.61218,1.61205,1.5,1.69
2014.09.10,00:00:35.803,1.61218,1.61205,1.5,1.25
2014.09.10,00:00:36.309,1.61218,1.61206,1.5,1
2014.09.10,00:00:36.815,1.61218,1.61207,1,1.19
2014.09.10,00:00:39.193,1.61219,1.61209,1.1,1.25
2014.09.10,00:00:39.881,1.61218,1.61209,1.1,1.25
2014.09.10,00:00:42.054,1.6122,1.61207,1.15,1.19
2014.09.10,00:00:42.561,1.61218,1.61207,1,1.19
2014.09.10,00:00:42.663,1.61217,1.61207,1,1
2014.09.10,00:00:43.185,1.61218,1.61206,1.17,1
2014.09.10,00:00:44.397,1.61216,1.61206,1,1
2014.09.10,00:00:44.448,1.61216,1.61202,1,1.46
2014.09.10,00:00:44.904,1.61217,1.61205,2.44,1
2014.09.10,00:00:45.208,1.61217,1.61207,1.17,1
2014.09.10,00:00:45.746,1.61217,1.61207,1.2,1
2014.09.10,00:00:48.181,1.61217,1.61205,1.2,1
2014.09.10,00:00:48.638,1.61216,1.61203,1.19,1.09
2014.09.10,00:00:49.145,1.61217,1.61203,1.1,1.29
2014.09.10,00:00:49.702,1.61216,1.61202,1.1,1.57
2014.09.10,00:00:50.208,1.61216,1.61201,1.84,1.19
2014.09.10,00:00:50.310,1.61216,1.61201,2.44,1.19
2014.09.10,00:00:50.412,1.61217,1.61202,1.65,1
2014.09.10,00:00:50.463,1.61217,1.61203,1.84,1.19
2014.09.10,00:00:55.050,1.61217,1.61203,1.07,1.31
2014.09.10,00:00:55.354,1.61217,1.61207,1,1
2014.09.10,00:00:55.710,1.61217,1.61204,2.25,1.69
2014.09.10,00:00:56.065,1.61214,1.61204,1.1,1
2014.09.10,00:00:56.319,1.61212,1.61203,1,1
2014.09.10,00:00:56.673,1.61212,1.612,1,1.19
2014.09.10,00:00:57.281,1.61212,1.612,1,1.25
2014.09.10,00:01:01.194,1.61211,1.612,1,1.25
2014.09.10,00:01:01.701,1.61209,1.61198,1,1.19
2014.09.10,00:01:02.535,1.61211,1.612,1.65,1
2014.09.10,00:01:02.738,1.61213,1.61201,1.01,1
2014.09.10,00:01:02.890,1.61213,1.61202,1,1.19
2014.09.10,00:01:03.753,1.61214,1.61201,1.1,1.19
2014.09.10,00:01:05.135,1.61213,1.61201,1,1.69
2014.09.10,00:01:07.120,1.61213,1.61201,1,1.19
2014.09.10,00:01:08.284,1.61213,1.61201,1,1.69
2014.09.10,00:01:08.863,1.61215,1.61201,1.57,1.69
2014.09.10,00:01:09.532,1.61215,1.61201,1.07,1.69
2014.09.10,00:01:11.942,1.61215,1.61201,1,1.69
2014.09.10,00:01:12.347,1.61213,1.61201,1,1.19
2014.09.10,00:01:14.141,1.61214,1.612,1.5,1.26
2014.09.10,00:01:14.670,1.61213,1.612,1,1.26
2014.09.10,00:01:15.177,1.61213,1.612,1,1.26
2014.09.10,00:01:15.691,1.61212,1.612,1.57,1.19
2014.09.10,00:01:17.686,1.61212,1.61199,1.1,1.69
2014.09.10,00:01:19.986,1.61212,1.61199,1.65,1.69
2014.09.10,00:01:20.037,1.61207,1.61199,1,1
2014.09.10,00:01:20.088,1.61207,1.61196,1,1
2014.09.10,00:01:20.139,1.61207,1.61196,1,1.69
2014.09.10,00:01:20.345,1.6121,1.61196,3.19,1.69
2014.09.10,00:01:20.884,1.61208,1.61195,1.19,1.01
2014.09.10,00:01:20.934,1.61209,1.61195,1.01,1.29
2014.09.10,00:01:21.931,1.61211,1.61197,1.84,1.5
2014.09.10,00:01:22.446,1.61211,1.61198,1.76,1
2014.09.10,00:01:22.851,1.61209,1.61197,1.19,1.1
2014.09.10,00:01:23.358,1.61209,1.61198,1.19,1
2014.09.10,00:01:23.864,1.61209,1.61197,1.29,1
2014.09.10,00:01:24.270,1.61211,1.61197,1.84,1
2014.09.10,00:01:25.130,1.61208,1.61197,1.25,1
2014.09.10,00:01:25.892,1.61208,1.61195,1.25,1.69
2014.09.10,00:01:26.406,1.61209,1.61195,1.25,1.69
2014.09.10,00:01:27.340,1.61208,1.61195,1.25,1.19
2014.09.10,00:01:27.848,1.61208,1.61195,1.19,1
2014.09.10,00:01:28.153,1.61208,1.61195,2.51,1.19
2014.09.10,00:01:28.204,1.61208,1.61195,1.09,1.69
2014.09.10,00:01:28.711,1.61208,1.61196,1.25,1.25
2014.09.10,00:01:29.066,1.61211,1.61196,3.07,1.19
2014.09.10,00:01:29.594,1.61211,1.61197,1.5,1.19
2014.09.10,00:01:30.311,1.61211,1.61197,1.57,1.19
2014.09.10,00:01:30.819,1.61212,1.61197,1.39,1.19
2014.09.10,00:01:32.874,1.6121,1.61197,1,1.29
2014.09.10,00:01:33.546,1.6121,1.61196,1.01,1.76
2014.09.10,00:01:34.099,1.61209,1.61196,1.1,1.19
2014.09.10,00:01:34.647,1.61209,1.61195,1.01,1.76
2014.09.10,00:01:48.979,1.61209,1.61195,1.25,1.25
2014.09.10,00:01:51.285,1.6121,1.61195,1.84,1.19
2014.09.10,00:01:52.414,1.6121,1.61196,1.2,1.19
2014.09.10,00:01:53.734,1.6121,1.61196,1.39,1.19
2014.09.10,00:01:56.800,1.6121,1.61196,1.84,1
2014.09.10,00:01:57.307,1.61209,1.61195,1.25,1.25
2014.09.10,00:01:57.899,1.61208,1.61195,1.19,1
2014.09.10,00:02:00.234,1.61208,1.61196,1.29,1
2014.09.10,00:02:00.741,1.61209,1.61196,1.36,1
2014.09.10,00:02:01.356,1.6121,1.61196,1.76,1
2014.09.10,00:02:01.879,1.6121,1.61196,1.36,1
2014.09.10,00:02:05.965,1.61209,1.61196,1.19,1
2014.09.10,00:02:07.270,1.6121,1.61196,1.39,1
2014.09.10,00:02:07.776,1.61209,1.61196,1.3,1
2014.09.10,00:02:08.283,1.6121,1.61196,1.76,1
2014.09.10,00:02:10.728,1.61209,1.61196,1.29,1
2014.09.10,00:02:13.176,1.61208,1.61195,1.29,1
2014.09.10,00:02:13.278,1.6121,1.61196,2.51,1
2014.09.10,00:02:13.666,1.6121,1.61194,2.51,1.76
2014.09.10,00:02:15.951,1.61209,1.61194,1.36,1.76
2014.09.10,00:02:17.960,1.6121,1.61194,1.39,1.76
2014.09.10,00:02:20.675,1.61209,1.61194,1.29,1.84
2014.09.10,00:02:21.693,1.61208,1.61194,1.29,1.76
2014.09.10,00:02:27.161,1.61207,1.61193,1.19,1
2014.09.10,00:02:29.511,1.61207,1.61193,1.29,1.76
2014.09.10,00:02:30.805,1.61205,1.61192,1,1.17
2014.09.10,00:02:31.112,1.61212,1.61197,2.06,3.07
2014.09.10,00:02:31.213,1.61209,1.61196,1,1
2014.09.10,00:02:31.316,1.61208,1.61195,1.84,1
2014.09.10,00:02:31.824,1.61208,1.61194,1.76,1.25
2014.09.10,00:02:32.599,1.61207,1.61194,1.26,1.25
2014.09.10,00:02:33.116,1.61208,1.61194,1.36,1.25
2014.09.10,00:02:36.394,1.61206,1.61192,1.76,1.69
2014.09.10,00:02:36.900,1.61206,1.61192,1.09,1.69
2014.09.10,00:02:37.736,1.61204,1.6119,1.57,1.19
2014.09.10,00:02:38.243,1.61203,1.61189,1.5,2.44
2014.09.10,00:02:38.750,1.61205,1.61189,3.56,2.44
2014.09.10,00:02:39.288,1.61204,1.61189,1.3,1.69
2014.09.10,00:02:40.446,1.61204,1.61189,1.01,2.44
2014.09.10,00:02:40.953,1.61205,1.6119,3.26,1.19
2014.09.10,00:02:41.556,1.61205,1.6119,2.51,1.69
2014.09.10,00:02:43.147,1.61205,1.61191,1.84,1.19
2014.09.10,00:02:55.463,1.61207,1.61194,1.25,1.29
2014.09.10,00:02:55.970,1.61209,1.61195,1.69,1.09
2014.09.10,00:02:56.761,1.61209,1.61196,1.25,1.29
2014.09.10,00:02:57.785,1.61211,1.61197,1.76,1.19
2014.09.10,00:02:58.335,1.6121,1.61197,1.25,1.19
2014.09.10,00:02:58.386,1.6121,1.61195,1.69,1.1
2014.09.10,00:03:00.200,1.61208,1.61195,1.19,1.25
2014.09.10,00:03:01.264,1.61208,1.61195,1.69,1.1
2014.09.10,00:03:02.259,1.61208,1.61195,1.76,1.69
2014.09.10,00:03:02.767,1.61208,1.61195,2.51,1.25
2014.09.10,00:03:03.481,1.61207,1.61192,1.3,2.44
2014.09.10,00:03:03.988,1.61208,1.61192,1.76,2.51
2014.09.10,00:03:04.501,1.61208,1.61192,1.76,2.51
2014.09.10,00:03:05.482,1.61208,1.61192,1.76,1.69
2014.09.10,00:03:06.606,1.61207,1.61192,1.36,1.69
2014.09.10,00:03:07.688,1.61208,1.61192,1.26,1.76
2014.09.10,00:03:08.801,1.61208,1.61192,2.44,2.44
2014.09.10,00:03:14.100,1.61206,1.61192,1.32,2.44
2014.09.10,00:03:14.606,1.61206,1.61192,1.09,1.69
2014.09.10,00:03:15.208,1.61206,1.61192,1.36,1.19
2014.09.10,00:03:16.462,1.61205,1.61192,1.22,1.19
2014.09.10,00:03:17.688,1.61204,1.61191,1.07,1.19
2014.09.10,00:03:18.107,1.61207,1.61191,3.94,1.19
2014.09.10,00:03:21.788,1.61206,1.61191,1.26,1.69
2014.09.10,00:03:22.292,1.61207,1.61191,1.34,2.44
2014.09.10,00:03:23.068,1.61206,1.61191,1.26,2.44
2014.09.10,00:03:23.582,1.61207,1.61191,1.76,2.51
2014.09.10,00:03:28.488,1.61206,1.61191,1.01,2.44
2014.09.10,00:03:30.119,1.61207,1.61191,1.36,2.44
2014.09.10,00:03:30.884,1.61206,1.61191,1.01,2.44
2014.09.10,00:03:31.869,1.61206,1.61192,1.3,1.19
2014.09.10,00:03:32.522,1.61207,1.61192,1.01,1.19
2014.09.10,00:03:33.048,1.61206,1.61194,1.32,1.25
2014.09.10,00:03:33.556,1.61207,1.61194,1.26,1.25
2014.09.10,00:03:34.064,1.61208,1.61195,1.26,1
2014.09.10,00:03:34.570,1.61208,1.61196,1.29,1
2014.09.10,00:03:35.077,1.61209,1.61193,1.76,2.51
2014.09.10,00:03:35.833,1.6121,1.61193,3.19,1.19
2014.09.10,00:03:36.974,1.61209,1.61193,1.34,1.25
2014.09.10,00:03:43.580,1.61209,1.61193,1.34,2.44
2014.09.10,00:03:44.656,1.61209,1.61196,1.34,1
2014.09.10,00:03:45.167,1.6121,1.61197,2.44,1
2014.09.10,00:03:47.426,1.6121,1.61198,1.19,1
2014.09.10,00:03:47.478,1.61212,1.61198,1.46,2.44
2014.09.10,00:03:48.138,1.61211,1.61198,1.01,2.44
2014.09.10,00:03:51.134,1.61212,1.61198,2.44,2.44
2014.09.10,00:03:52.641,1.61211,1.61198,1.26,2.44
2014.09.10,00:03:54.588,1.61211,1.61199,1.26,1
2014.09.10,00:03:55.095,1.61213,1.61199,1.97,1.25
2014.09.10,00:03:55.248,1.61214,1.61199,1.01,1.69
2014.09.10,00:03:55.804,1.61214,1.612,1.3,1.19
2014.09.10,00:03:56.109,1.61217,1.61205,1.32,1.5
2014.09.10,00:03:56.160,1.61219,1.61205,1.76,1.5
2014.09.10,00:03:56.464,1.61219,1.61207,1.76,1
2014.09.10,00:03:58.400,1.61221,1.61207,2.51,1
2014.09.10,00:04:00.366,1.61219,1.61207,1.3,1
2014.09.10,00:04:00.984,1.61221,1.61207,3.19,1
2014.09.10,00:04:02.714,1.61219,1.61207,1.39,1
2014.09.10,00:04:08.923,1.61221,1.61206,1.76,1.19
2014.09.10,00:04:09.429,1.61221,1.61206,1.69,1.76
2014.09.10,00:04:09.955,1.61221,1.61206,1.29,1.26
2014.09.10,00:04:11.035,1.6122,1.61206,1.29,1.01
2014.09.10,00:04:14.455,1.61221,1.61206,1.36,1.01
2014.09.10,00:04:15.539,1.6122,1.61206,1.29,1.01
2014.09.10,00:04:16.269,1.6122,1.61206,1.19,1.32
2014.09.10,00:04:16.677,1.61222,1.61206,1.34,1.25
2014.09.10,00:04:17.317,1.6122,1.61205,1.3,1.69
2014.09.10,00:04:19.565,1.61219,1.61205,1.26,1.69
2014.09.10,00:04:21.859,1.6122,1.61205,1.29,1.5
2014.09.10,00:04:23.186,1.61221,1.61205,2.59,1.69
2014.09.10,00:04:23.590,1.61216,1.61205,1,1
2014.09.10,00:04:23.641,1.61215,1.61203,1,1.25
2014.09.10,00:04:23.692,1.61213,1.61201,1,1
2014.09.10,00:04:24.199,1.61212,1.61199,1,1.76
2014.09.10,00:04:25.809,1.61212,1.61199,1.25,1.29
2014.09.10,00:04:36.990,1.61212,1.61198,1.19,1.69
2014.09.10,00:04:43.833,1.61212,1.612,1.1,1.69
2014.09.10,00:04:43.935,1.61215,1.61201,1.34,1.69
2014.09.10,00:04:45.151,1.61217,1.61201,1.76,2.44
2014.09.10,00:04:45.712,1.61216,1.61201,1.26,2.44
2014.09.10,00:04:46.227,1.61217,1.61201,1.34,2.44
2014.09.10,00:04:46.787,1.61217,1.61204,1.29,1
2014.09.10,00:04:50.057,1.61218,1.61204,1.84,1.25
2014.09.10,00:04:52.121,1.61218,1.61202,3.19,1.25
2014.09.10,00:04:53.325,1.61218,1.61202,1.34,1.19
2014.09.10,00:04:53.843,1.61218,1.61202,1.76,1.19
2014.09.10,00:04:55.432,1.61218,1.61202,2.51,1.69
2014.09.10,00:05:01.915,1.61217,1.61202,1.26,1.69
2014.09.10,00:05:02.658,1.61218,1.61202,3.19,1.76
2014.09.10,00:05:03.385,1.61218,1.61202,1.84,1.09
2014.09.10,00:05:07.064,1.61217,1.61202,1.36,1.19
2014.09.10,00:05:08.186,1.61218,1.61202,2.51,1.25
2014.09.10,00:05:10.284,1.61217,1.61202,1.26,1.29
2014.09.10,00:05:12.775,1.61218,1.61202,1.84,1.69
2014.09.10,00:05:14.889,1.61218,1.61202,1.84,1.25
2014.09.10,00:05:29.258,1.61217,1.61202,1.84,1.29
2014.09.10,00:05:38.188,1.61217,1.61205,1.26,1
2014.09.10,00:05:38.443,1.61219,1.61205,1.69,1
2014.09.10,00:05:38.698,1.61219,1.61207,1.29,1
2014.09.10,00:05:38.748,1.61221,1.61207,1.76,1.1
2014.09.10,00:05:38.799,1.61221,1.61207,1.69,1.57
2014.09.10,00:05:39.257,1.61221,1.61207,2.14,1
2014.09.10,00:05:43.795,1.6122,1.61206,1.29,1
2014.09.10,00:05:44.049,1.61219,1.61206,1.32,1
2014.09.10,00:05:44.310,1.6122,1.61206,1.34,1
2014.09.10,00:05:44.786,1.61219,1.61206,1.39,1
2014.09.10,00:05:49.307,1.61219,1.61207,1.26,1
2014.09.10,00:05:50.187,1.6122,1.61207,1.01,1
2014.09.10,00:05:54.206,1.61219,1.61206,1.36,1
2014.09.10,00:05:56.542,1.61219,1.61205,1.84,1.25
2014.09.10,00:05:57.074,1.61218,1.61205,1.01,1.25
2014.09.10,00:05:57.606,1.61219,1.61205,1.84,1
2014.09.10,00:05:59.911,1.61219,1.61205,2.89,1
2014.09.10,00:05:59.962,1.61216,1.61202,1.37,1.26
2014.09.10,00:06:00.115,1.61215,1.61202,1.29,1.5
2014.09.10,00:06:00.641,1.61215,1.61201,1.26,1.69
2014.09.10,00:06:01.253,1.61214,1.612,1.26,2.44
2014.09.10,00:06:02.127,1.61214,1.61202,1.26,1
2014.09.10,00:06:02.643,1.61215,1.61202,1.29,1
2014.09.10,00:06:03.302,1.61216,1.61202,1.36,1.25
2014.09.10,00:06:04.332,1.61217,1.61202,2.51,1.25
2014.09.10,00:06:07.188,1.61216,1.61202,1.32,1.25
2014.09.10,00:06:10.534,1.61216,1.61202,1.26,1.19
2014.09.10,00:06:11.116,1.61217,1.61202,3.26,1.19
2014.09.10,00:06:15.212,1.61217,1.61203,3.26,1.25
2014.09.10,00:06:15.744,1.61217,1.61203,2.51,1.69
2014.09.10,00:06:17.242,1.61218,1.61203,3.19,1.5
2014.09.10,00:06:20.507,1.61216,1.61203,1.3,1.5
2014.09.10,00:06:21.277,1.61217,1.61203,1.01,1.5
2014.09.10,00:06:21.825,1.61218,1.61203,2.51,1.5
2014.09.10,00:06:24.706,1.61218,1.61203,2.51,1.5
2014.09.10,00:06:25.990,1.61218,1.61203,3.19,1.5
2014.09.10,00:06:26.991,1.61218,1.61203,2.51,1.69
2014.09.10,00:06:27.987,1.61218,1.61203,1.76,1.69
2014.09.10,00:06:33.689,1.61217,1.61203,1.34,1.25
2014.09.10,00:06:34.787,1.61216,1.61202,1.09,1.69
2014.09.10,00:06:35.315,1.61216,1.61202,1.01,1.76
2014.09.10,00:06:35.898,1.61216,1.61202,1.32,1.69
2014.09.10,00:06:36.409,1.61216,1.61202,1.25,1.69
2014.09.10,00:06:37.594,1.61216,1.61202,1.19,1.69
2014.09.10,00:06:39.840,1.61215,1.61202,1.76,1.25
2014.09.10,00:06:40.348,1.61215,1.61201,1.84,1.69
2014.09.10,00:06:41.535,1.61215,1.61201,1.36,1.69
2014.09.10,00:06:42.944,1.61216,1.61201,1.01,1.19
2014.09.10,00:06:43.458,1.61217,1.61201,1.29,2.51
2014.09.10,00:06:43.864,1.61218,1.61205,2.44,1.07
2014.09.10,00:06:44.424,1.6122,1.6121,1.19,1.5
2014.09.10,00:06:44.630,1.61223,1.6121,1.19,2.32
2014.09.10,00:06:44.733,1.61225,1.6121,1.69,3.19
2014.09.10,00:06:45.139,1.61225,1.61214,1.19,1.57
2014.09.10,00:06:45.241,1.61229,1.61215,1.1,1.5
2014.09.10,00:06:45.343,1.61229,1.61214,1.19,1.84
2014.09.10,00:06:50.755,1.61226,1.61213,1.95,1.69
2014.09.10,00:06:50.857,1.61227,1.61211,3.26,1.57
2014.09.10,00:06:50.959,1.61225,1.61211,1.29,1.76
2014.09.10,00:06:51.364,1.61222,1.61208,1.29,1.29
2014.09.10,00:06:51.668,1.61222,1.61209,1.19,1.22
2014.09.10,00:06:52.073,1.61223,1.6121,1,1.22
2014.09.10,00:06:52.581,1.61216,1.61211,1,2.25
2014.09.10,00:06:52.683,1.61217,1.61212,1.87,1
2014.09.10,00:06:52.734,1.61217,1.61207,1.87,2.25
2014.09.10,00:06:52.837,1.61216,1.61204,1.19,2.7
2014.09.10,00:06:52.888,1.61217,1.61205,1,1.12
2014.09.10,00:06:52.990,1.61222,1.61206,1.5,2.32
2014.09.10,00:06:53.041,1.61222,1.61208,1.69,1.29
2014.09.10,00:06:53.346,1.61224,1.61211,1,1.01
2014.09.10,00:06:53.600,1.61227,1.61213,1.69,1.34
2014.09.10,00:06:53.854,1.61227,1.61215,1.25,1.22
2014.09.10,00:06:55.551,1.61227,1.61214,1,1.34
2014.09.10,00:06:56.785,1.61226,1.61214,1,1.69
2014.09.10,00:06:57.294,1.61226,1.61213,1,1.76
2014.09.10,00:06:58.007,1.61227,1.61213,1.25,3.19
2014.09.10,00:06:58.314,1.61216,1.61203,1.37,1.69
2014.09.10,00:06:58.416,1.61217,1.61203,1.25,1.76
2014.09.10,00:06:58.923,1.61219,1.61205,1.19,1.15
2014.09.10,00:06:59.429,1.6122,1.61204,1.76,1.3
2014.09.10,00:07:01.699,1.61219,1.61204,1.19,1.01
2014.09.10,00:07:02.417,1.61219,1.61203,1.19,1.84
2014.09.10,00:07:11.327,1.6122,1.61205,1.34,1
2014.09.10,00:07:19.402,1.61219,1.61205,1.19,1.25
2014.09.10,00:07:20.419,1.6122,1.61205,1.76,1
2014.09.10,00:07:20.925,1.61219,1.61205,1.76,1
2014.09.10,00:07:22.404,1.61218,1.61205,1.36,1
2014.09.10,00:07:28.329,1.61219,1.61205,2.51,1.25
2014.09.10,00:07:29.448,1.61219,1.61205,1.36,1
2014.09.10,00:07:29.971,1.61219,1.61205,1.76,1
2014.09.10,00:07:30.863,1.6122,1.61205,1.26,1.1
2014.09.10,00:07:33.932,1.61219,1.61205,1.29,1.01
2014.09.10,00:07:41.157,1.61218,1.61205,1.19,1.1
2014.09.10,00:07:42.248,1.61219,1.61205,1.29,1.01
2014.09.10,00:07:44.967,1.61221,1.61208,1.57,1.5
2014.09.10,00:07:45.474,1.61222,1.61209,1.36,1
2014.09.10,00:07:46.363,1.61223,1.61209,1.3,1.25
2014.09.10,00:07:46.672,1.61224,1.6121,1.26,1.19
2014.09.10,00:07:47.182,1.61224,1.6121,1,1.76
2014.09.10,00:07:48.298,1.61227,1.61211,3.26,1.76
2014.09.10,00:07:49.191,1.61226,1.61211,1.3,1.69
2014.09.10,00:07:50.380,1.61227,1.61211,3.26,1.76
2014.09.10,00:07:50.887,1.61226,1.61211,1.76,1.69
2014.09.10,00:07:51.915,1.61226,1.61211,1.26,1.57
2014.09.10,00:07:52.421,1.61226,1.6121,3.26,1.76
2014.09.10,00:07:52.884,1.61224,1.6121,1.19,1.84
2014.09.10,00:07:53.698,1.61224,1.6121,1.26,1.76
2014.09.10,00:07:56.915,1.61224,1.6121,1.19,1.76
2014.09.10,00:07:57.595,1.61224,1.6121,1.29,1.76
2014.09.10,00:07:58.212,1.61225,1.6121,1.36,1.76
2014.09.10,00:08:03.600,1.61224,1.6121,1.19,1.69
2014.09.10,00:08:03.904,1.61226,1.61214,1.34,1
2014.09.10,00:08:04.102,1.61228,1.61215,1.19,1
2014.09.10,00:08:04.204,1.6123,1.61216,1.36,1.5
2014.09.10,00:08:05.905,1.61231,1.61216,2.14,1.5
2014.09.10,00:08:07.209,1.6123,1.61216,1.36,1.69
2014.09.10,00:08:10.233,1.6123,1.61215,1.36,1.57
2014.09.10,00:08:17.133,1.61229,1.61215,1.29,1.76
2014.09.10,00:08:20.362,1.61226,1.61212,1,1.5
2014.09.10,00:08:20.413,1.61226,1.61211,1.87,2.25
2014.09.10,00:08:20.464,1.61225,1.61209,2.89,3.26
2014.09.10,00:08:20.616,1.61225,1.61213,2.89,1
2014.09.10,00:08:21.074,1.61228,1.61214,1.34,1.69
2014.09.10,00:08:22.063,1.61229,1.61214,1.36,1.57
2014.09.10,00:08:23.165,1.6123,1.61214,3.26,1.76
2014.09.10,00:08:25.472,1.6123,1.61217,1.76,1
2014.09.10,00:08:25.992,1.6123,1.61216,1.84,1
2014.09.10,00:08:26.499,1.61229,1.61216,1.19,1
2014.09.10,00:08:27.975,1.61229,1.61215,1.19,1.69
2014.09.10,00:08:29.393,1.61232,1.61215,4.31,1.69
2014.09.10,00:08:30.152,1.61228,1.61214,1,1.84
2014.09.10,00:08:30.355,1.6123,1.61214,1.84,2.59
2014.09.10,00:08:30.508,1.6123,1.61216,1.84,1.19
2014.09.10,00:08:31.594,1.6123,1.61219,1.84,1
2014.09.10,00:08:31.747,1.61237,1.6122,1.69,3.26
2014.09.10,00:08:31.799,1.61234,1.6122,1.5,1.76
2014.09.10,00:08:32.305,1.61235,1.61222,1.5,1.25
2014.09.10,00:08:32.356,1.61236,1.61222,1.01,1.76
2014.09.10,00:08:32.888,1.61238,1.61222,2.44,1.84
2014.09.10,00:08:33.430,1.61238,1.61222,2.59,1.84
2014.09.10,00:08:33.679,1.61238,1.61222,2.59,2.59
2014.09.10,00:08:34.393,1.61235,1.61222,1,1.39
2014.09.10,00:08:34.595,1.61233,1.61217,1.84,4.46
2014.09.10,00:08:34.799,1.61233,1.61217,2.51,3.26
2014.09.10,00:08:35.831,1.61233,1.61217,2.51,1.76
2014.09.10,00:08:36.906,1.6123,1.61216,1,2.89
2014.09.10,00:08:37.059,1.61232,1.61216,1.01,2.51
2014.09.10,00:08:37.878,1.61231,1.61216,1,1.76
2014.09.10,00:08:38.384,1.6123,1.61217,1,1.19
2014.09.10,00:08:38.992,1.61232,1.61217,1.84,1.19
2014.09.10,00:08:40.864,1.61231,1.61217,1.32,1.69
2014.09.10,00:08:41.370,1.61232,1.61217,1.84,1.19
2014.09.10,00:08:44.516,1.61231,1.61217,1.84,1.19
2014.09.10,00:08:45.069,1.61231,1.61217,1.76,1.29
2014.09.10,00:08:45.629,1.6123,1.61217,1,1.76
2014.09.10,00:08:46.136,1.61231,1.61217,1.01,2.51
2014.09.10,00:08:47.516,1.6123,1.61217,1,1.69
2014.09.10,00:08:48.435,1.6123,1.61216,1.5,1.36
2014.09.10,00:08:48.638,1.61227,1.61215,1,1.26
2014.09.10,00:08:48.791,1.61227,1.61213,1,4.01
2014.09.10,00:08:48.842,1.61229,1.61215,1.01,1.01
2014.09.10,00:08:49.248,1.6123,1.61216,1.1,1.39
2014.09.10,00:08:50.223,1.6123,1.61216,1.25,1.84
2014.09.10,00:08:51.335,1.61235,1.61219,5.44,3.19
2014.09.10,00:08:51.385,1.61235,1.6122,3.19,2.14
2014.09.10,00:08:51.436,1.61235,1.61223,1,1.31
2014.09.10,00:08:51.487,1.61237,1.61225,1,1.25
2014.09.10,00:08:51.589,1.61239,1.61225,1.01,1.76
2014.09.10,00:08:51.690,1.61241,1.61226,1.19,1.57
2014.09.10,00:08:51.893,1.61241,1.61225,1.69,1.4
2014.09.10,00:08:52.399,1.61241,1.61225,1.29,1.29
2014.09.10,00:08:52.957,1.6124,1.61226,1.25,1.19
2014.09.10,00:08:53.260,1.61233,1.61223,1,1.19
2014.09.10,00:08:53.362,1.61233,1.61221,1,1.19
2014.09.10,00:08:53.464,1.61234,1.61218,2.44,2.51
2014.09.10,00:08:53.566,1.61229,1.61218,1,1.15
2014.09.10,00:08:54.090,1.61229,1.61216,1,1.76
2014.09.10,00:08:56.270,1.61231,1.61216,1.19,1.84
2014.09.10,00:08:59.701,1.61231,1.61216,1.29,1.4
2014.09.10,00:09:01.362,1.61231,1.61216,1.76,1.36
2014.09.10,00:09:02.385,1.61231,1.61216,1.34,1.69
2014.09.10,00:09:03.559,1.61232,1.61217,1.69,2.44
2014.09.10,00:09:04.066,1.61233,1.61218,1.76,1.69
2014.09.10,00:09:09.399,1.61234,1.61221,2.44,1.19
2014.09.10,00:09:09.451,1.61234,1.61221,1.01,1.19
2014.09.10,00:09:09.704,1.61236,1.61224,1.3,1.69
2014.09.10,00:09:09.755,1.61239,1.61225,2.51,1
2014.09.10,00:09:09.907,1.61239,1.61226,1.3,1.19
2014.09.10,00:09:09.958,1.61241,1.61226,1.34,1.69
2014.09.10,00:09:10.988,1.61242,1.61228,2.51,1.19
2014.09.10,00:09:11.496,1.61242,1.61228,1.84,1.19
2014.09.10,00:09:13.270,1.61245,1.61233,1.84,1
2014.09.10,00:09:13.321,1.61245,1.61233,1.32,1
2014.09.10,00:09:13.423,1.61248,1.61233,2.51,1.5
2014.09.10,00:09:13.474,1.61248,1.61235,1.76,1
2014.09.10,00:09:13.778,1.6125,1.61238,1.57,1.69
2014.09.10,00:09:14.083,1.61252,1.6124,2.25,1.19
2014.09.10,00:09:15.043,1.61252,1.6124,1.57,1.19
2014.09.10,00:09:19.037,1.61251,1.61241,1.07,1.25
2014.09.10,00:09:19.546,1.61251,1.61241,1.07,1.19
2014.09.10,00:09:20.338,1.61252,1.61241,1.27,1.19
2014.09.10,00:09:20.859,1.61252,1.61241,3.37,1.19
2014.09.10,00:09:20.910,1.61252,1.61239,3.37,1.25
2014.09.10,00:09:21.509,1.61252,1.6124,3.56,1.25
2014.09.10,00:09:21.917,1.61248,1.61237,1,1.19
2014.09.10,00:09:22.019,1.61252,1.61236,3.94,1.5
2014.09.10,00:09:22.424,1.61251,1.61236,2.44,1.69
2014.09.10,00:09:25.757,1.61251,1.61236,1.76,1.19
2014.09.10,00:09:26.264,1.61251,1.61236,1.01,1.19
2014.09.10,00:09:33.352,1.61251,1.61237,1.3,1.69
2014.09.10,00:09:33.461,1.61253,1.61237,4.31,1.69
2014.09.10,00:09:33.765,1.61251,1.61237,1.3,1.69
2014.09.10,00:09:36.593,1.61253,1.61237,3.64,1.69
2014.09.10,00:09:37.119,1.61252,1.61237,1.69,1.69
2014.09.10,00:09:38.344,1.61252,1.61243,1.69,1
2014.09.10,00:09:38.395,1.61253,1.61243,1,1
2014.09.10,00:09:38.598,1.61253,1.61241,1.19,1
2014.09.10,00:09:38.700,1.61252,1.61241,1.19,1.5
2014.09.10,00:09:38.853,1.61252,1.61239,1.76,1
2014.09.10,00:09:39.005,1.6125,1.61238,1.32,1.25
2014.09.10,00:09:39.614,1.61251,1.61238,1.69,1.25
2014.09.10,00:09:39.990,1.61249,1.61238,1.32,1
2014.09.10,00:09:40.334,1.61251,1.61238,2.44,1
2014.09.10,00:09:42.410,1.6125,1.61238,1.26,1
2014.09.10,00:09:45.600,1.61251,1.61238,1.76,1
2014.09.10,00:09:49.812,1.61249,1.61238,1.32,1
2014.09.10,00:09:50.391,1.6125,1.61238,1.34,1
2014.09.10,00:09:51.214,1.6125,1.61237,1.34,1.25
2014.09.10,00:09:51.721,1.61248,1.61232,1.69,1.76
2014.09.10,00:09:52.026,1.6125,1.61237,1.36,1
2014.09.10,00:09:52.785,1.61251,1.61237,2.51,1.25
2014.09.10,00:09:54.544,1.6125,1.61237,1.3,1
2014.09.10,00:09:55.047,1.61251,1.61237,2.44,1
2014.09.10,00:10:00.245,1.61247,1.61237,1,1
2014.09.10,00:10:02.647,1.61248,1.61237,1.5,1.25
2014.09.10,00:10:12.663,1.61248,1.61236,1.5,1.25
2014.09.10,00:10:25.949,1.61248,1.61236,1,1.69
2014.09.10,00:10:39.073,1.61249,1.61236,1.01,1.69
2014.09.10,00:10:45.292,1.61251,1.61236,1.76,1.69
2014.09.10,00:10:45.902,1.61251,1.61236,1.36,1.69
2014.09.10,00:10:46.397,1.6125,1.61236,1.3,1.69
2014.09.10,00:10:46.924,1.61251,1.61236,2.51,1.69
2014.09.10,00:10:50.147,1.61251,1.61236,2.51,1.5
2014.09.10,00:10:53.518,1.61251,1.61237,3.26,1
2014.09.10,00:10:55.350,1.6125,1.61237,1.26,1
2014.09.10,00:10:56.307,1.61251,1.61237,2.51,1
2014.09.10,00:10:57.709,1.6125,1.61237,1.26,1
2014.09.10,00:10:58.749,1.61251,1.61237,2.51,1
2014.09.10,00:10:59.258,1.61251,1.61237,1.76,1
2014.09.10,00:10:59.765,1.61251,1.61237,2.59,1
2014.09.10,00:11:02.820,1.61251,1.61237,1.65,1
2014.09.10,00:11:03.943,1.61251,1.61237,2.59,1.25
2014.09.10,00:11:12.088,1.6125,1.61237,1.36,1
2014.09.10,00:11:13.063,1.61251,1.61237,2.51,1.25
2014.09.10,00:11:14.156,1.61251,1.61237,1.26,1
2014.09.10,00:11:14.662,1.61251,1.61237,1.76,1
2014.09.10,00:11:23.271,1.61251,1.61237,1.26,1
2014.09.10,00:11:23.788,1.61249,1.61237,1.1,1
2014.09.10,00:11:26.676,1.61249,1.61237,1.29,1
2014.09.10,00:11:27.204,1.61251,1.61237,2.51,1
2014.09.10,00:11:30.556,1.61251,1.61245,1.76,1
2014.09.10,00:11:30.607,1.61251,1.61246,1,1
2014.09.10,00:11:30.760,1.61257,1.61245,1,1.95
2014.09.10,00:11:30.963,1.61258,1.61243,1.5,1.65
2014.09.10,00:11:31.065,1.61256,1.61242,2.62,1.32
2014.09.10,00:11:31.572,1.61256,1.61244,1.19,1.1
2014.09.10,00:11:31.724,1.61258,1.61244,2.51,1.01
2014.09.10,00:11:33.098,1.61256,1.61244,1.69,1.1
2014.09.10,00:11:36.808,1.61254,1.61242,1.19,2.32
2014.09.10,00:11:38.930,1.61255,1.61242,1.19,2.32
2014.09.10,00:11:39.439,1.61256,1.61242,1.19,2.32
2014.09.10,00:11:40.056,1.61252,1.61242,1.29,1.1
2014.09.10,00:11:40.158,1.61252,1.61238,1.76,1.25
2014.09.10,00:11:40.664,1.6125,1.61236,2.51,2.44
2014.09.10,00:11:40.917,1.61247,1.61236,1,1.69
2014.09.10,00:11:41.726,1.61247,1.61236,1,1.69
2014.09.10,00:11:43.410,1.61249,1.61236,1,1.76
2014.09.10,00:11:43.461,1.61249,1.61238,1,1.26
2014.09.10,00:11:43.512,1.61251,1.61239,1,1.29
2014.09.10,00:11:45.388,1.61252,1.61239,1.5,1.29
2014.09.10,00:11:45.920,1.61252,1.61239,1,1.76
2014.09.10,00:11:49.300,1.61252,1.61244,1,1
2014.09.10,00:11:49.553,1.61259,1.61246,1.69,1
2014.09.10,00:11:50.282,1.61258,1.61245,1.76,1.69
2014.09.10,00:11:52.685,1.61257,1.61246,1.01,1
2014.09.10,00:11:55.776,1.61259,1.61246,1.36,1
2014.09.10,00:11:56.024,1.61257,1.61243,1,1.36
2014.09.10,00:11:56.125,1.61254,1.6124,1.5,2.51
2014.09.10,00:11:56.429,1.61254,1.61238,2.81,3.64
2014.09.10,00:11:57.201,1.61251,1.61238,1,1.76
2014.09.10,00:11:57.353,1.61251,1.61237,1.76,1.29
2014.09.10,00:11:59.459,1.61251,1.61235,1.76,3.26
2014.09.10,00:12:01.588,1.61251,1.61235,2.44,2.59
2014.09.10,00:12:02.094,1.61251,1.61235,2.51,1.76
2014.09.10,00:12:02.398,1.61247,1.61234,1.1,1.69
2014.09.10,00:12:02.500,1.61247,1.61233,1.07,1
2014.09.10,00:12:02.905,1.61248,1.61234,1.69,1.31
2014.09.10,00:12:04.163,1.61248,1.61234,2.25,2.14
2014.09.10,00:12:06.667,1.61248,1.61234,2.25,1.66
2014.09.10,00:12:07.947,1.61248,1.61236,1,1
2014.09.10,00:12:08.253,1.61252,1.61238,3.94,1.19
2014.09.10,00:12:12.407,1.61251,1.61237,1.32,1.19
2014.09.10,00:12:14.804,1.61251,1.61236,1.3,1.69
2014.09.10,00:12:15.324,1.61252,1.61236,2.51,1.69
2014.09.10,00:12:15.869,1.61252,1.61236,1.84,1.69
2014.09.10,00:12:17.541,1.61252,1.61236,2.96,2.44
2014.09.10,00:12:17.694,1.61252,1.61236,3.94,1.69
2014.09.10,00:12:17.846,1.61249,1.61235,1.07,1.69
2014.09.10,00:12:21.854,1.61248,1.61235,1,1.76
2014.09.10,00:12:22.159,1.6125,1.61237,1,1.19
2014.09.10,00:12:24.707,1.6125,1.61236,1,1.69
2014.09.10,00:12:25.835,1.6125,1.61239,1,1.22
2014.09.10,00:12:25.886,1.61253,1.61241,1,1.2
2014.09.10,00:12:25.937,1.61253,1.61241,1,1.84
2014.09.10,00:12:25.988,1.61255,1.61242,1.25,1.69
2014.09.10,00:12:27.561,1.61257,1.61244,1.29,1
2014.09.10,00:12:28.077,1.61258,1.61243,1.34,2.81
2014.09.10,00:12:29.099,1.61258,1.61246,1.34,1
2014.09.10,00:12:29.201,1.61259,1.61245,1.1,1.1
2014.09.10,00:12:29.708,1.61259,1.61245,1.19,1.19
2014.09.10,00:12:30.215,1.61259,1.61245,1.76,1.19
2014.09.10,00:12:30.723,1.61259,1.61245,1.76,1
2014.09.10,00:12:31.638,1.61259,1.61245,1.34,1
2014.09.10,00:12:32.144,1.61259,1.61245,1.76,1.19
2014.09.10,00:12:34.063,1.61258,1.61245,1.32,1.19
2014.09.10,00:12:34.165,1.61258,1.61245,1.09,1.19
2014.09.10,00:12:34.875,1.61258,1.61243,1.84,1.19
2014.09.10,00:12:36.794,1.61258,1.61243,2.51,1.19
2014.09.10,00:12:37.458,1.61258,1.61242,2.51,3.26
2014.09.10,00:12:38.382,1.61258,1.61242,2.51,3.19
2014.09.10,00:12:39.194,1.61257,1.61243,1.3,1.19
2014.09.10,00:12:41.877,1.61258,1.61243,2.51,1.69
2014.09.10,00:12:42.665,1.61258,1.61243,2.51,1.19
2014.09.10,00:12:43.883,1.61259,1.61245,1.84,1.31
2014.09.10,00:12:44.405,1.6126,1.61245,2.51,1.29
2014.09.10,00:12:45.396,1.6126,1.61245,1.76,1.19
2014.09.10,00:12:45.959,1.6126,1.61245,1.39,1.19
2014.09.10,00:12:46.465,1.61259,1.61245,1.84,1.19
2014.09.10,00:12:47.078,1.61259,1.61244,2.59,1.19
2014.09.10,00:12:51.409,1.61259,1.61244,1.84,1.25
2014.09.10,00:12:57.087,1.61258,1.61243,1.32,2.44
2014.09.10,00:12:59.630,1.61259,1.61244,2.51,1.25
2014.09.10,00:12:59.985,1.6126,1.6125,1.76,1
2014.09.10,00:13:00.036,1.61261,1.6125,1.29,1
2014.09.10,00:13:00.138,1.61265,1.6125,1.09,2.81
2014.09.10,00:13:00.189,1.61267,1.61253,4.31,1
2014.09.10,00:13:00.696,1.61268,1.61254,1.84,1.5
2014.09.10,00:13:01.757,1.61268,1.61256,1.26,1
2014.09.10,00:13:02.010,1.61267,1.61252,1.76,1
2014.09.10,00:13:02.627,1.61266,1.61252,1.76,1
2014.09.10,00:13:03.262,1.61263,1.6125,1,1.01
2014.09.10,00:13:03.769,1.61263,1.61248,1.36,1.76
2014.09.10,00:13:05.360,1.61263,1.61248,1.84,1.29
2014.09.10,00:13:06.454,1.61263,1.61249,1.29,1.1
2014.09.10,00:13:06.556,1.61263,1.61253,1.1,1.87
2014.09.10,00:13:06.658,1.61266,1.61256,1,1
2014.09.10,00:13:06.811,1.61268,1.61256,1,1.19
2014.09.10,00:13:07.426,1.61269,1.61255,1.3,2.44
2014.09.10,00:13:07.882,1.6127,1.61255,1.76,1.5
2014.09.10,00:13:08.538,1.6127,1.61255,2.14,1.69
2014.09.10,00:13:09.044,1.61271,1.61257,2.06,1.25
2014.09.10,00:13:09.550,1.61271,1.61258,2.06,1
2014.09.10,00:13:10.534,1.61272,1.61258,2.51,1.25
2014.09.10,00:13:10.636,1.61272,1.61261,1.29,1
2014.09.10,00:13:11.143,1.61273,1.6126,1.84,1
2014.09.10,00:13:11.447,1.61273,1.61262,1.36,1
2014.09.10,00:13:12.168,1.61274,1.61262,2.14,1
2014.09.10,00:13:12.321,1.61275,1.61262,1.27,1
2014.09.10,00:13:12.371,1.61275,1.61264,1.09,1
2014.09.10,00:13:12.524,1.61277,1.61264,1.19,1.69
2014.09.10,00:13:12.575,1.61277,1.61264,1,2.44
2014.09.10,00:13:13.083,1.6128,1.61266,4.31,1.25
2014.09.10,00:13:13.752,1.6128,1.61265,4.31,1.69
2014.09.10,00:13:15.052,1.61279,1.61266,1.76,1.19
2014.09.10,00:13:15.920,1.6128,1.61268,1.87,1
2014.09.10,00:13:15.972,1.61282,1.61268,2.81,1
2014.09.10,00:13:16.478,1.61282,1.61268,2.81,1.19
2014.09.10,00:13:17.385,1.61282,1.61268,2.06,1.69
2014.09.10,00:13:17.891,1.61282,1.61268,2.06,1.69
2014.09.10,00:13:18.493,1.61281,1.61271,1.2,1
2014.09.10,00:13:19.176,1.61281,1.61271,1.87,1
2014.09.10,00:13:19.278,1.61282,1.61271,1.67,1
2014.09.10,00:13:19.883,1.61283,1.61271,2.25,1.69
2014.09.10,00:13:19.985,1.61284,1.61273,1.25,1
2014.09.10,00:13:20.238,1.61284,1.61272,1.32,1.25
2014.09.10,00:13:20.342,1.61286,1.61272,1.84,1.25
2014.09.10,00:13:20.443,1.61284,1.61271,1.3,1.69
2014.09.10,00:13:20.949,1.61285,1.61271,2.44,1.69
2014.09.10,00:13:21.251,1.61282,1.61271,1.07,1.69
2014.09.10,00:13:22.648,1.61284,1.61271,1.5,1.69
2014.09.10,00:13:23.159,1.61284,1.61271,1.69,1.69
2014.09.10,00:13:24.214,1.61284,1.61271,1.5,2.44
2014.09.10,00:13:25.205,1.61284,1.61271,1.69,1.69
2014.09.10,00:13:25.367,1.61284,1.61273,1,1.87
2014.09.10,00:13:25.621,1.61289,1.61275,1.01,1.57
2014.09.10,00:13:25.975,1.6129,1.61276,1.97,1.25
2014.09.10,00:13:26.488,1.61291,1.61276,3.64,1.69
2014.09.10,00:13:26.592,1.61291,1.61277,3.64,1.19
2014.09.10,00:13:27.305,1.61291,1.61279,1.95,1.19
2014.09.10,00:13:27.765,1.61292,1.6128,1.15,1.19
2014.09.10,00:13:28.626,1.61292,1.61281,1.17,1.19
2014.09.10,00:13:29.162,1.61294,1.61281,3.37,1.19
2014.09.10,00:13:32.030,1.61294,1.6128,3.37,1.19
2014.09.10,00:13:32.183,1.61292,1.6128,1.2,1.69
2014.09.10,00:13:32.490,1.61297,1.61283,1.17,2.44
2014.09.10,00:13:32.693,1.613,1.61284,1.26,1.76
2014.09.10,00:13:32.745,1.61298,1.61284,1.19,1.76
2014.09.10,00:13:33.013,1.613,1.61285,1.76,1
2014.09.10,00:13:33.281,1.613,1.61288,1.17,1
2014.09.10,00:13:33.789,1.61301,1.61287,1.34,1.69
2014.09.10,00:13:34.145,1.613,1.61287,1.29,1
2014.09.10,00:13:34.672,1.613,1.61286,1.76,1.25
2014.09.10,00:13:36.261,1.613,1.61286,1.29,1
2014.09.10,00:13:36.783,1.61301,1.61287,2.21,1
2014.09.10,00:13:39.856,1.613,1.61287,1.29,1
2014.09.10,00:13:40.590,1.613,1.61286,1.76,1.25
2014.09.10,00:13:44.341,1.61299,1.61285,1.26,1.5
2014.09.10,00:13:44.849,1.61299,1.61285,1.19,1.25
2014.09.10,00:13:45.356,1.61299,1.61286,1.19,1
2014.09.10,00:13:46.537,1.61299,1.61287,1.19,1
2014.09.10,00:13:46.588,1.61301,1.61287,2.21,1
2014.09.10,00:13:47.882,1.613,1.61287,1.29,1
2014.09.10,00:13:55.935,1.61299,1.61285,1.26,1.19
2014.09.10,00:13:56.441,1.61299,1.61285,1.76,1.25
2014.09.10,00:13:56.948,1.61299,1.61286,1.19,1
2014.09.10,00:13:59.812,1.61301,1.61286,2.14,1
2014.09.10,00:14:00.884,1.61302,1.61286,3.71,1.25
2014.09.10,00:14:00.934,1.61302,1.61288,3.71,1
2014.09.10,00:14:01.796,1.61301,1.61288,1.39,1
2014.09.10,00:14:01.847,1.61301,1.61286,1.39,1
2014.09.10,00:14:03.494,1.61301,1.61287,1.29,1
2014.09.10,00:14:04.001,1.613,1.61287,1.19,1
2014.09.10,00:14:05.136,1.61301,1.61287,1.39,1
2014.09.10,00:14:07.953,1.61301,1.61286,1.19,1.65
2014.09.10,00:14:08.460,1.61301,1.61286,1.29,1.76
2014.09.10,00:14:09.358,1.61301,1.61286,1.39,1.5
2014.09.10,00:14:10.655,1.61301,1.61287,3.56,1
2014.09.10,00:14:12.629,1.613,1.61287,1.29,1
2014.09.10,00:14:14.449,1.613,1.61287,1.29,1.37
2014.09.10,00:14:14.601,1.61302,1.61292,1,1.1
2014.09.10,00:14:14.652,1.61307,1.61292,1.39,1.2
2014.09.10,00:14:14.804,1.61306,1.61295,1,1.19
2014.09.10,00:14:14.906,1.6131,1.61298,1.76,1
2014.09.10,00:14:15.008,1.61311,1.61298,1.57,2.44
2014.09.10,00:14:15.289,1.61311,1.61297,1.84,1
2014.09.10,00:14:15.341,1.61311,1.613,1,1.25
2014.09.10,00:14:15.645,1.6131,1.61301,1.07,1.19
2014.09.10,00:14:15.747,1.61312,1.61298,2.44,1.25
2014.09.10,00:14:15.849,1.61311,1.613,1.5,1
2014.09.10,00:14:16.052,1.61311,1.61301,1,1.25
2014.09.10,00:14:16.103,1.61316,1.61301,1.17,1.25
2014.09.10,00:14:16.154,1.61316,1.61306,1.2,1.25
2014.09.10,00:14:17.653,1.61317,1.61306,1.65,1.25
2014.09.10,00:14:18.149,1.61317,1.61305,2.32,1.19
2014.09.10,00:14:18.757,1.61317,1.61302,1.57,1.69
2014.09.10,00:14:19.263,1.61318,1.61302,2.89,2.51
2014.09.10,00:14:20.423,1.61316,1.61302,1.1,4.64
2014.09.10,00:14:21.439,1.61318,1.61303,2.25,1.5
2014.09.10,00:14:22.415,1.61317,1.61303,1.07,1.19
2014.09.10,00:14:22.668,1.61318,1.61303,1.17,1.19
2014.09.10,00:14:22.719,1.61318,1.61306,1.1,1.5
2014.09.10,00:14:22.922,1.61326,1.61309,1,1.76
2014.09.10,00:14:23.025,1.61326,1.61311,1.25,2.25
2014.09.10,00:14:23.328,1.61328,1.61312,1,3.67
2014.09.10,00:14:23.379,1.61331,1.61313,1.09,1.54
2014.09.10,00:14:23.846,1.61328,1.61313,1.25,2.76
2014.09.10,00:14:24.000,1.61328,1.61312,1.57,1.26
2014.09.10,00:14:24.457,1.61329,1.61313,1.25,2.44
2014.09.10,00:14:24.980,1.61329,1.61314,1.19,1.01
2014.09.10,00:14:25.286,1.61329,1.61321,1.29,1
2014.09.10,00:14:25.387,1.61332,1.61321,1,1.57
2014.09.10,00:14:25.438,1.61335,1.61322,1.87,1.32
2014.09.10,00:14:25.489,1.61336,1.6133,1.5,1
2014.09.10,00:14:25.693,1.61338,1.6133,1,1
2014.09.10,00:14:25.744,1.61338,1.61326,1,3.34
2014.09.10,00:14:26.048,1.6134,1.61327,1.07,1.19
2014.09.10,00:14:26.150,1.61342,1.61327,1.71,1.19
2014.09.10,00:14:27.027,1.61342,1.61327,2.14,1.19
2014.09.10,00:14:27.536,1.61342,1.61326,2.21,1.84
2014.09.10,00:14:29.091,1.61342,1.61326,2.89,1.01
2014.09.10,00:14:29.344,1.61338,1.61324,1.2,1.36
2014.09.10,00:14:29.851,1.61339,1.61325,1.76,1
2014.09.10,00:14:33.133,1.61337,1.61323,1.76,1.31
2014.09.10,00:14:33.236,1.61335,1.61321,2.44,1.1
2014.09.10,00:14:33.389,1.61333,1.61319,1.29,1.1
2014.09.10,00:14:33.644,1.61332,1.61321,1.22,1
2014.09.10,00:14:33.847,1.61334,1.6132,1.19,1.22
2014.09.10,00:14:33.949,1.61334,1.61319,1.29,1.76
2014.09.10,00:14:34.607,1.61333,1.61318,1.26,1.76
2014.09.10,00:14:35.417,1.61333,1.61322,1.39,1
2014.09.10,00:14:35.671,1.61335,1.61322,1.69,1.07
2014.09.10,00:14:36.178,1.61334,1.61322,1.19,1.1
2014.09.10,00:14:36.279,1.61334,1.6132,1.76,1.1
2014.09.10,00:14:36.786,1.61333,1.61319,1.32,1.25
2014.09.10,00:14:37.617,1.61332,1.61319,1.29,1
2014.09.10,00:14:40.044,1.61332,1.61318,1.76,1.09
2014.09.10,00:14:43.081,1.61332,1.61318,1.01,1.25
2014.09.10,00:14:44.059,1.61331,1.61317,1,1.69
2014.09.10,00:14:44.161,1.6133,1.61317,1.07,1.25
2014.09.10,00:14:44.262,1.61332,1.61317,1.84,1.25
2014.09.10,00:14:45.223,1.61332,1.61316,1.76,1.76
2014.09.10,00:14:46.200,1.6133,1.61316,1.19,1.76
2014.09.10,00:14:46.880,1.6133,1.61316,1.19,2.01
2014.09.10,00:14:48.592,1.61331,1.61316,1.69,1.25
2014.09.10,00:14:49.569,1.61331,1.61316,1.69,1.09
2014.09.10,00:14:51.142,1.6133,1.61316,1.19,1.07
2014.09.10,00:14:54.352,1.61331,1.61317,1.19,1.07
2014.09.10,00:14:59.807,1.61331,1.61317,1.36,1
2014.09.10,00:15:00.313,1.61329,1.61316,1.76,1
2014.09.10,00:15:00.668,1.61329,1.61316,2.44,1
2014.09.10,00:15:01.987,1.61328,1.61314,1.19,2.4
2014.09.10,00:15:02.522,1.61326,1.61314,1,1.5
2014.09.10,00:15:03.038,1.61329,1.61314,1.19,1.65
2014.09.10,00:15:03.608,1.61329,1.61314,1.29,1.65
2014.09.10,00:15:05.044,1.6133,1.61317,2.21,1
2014.09.10,00:15:05.552,1.6133,1.61315,1.26,1.29
2014.09.10,00:15:07.144,1.61329,1.61315,1.29,1.01
2014.09.10,00:15:08.269,1.6133,1.61315,1.26,1.1
2014.09.10,00:15:15.459,1.61329,1.61315,1.01,1
2014.09.10,00:15:16.140,1.61329,1.61315,1.36,1
2014.09.10,00:15:16.643,1.61329,1.61315,1.76,1
2014.09.10,00:15:17.965,1.61329,1.61315,1.36,1
2014.09.10,00:15:20.912,1.61329,1.61315,1.26,1.25
2014.09.10,00:15:21.631,1.61329,1.61316,1.34,1.5
2014.09.10,00:15:24.200,1.6133,1.61316,1.84,1
2014.09.10,00:15:25.987,1.61329,1.61316,1.19,1
2014.09.10,00:15:28.133,1.61328,1.61317,1.19,1
2014.09.10,00:15:28.831,1.61326,1.61317,1.19,1
2014.09.10,00:15:28.883,1.61325,1.61315,1.26,1
2014.09.10,00:15:29.138,1.61328,1.61313,1.84,1.5
2014.09.10,00:15:29.648,1.61325,1.61312,1.1,1.25
2014.09.10,00:15:30.155,1.61324,1.6131,2.32,1.69
2014.09.10,00:15:30.408,1.61323,1.61309,1.1,1.19
2014.09.10,00:15:33.289,1.61323,1.61311,1.2,1.5
2014.09.10,00:15:33.391,1.61323,1.61314,1,1
2014.09.10,00:15:33.442,1.61326,1.61314,1.01,1.25
2014.09.10,00:15:33.596,1.61326,1.61316,1.25,1
2014.09.10,00:15:34.645,1.61329,1.61316,1.36,1
2014.09.10,00:15:35.152,1.61329,1.61315,1.84,1.25
2014.09.10,00:15:35.713,1.61328,1.61315,1.29,1
2014.09.10,00:15:35.918,1.6133,1.61316,1.76,1.25
2014.09.10,00:15:36.433,1.6133,1.61317,1.19,1.1
2014.09.10,00:15:36.952,1.6133,1.61316,1.76,1.25
2014.09.10,00:15:38.198,1.61329,1.61316,1.01,1.25
2014.09.10,00:15:38.705,1.6133,1.61316,1.26,1.25
2014.09.10,00:15:40.389,1.61327,1.61315,1.07,1.69
2014.09.10,00:15:40.743,1.61327,1.61314,1.26,1.25
2014.09.10,00:15:40.794,1.61327,1.61313,3.26,1.19
2014.09.10,00:15:41.383,1.61327,1.61313,1.76,1.19
2014.09.10,00:15:42.799,1.61327,1.61313,1.76,1.19
2014.09.10,00:15:43.571,1.61327,1.61313,1.36,1.19
2014.09.10,00:15:44.406,1.61327,1.61313,1.76,1.19
2014.09.10,00:15:44.923,1.61327,1.61313,1.26,1.19
2014.09.10,00:15:47.808,1.61327,1.61313,1.69,1.19
2014.09.10,00:15:48.378,1.61325,1.6131,1.69,1.69
2014.09.10,00:15:49.036,1.61325,1.6131,1.34,1.69
2014.09.10,00:15:49.537,1.61323,1.6131,1.25,1.5
2014.09.10,00:15:50.045,1.61323,1.6131,1.09,1.5
2014.09.10,00:15:50.589,1.61322,1.6131,1.19,1.5
2014.09.10,00:15:52.990,1.61322,1.6131,1.25,2.25
2014.09.10,00:15:53.535,1.61322,1.61308,1.25,1.62
2014.09.10,00:15:55.079,1.61322,1.61308,1.25,1.25
2014.09.10,00:15:57.012,1.61321,1.61307,1.1,1.19
2014.09.10,00:15:57.114,1.61321,1.61306,1.57,1.19
2014.09.10,00:15:58.380,1.6132,1.61306,1.36,1.19
2014.09.10,00:15:59.064,1.6132,1.61308,1.29,1
2014.09.10,00:15:59.722,1.61321,1.61306,2.51,1.19
2014.09.10,00:16:00.256,1.61321,1.61308,4.01,1
2014.09.10,00:16:04.200,1.61321,1.61308,1.09,1
2014.09.10,00:16:05.219,1.61321,1.61308,1.84,1
2014.09.10,00:16:05.399,1.61318,1.61305,1.25,1.65
2014.09.10,00:16:05.977,1.61318,1.61304,1.25,2.51
2014.09.10,00:16:06.480,1.61318,1.61304,1.25,1.84
2014.09.10,00:16:07.017,1.61318,1.61304,1.19,1.84
2014.09.10,00:16:09.320,1.61315,1.61304,1.25,1.5
2014.09.10,00:16:09.371,1.61315,1.61303,1.25,1.25
2014.09.10,00:16:09.422,1.61314,1.61303,1.19,1
2014.09.10,00:16:09.473,1.61314,1.613,1.19,1.69
2014.09.10,00:16:09.828,1.61313,1.61299,1.1,1.95
2014.09.10,00:16:09.879,1.61315,1.61301,1.25,1.57
2014.09.10,00:16:10.391,1.61316,1.61303,1.19,1.09
2014.09.10,00:16:12.439,1.61317,1.61303,1.69,1.39
2014.09.10,00:16:12.947,1.61317,1.61303,1.69,1.39
2014.09.10,00:16:13.503,1.61317,1.61303,1.69,1.39
2014.09.10,00:16:14.594,1.61314,1.61302,1,1.19
2014.09.10,00:16:14.696,1.61312,1.61299,1.19,1.09
2014.09.10,00:16:14.848,1.61309,1.61299,1.19,1
2014.09.10,00:16:15.000,1.61308,1.61296,1.25,1.2
2014.09.10,00:16:15.506,1.61309,1.61297,1.19,1.1
2014.09.10,00:16:16.716,1.6131,1.61297,1.19,1.01
2014.09.10,00:16:20.645,1.61309,1.61297,1.29,1
2014.09.10,00:16:21.159,1.61311,1.61298,1.84,1
2014.09.10,00:16:22.916,1.61312,1.61299,2.51,1
2014.09.10,00:16:23.169,1.61312,1.61299,1,1.19
2014.09.10,00:16:23.779,1.61315,1.61301,2.51,1
2014.09.10,00:16:24.285,1.61315,1.61301,1.26,1.19
2014.09.10,00:16:25.243,1.61315,1.61301,1.32,1.25
2014.09.10,00:16:25.746,1.61312,1.61301,1,1.1
2014.09.10,00:16:25.847,1.61311,1.61297,1.36,1.19
2014.09.10,00:16:25.999,1.61309,1.61296,1.32,1.19
2014.09.10,00:16:26.253,1.61308,1.61294,1.65,1.19
2014.09.10,00:16:26.489,1.61309,1.61295,1.09,1.25
2014.09.10,00:16:26.540,1.61309,1.61295,1.2,1.69
2014.09.10,00:16:27.554,1.61309,1.61295,1,3.19
2014.09.10,00:16:28.668,1.61309,1.61296,1,1.19
2014.09.10,00:16:33.660,1.61309,1.61296,1,1.19
2014.09.10,00:16:36.654,1.61309,1.61296,1,1.69
2014.09.10,00:16:44.049,1.61309,1.61296,1.17,1.69
2014.09.10,00:16:46.036,1.61309,1.61296,1.1,1.69
2014.09.10,00:16:50.481,1.61309,1.61296,1,1.19
2014.09.10,00:16:52.088,1.61309,1.61297,1,1.19
2014.09.10,00:16:52.702,1.61309,1.61296,1,1.19
2014.09.10,00:16:58.142,1.61309,1.61296,1.1,1.19
2014.09.10,00:17:00.320,1.61309,1.613,1.1,1.31
2014.09.10,00:17:00.523,1.61315,1.61303,1,1.39
2014.09.10,00:17:00.624,1.61318,1.61304,1,2.81
2014.09.10,00:17:01.130,1.6132,1.61304,2.59,2.81
2014.09.10,00:17:01.637,1.6132,1.61306,1.84,1.19
2014.09.10,00:17:01.940,1.61317,1.61302,2.74,1.66
2014.09.10,00:17:02.447,1.61317,1.61304,1.25,1.31
2014.09.10,00:17:02.953,1.61318,1.61304,1.76,1
2014.09.10,00:17:05.111,1.61317,1.61304,1.19,1.25
2014.09.10,00:17:10.051,1.61318,1.61304,1.76,1
2014.09.10,00:17:11.284,1.61317,1.61303,1.25,2.06
2014.09.10,00:17:12.468,1.61316,1.61303,1.19,2.06
2014.09.10,00:17:14.236,1.61317,1.61303,1.25,2.81
2014.09.10,00:17:14.744,1.61319,1.61306,1.76,1
2014.09.10,00:17:14.795,1.6132,1.61306,1.19,1.5
2014.09.10,00:17:15.253,1.61318,1.61305,1.26,1.69
2014.09.10,00:17:15.877,1.61317,1.61305,1.32,1.25
2014.09.10,00:17:16.183,1.61314,1.61302,1.19,1.5
2014.09.10,00:17:16.386,1.61311,1.61298,1.07,2.62
2014.09.10,00:17:16.944,1.61311,1.61299,1.17,1.19
2014.09.10,00:17:18.007,1.61311,1.61299,1.57,1.19
2014.09.10,00:17:18.564,1.61311,1.61299,1.17,1.19
2014.09.10,00:17:19.667,1.61311,1.61299,1.57,1.19
2014.09.10,00:17:20.174,1.61311,1.61299,1.17,1.19
2014.09.10,00:17:21.195,1.61311,1.61299,1.57,1.19
2014.09.10,00:17:21.701,1.6131,1.61299,1.1,1.19
2014.09.10,00:17:26.303,1.61312,1.61299,1.65,1.19
2014.09.10,00:17:28.313,1.61312,1.61299,2.25,1.19
2014.09.10,00:17:28.860,1.61312,1.61299,3,1.19
2014.09.10,00:17:29.517,1.61312,1.61299,3,1.19
2014.09.10,00:17:31.588,1.61312,1.613,1.07,2.06
2014.09.10,00:17:31.791,1.61316,1.61302,1.84,1.25
2014.09.10,00:17:32.297,1.61316,1.61303,1.32,1
2014.09.10,00:17:32.804,1.61316,1.61303,1.32,1.19
2014.09.10,00:17:34.093,1.61316,1.61302,1.3,1.69
2014.09.10,00:17:34.618,1.61317,1.61302,3.26,1.69
2014.09.10,00:17:35.434,1.61316,1.61302,1.32,1.69
2014.09.10,00:17:35.947,1.61316,1.61302,1.07,1.19
2014.09.10,00:17:36.894,1.61316,1.61303,1.07,1.19
2014.09.10,00:17:37.829,1.61317,1.61303,2.59,1.19
2014.09.10,00:17:38.032,1.61317,1.61303,3.94,1.19
2014.09.10,00:17:38.747,1.61317,1.61303,1.09,2.44
2014.09.10,00:17:40.938,1.61317,1.61303,1.09,1.69
2014.09.10,00:17:41.753,1.61317,1.61303,1.39,1.19
2014.09.10,00:17:46.350,1.61317,1.61303,1.32,1.25
2014.09.10,00:17:47.828,1.61317,1.61303,1.69,1
2014.09.10,00:17:48.132,1.61318,1.61303,1.4,1.69
2014.09.10,00:17:48.233,1.61318,1.61304,2.44,1.25
2014.09.10,00:17:49.416,1.61318,1.61304,2.44,1.25
2014.09.10,00:17:51.754,1.61318,1.61302,3.19,2.44
2014.09.10,00:17:53.951,1.61318,1.61302,1.84,2.44
2014.09.10,00:17:55.338,1.61318,1.61303,1.84,1.19
2014.09.10,00:17:55.794,1.61317,1.61303,1.22,1.19
2014.09.10,00:17:56.570,1.61318,1.61303,3.19,1.19
2014.09.10,00:17:57.083,1.61318,1.61303,1.84,1.29
2014.09.10,00:18:00.083,1.61318,1.61302,2.59,3.71
2014.09.10,00:18:04.898,1.61317,1.61303,1.25,1.39
2014.09.10,00:18:09.691,1.61317,1.61303,1.09,1.19
2014.09.10,00:18:10.198,1.61317,1.61303,1.01,1.29
2014.09.10,00:18:11.295,1.61317,1.61303,1.32,1.19
2014.09.10,00:18:12.139,1.61317,1.61303,1.25,1.19
2014.09.10,00:18:13.454,1.61319,1.61307,1.84,1
2014.09.10,00:18:13.505,1.61322,1.61308,1.1,1.1
2014.09.10,00:18:13.606,1.61322,1.61308,1.76,2.14
2014.09.10,00:18:14.011,1.6132,1.61306,1.29,2.51
2014.09.10,00:18:14.417,1.61319,1.61306,1.22,1.19
2014.09.10,00:18:14.731,1.6132,1.61306,1.36,1.19
2014.09.10,00:18:15.207,1.61318,1.61303,1.57,2.44
2014.09.10,00:18:16.419,1.61318,1.61303,2.51,1.69
2014.09.10,00:18:16.936,1.61318,1.61303,1.76,1.69
2014.09.10,00:18:17.301,1.61318,1.61303,1.76,1.25
2014.09.10,00:18:17.843,1.61318,1.61304,1.29,1
2014.09.10,00:18:18.426,1.61318,1.61304,1.69,1
2014.09.10,00:18:18.934,1.61318,1.61304,1.76,1.19
2014.09.10,00:18:19.447,1.61318,1.61304,1.36,1.19
2014.09.10,00:18:19.955,1.61318,1.61304,1.84,1.25
2014.09.10,00:18:20.815,1.61318,1.61304,1.09,1.25
2014.09.10,00:18:22.434,1.61319,1.61305,1.76,1
2014.09.10,00:18:22.941,1.61319,1.61305,1.36,1
2014.09.10,00:18:23.486,1.61319,1.61305,1.76,1
2014.09.10,00:18:25.103,1.61319,1.61305,1.34,1
2014.09.10,00:18:26.016,1.61319,1.61305,1.26,1.19
2014.09.10,00:18:27.030,1.61319,1.61305,1.76,1.25
2014.09.10,00:18:28.026,1.61319,1.61305,1.29,1.1
2014.09.10,00:18:30.818,1.61319,1.61305,1.1,1.1
2014.09.10,00:18:32.116,1.61317,1.61303,1,3.64
2014.09.10,00:18:33.129,1.61313,1.61303,1,1.36
2014.09.10,00:18:33.180,1.61313,1.61301,1,2.44
2014.09.10,00:18:33.332,1.61314,1.613,1.57,1.19
2014.09.10,00:18:35.874,1.61313,1.61299,1.01,1.19
2014.09.10,00:18:38.247,1.61313,1.61299,1.69,1.19
2014.09.10,00:18:39.380,1.61311,1.61297,1.1,2.14
2014.09.10,00:18:40.372,1.61311,1.61299,1.1,1.19
2014.09.10,00:18:43.605,1.61311,1.61296,1.2,1.31
2014.09.10,00:18:44.595,1.61311,1.61297,1.2,1.19
2014.09.10,00:18:45.664,1.61313,1.61297,1.76,1.69
2014.09.10,00:18:45.766,1.61313,1.61298,1.09,1.29
2014.09.10,00:18:46.776,1.61313,1.61299,1.17,1.19
2014.09.10,00:18:47.781,1.61313,1.61299,1,1.19
2014.09.10,00:18:48.364,1.61313,1.61298,1,1.84
2014.09.10,00:18:50.309,1.61313,1.61298,1.17,1.29
2014.09.10,00:18:50.815,1.61313,1.61299,1.07,1.19
2014.09.10,00:18:51.322,1.61313,1.61299,1.1,1.29
2014.09.10,00:18:52.665,1.61312,1.61299,1,1.19
2014.09.10,00:18:52.716,1.61312,1.61298,1.1,1.19
2014.09.10,00:18:52.868,1.61312,1.61296,1.84,2.14
2014.09.10,00:18:52.919,1.61311,1.61296,1.36,1.57
2014.09.10,00:18:53.453,1.61311,1.61295,1.84,1.25
2014.09.10,00:18:53.980,1.6131,1.61295,1.39,1.19
2014.09.10,00:18:56.886,1.61311,1.61295,1.46,1.19
2014.09.10,00:18:58.109,1.61311,1.61295,2.21,1.69
2014.09.10,00:18:59.932,1.61311,1.61296,1.36,2.51
2014.09.10,00:19:03.333,1.61311,1.61297,1.25,1.19
2014.09.10,00:19:04.100,1.61311,1.61297,1.32,1.19
2014.09.10,00:19:04.625,1.61311,1.61297,1.01,1.29
2014.09.10,00:19:05.174,1.61311,1.61297,1.09,1.19
2014.09.10,00:19:08.035,1.61311,1.61296,1.17,2.51
2014.09.10,00:19:10.148,1.61311,1.61296,1.1,2.59
2014.09.10,00:19:10.654,1.61312,1.61298,1.01,1.01
2014.09.10,00:19:11.517,1.61312,1.61298,1.1,1.69
2014.09.10,00:19:12.137,1.61312,1.61298,1.17,1.69
2014.09.10,00:19:12.558,1.61312,1.613,1.17,1.19
2014.09.10,00:19:15.866,1.61314,1.613,1.09,1.69
2014.09.10,00:19:17.673,1.61315,1.613,1.26,1.76
2014.09.10,00:19:18.236,1.61315,1.613,1.76,1.69
2014.09.10,00:19:18.773,1.61314,1.613,1.32,1.69
2014.09.10,00:19:19.279,1.61314,1.613,1.97,1.69
2014.09.10,00:19:20.052,1.61315,1.613,1.76,1.69
2014.09.10,00:19:21.886,1.61315,1.613,1.36,1.76
2014.09.10,00:19:21.988,1.61317,1.61303,1.26,1.19
2014.09.10,00:19:22.504,1.61317,1.61303,1.19,1.19
2014.09.10,00:19:22.970,1.61315,1.61303,1.19,1
2014.09.10,00:19:23.173,1.61313,1.61301,1.01,1.25
2014.09.10,00:19:23.684,1.61312,1.61298,1.76,2.44
2014.09.10,00:19:24.099,1.61311,1.61298,1.07,1.69
2014.09.10,00:19:25.763,1.61312,1.61298,1.76,1.69
2014.09.10,00:19:26.879,1.61312,1.61298,1.15,1.69
2014.09.10,00:19:27.386,1.61315,1.613,1.76,1.25
2014.09.10,00:19:28.278,1.61315,1.613,1.76,1.69
2014.09.10,00:19:30.420,1.61315,1.613,1.76,1.19
2014.09.10,00:19:31.922,1.61315,1.613,1.76,1.69
2014.09.10,00:19:32.542,1.61315,1.61303,1.76,1.87
2014.09.10,00:19:32.694,1.61319,1.61306,1.76,1.5
2014.09.10,00:19:33.205,1.6132,1.61306,1.39,1.5
2014.09.10,00:19:33.723,1.6132,1.61306,1.01,1.69
2014.09.10,00:19:34.799,1.6132,1.61306,1.76,1.69
2014.09.10,00:19:38.225,1.61321,1.61306,1.76,1.69
2014.09.10,00:19:38.326,1.61321,1.61306,1.07,1.69
2014.09.10,00:19:38.530,1.61323,1.61308,1.26,2.51
2014.09.10,00:19:38.583,1.61323,1.61313,1.26,1
2014.09.10,00:19:38.736,1.61328,1.61316,1.3,1
2014.09.10,00:19:38.939,1.61329,1.61316,1.34,1.25
2014.09.10,00:19:39.471,1.6133,1.61317,1.34,1
2014.09.10,00:19:40.248,1.6133,1.61317,1.34,1.25
2014.09.10,00:19:40.754,1.6133,1.61317,1.76,1.25
2014.09.10,00:19:44.529,1.61329,1.61317,1.32,1.25
2014.09.10,00:19:54.646,1.61328,1.61316,1.29,1
2014.09.10,00:19:55.153,1.61324,1.61312,1.19,1.17
2014.09.10,00:19:55.357,1.61323,1.6131,1.36,1.69
2014.09.10,00:19:56.261,1.61322,1.6131,1.29,1
2014.09.10,00:19:59.355,1.61321,1.61308,1.29,1
2014.09.10,00:19:59.457,1.61318,1.61306,1.19,1.5
2014.09.10,00:19:59.761,1.61318,1.61308,1.19,1
2014.09.10,00:19:59.888,1.61318,1.61306,1.19,1
2014.09.10,00:20:00.438,1.61318,1.61305,1.19,2.81
2014.09.10,00:20:00.951,1.61318,1.61306,1.25,1
2014.09.10,00:20:01.457,1.61317,1.61306,1.19,1
2014.09.10,00:20:01.875,1.61319,1.61306,1.26,1.25
2014.09.10,00:20:06.052,1.61319,1.61304,1.32,1.76
2014.09.10,00:20:07.874,1.61318,1.61304,1.39,1.5
2014.09.10,00:20:09.314,1.61319,1.61305,1.26,1.19
2014.09.10,00:20:10.075,1.61319,1.61305,1.76,1.69
2014.09.10,00:20:11.318,1.61319,1.61305,1.36,1.69
2014.09.10,00:20:11.824,1.6132,1.61305,1.76,1.69
2014.09.10,00:20:12.679,1.61319,1.61305,1.36,1.69
2014.09.10,00:20:14.709,1.61317,1.61305,1.19,1
2014.09.10,00:20:14.811,1.61319,1.61305,1.01,1.69
2014.09.10,00:20:16.617,1.6132,1.61305,1.76,2.59
2014.09.10,00:20:17.801,1.6132,1.61305,1.76,1.65
2014.09.10,00:20:18.207,1.61316,1.61305,1.19,1
2014.09.10,00:20:18.258,1.61316,1.61303,1.19,1.01
2014.09.10,00:20:19.332,1.61318,1.61303,1.09,1.19
2014.09.10,00:20:19.840,1.61318,1.61303,1.01,1.36
2014.09.10,00:20:20.387,1.61318,1.61303,1.1,1.84
2014.09.10,00:20:20.641,1.6132,1.61306,1.22,1.76
2014.09.10,00:20:20.742,1.61321,1.61306,1.31,2.59
2014.09.10,00:20:21.248,1.61321,1.61307,1.01,1.19
2014.09.10,00:20:23.306,1.61321,1.61306,1.2,1.76
2014.09.10,00:20:27.109,1.61322,1.61307,2.14,1.19
2014.09.10,00:20:28.911,1.61322,1.61306,2.14,1.76
2014.09.10,00:20:29.456,1.61322,1.61306,1.76,1.76
2014.09.10,00:20:33.872,1.61322,1.61306,2.51,1.76
2014.09.10,00:20:34.634,1.61322,1.61307,2.14,1.19
2014.09.10,00:20:38.935,1.61321,1.61307,1.19,1.25
2014.09.10,00:20:40.283,1.61322,1.61307,2.89,1.19
2014.09.10,00:20:41.231,1.61322,1.6131,1.69,1
2014.09.10,00:20:41.282,1.61323,1.6131,1.46,1
2014.09.10,00:20:41.333,1.61323,1.61308,1.39,1.25
2014.09.10,00:20:41.840,1.61323,1.61308,1.25,1.39
2014.09.10,00:20:42.442,1.61323,1.61308,1,1.84
2014.09.10,00:20:43.356,1.61323,1.61309,1,1.26
2014.09.10,00:20:45.819,1.61323,1.61308,1.1,2.59
2014.09.10,00:20:46.763,1.61324,1.61309,1.25,1.76
2014.09.10,00:20:49.198,1.61324,1.6131,1.25,1.26
2014.09.10,00:20:50.168,1.61324,1.61309,1.19,2.51
2014.09.10,00:20:51.508,1.61324,1.61309,1,2.51
2014.09.10,00:20:53.121,1.61325,1.6131,1.01,1.36
2014.09.10,00:20:54.253,1.61326,1.6131,1.26,1.76
2014.09.10,00:20:55.090,1.61327,1.6131,4.76,1.76
2014.09.10,00:20:55.191,1.61325,1.6131,1.29,1.76
2014.09.10,00:20:56.074,1.61325,1.6131,1.19,2.51
2014.09.10,00:20:56.602,1.61326,1.6131,1.39,2.59
2014.09.10,00:21:03.056,1.61324,1.6131,1.62,1.19
2014.09.10,00:21:03.361,1.61322,1.61308,1.57,1.19
2014.09.10,00:21:09.016,1.61322,1.61307,2.51,1.19
2014.09.10,00:21:09.694,1.61324,1.61308,2.89,1.01
2014.09.10,00:21:09.796,1.61323,1.61309,1.01,1.69
2014.09.10,00:21:11.207,1.61323,1.61309,1.76,1.69
2014.09.10,00:21:12.609,1.61323,1.61309,1.09,1.69
2014.09.10,00:21:17.004,1.61323,1.61309,1.76,1.69
2014.09.10,00:21:17.563,1.61323,1.61309,1.32,1.69
2014.09.10,00:21:20.526,1.61323,1.61309,1.01,1.76
2014.09.10,00:21:21.116,1.61323,1.61309,1.32,1.69
2014.09.10,00:21:23.634,1.61323,1.61309,1.07,1.19
2014.09.10,00:21:30.449,1.61323,1.61308,1.32,1.29
2014.09.10,00:21:31.665,1.61323,1.61308,1.07,1.76
2014.09.10,00:21:32.743,1.61323,1.61309,1.09,1.19
2014.09.10,00:21:33.251,1.61323,1.61309,2.44,1.19
2014.09.10,00:21:33.858,1.61323,1.61308,2.14,1.19
2014.09.10,00:21:34.366,1.61323,1.61308,3.56,1.19
2014.09.10,00:21:34.925,1.61323,1.61308,2.81,1.19
2014.09.10,00:21:35.777,1.61322,1.61308,1.39,1.19
2014.09.10,00:21:41.055,1.61323,1.61308,2.25,2.44
2014.09.10,00:21:41.106,1.61323,1.61313,1.5,1.5
2014.09.10,00:21:41.207,1.61326,1.61316,1.65,1
2014.09.10,00:21:41.460,1.6133,1.61316,2.44,1.25
2014.09.10,00:21:42.595,1.61329,1.61314,1.1,2.77
2014.09.10,00:21:42.697,1.61329,1.61314,1.84,1.07
2014.09.10,00:21:42.799,1.61328,1.61311,1.36,2.59
2014.09.10,00:21:43.316,1.61328,1.61311,1.76,1.84
2014.09.10,00:21:43.801,1.61328,1.61321,2.44,1
2014.09.10,00:21:43.953,1.61331,1.61323,1,1.37
2014.09.10,00:21:44.004,1.61337,1.61322,3,1.87
2014.09.10,00:21:44.056,1.61337,1.61322,1.07,2.51
2014.09.10,00:21:44.157,1.61338,1.61326,1.1,1.19
2014.09.10,00:21:44.663,1.61341,1.61326,3.19,1.19
2014.09.10,00:21:51.953,1.6134,1.61327,1.01,1.25
2014.09.10,00:21:52.462,1.61339,1.61327,1.26,1
2014.09.10,00:21:53.069,1.6134,1.61327,1.84,1
2014.09.10,00:21:53.661,1.61339,1.61327,1.01,1.25
2014.09.10,00:22:01.924,1.61339,1.61326,1.01,1
2014.09.10,00:22:02.228,1.61338,1.61325,1.97,1
2014.09.10,00:22:02.380,1.61338,1.61325,1.76,1.19
2014.09.10,00:22:02.887,1.61337,1.61325,1,1.19
2014.09.10,00:22:03.393,1.61337,1.61325,1,1.69
2014.09.10,00:22:06.550,1.61337,1.61325,1,1.19
2014.09.10,00:22:07.505,1.61337,1.61325,1,1.69
2014.09.10,00:22:08.330,1.61337,1.61325,1,1
2014.09.10,00:22:08.839,1.61336,1.61325,1.25,1
2014.09.10,00:22:09.710,1.61336,1.61325,1.19,1.12
2014.09.10,00:22:10.837,1.61337,1.61325,1.76,1.12
2014.09.10,00:22:11.347,1.61337,1.61325,1.1,1.12
2014.09.10,00:22:11.863,1.61339,1.61325,1.65,1.19
2014.09.10,00:22:12.371,1.61339,1.61325,1.57,1.19
2014.09.10,00:22:12.422,1.61336,1.61325,1.07,1.19
2014.09.10,00:22:12.524,1.61338,1.61325,1.5,1.19
2014.09.10,00:22:14.630,1.61339,1.61325,1.34,1.19
2014.09.10,00:22:17.021,1.61339,1.61326,1.76,1.25
2014.09.10,00:22:17.426,1.61339,1.61326,1.09,1.19
2014.09.10,00:22:17.932,1.6134,1.61326,1.69,1.19
2014.09.10,00:22:18.439,1.6134,1.61327,1.5,1.37
2014.09.10,00:22:18.541,1.61342,1.61328,1.76,1.31
2014.09.10,00:22:18.846,1.61343,1.61333,1.57,1
2014.09.10,00:22:18.998,1.61347,1.61335,1.1,1.12
2014.09.10,00:22:19.252,1.61347,1.61335,1,2.89
2014.09.10,00:22:19.759,1.61348,1.61336,1,1.19
2014.09.10,00:22:20.266,1.61348,1.61336,1,1.69
2014.09.10,00:22:20.875,1.61348,1.61335,1.25,1.69
2014.09.10,00:22:21.028,1.61348,1.61335,1.69,1.19
2014.09.10,00:22:21.493,1.61346,1.61332,1.25,1.09
2014.09.10,00:22:21.689,1.61345,1.61331,1.07,1.19
2014.09.10,00:22:21.996,1.61342,1.61328,1.57,1.19
2014.09.10,00:22:24.072,1.61341,1.61333,1.65,1
2014.09.10,00:22:24.377,1.61347,1.6134,1.17,1
2014.09.10,00:22:24.893,1.61347,1.61338,1.19,1
2014.09.10,00:22:25.202,1.61345,1.61335,1,1.5
2014.09.10,00:22:25.918,1.61345,1.61333,1,1.76
2014.09.10,00:22:26.222,1.61343,1.61333,1,1.69
2014.09.10,00:22:26.981,1.61343,1.61332,1.5,1.01
2014.09.10,00:22:30.897,1.61343,1.61335,1.5,1
2014.09.10,00:22:31.202,1.61343,1.61339,1.5,1
2014.09.10,00:22:31.304,1.6135,1.61339,1.25,1
2014.09.10,00:22:33.937,1.6135,1.61338,1.1,1
2014.09.10,00:22:34.645,1.61351,1.61338,1.01,1
2014.09.10,00:22:38.621,1.61352,1.6134,1.31,1
2014.09.10,00:22:38.971,1.61355,1.61345,1.5,1
2014.09.10,00:22:39.276,1.61361,1.61347,1.36,1.69
2014.09.10,00:22:41.226,1.61363,1.61347,2.44,2.44
2014.09.10,00:22:42.552,1.61363,1.61347,2.44,2.89
2014.09.10,00:22:43.326,1.61363,1.61348,1.69,1.19
2014.09.10,00:22:43.836,1.61362,1.61347,1.76,2.06
2014.09.10,00:22:43.938,1.6136,1.61346,1.26,1.25
2014.09.10,00:22:44.194,1.61366,1.61352,2.4,1
2014.09.10,00:22:44.246,1.61364,1.61351,1.5,1.19
2014.09.10,00:22:44.450,1.61366,1.61354,3.19,1
2014.09.10,00:22:44.962,1.61366,1.61354,1.46,1
2014.09.10,00:22:45.165,1.61365,1.61349,2.06,1.36
2014.09.10,00:22:45.266,1.61363,1.61348,1.69,1.25
2014.09.10,00:22:45.570,1.61362,1.61353,1.76,1
2014.09.10,00:22:45.824,1.61367,1.61353,1.25,2.51
2014.09.10,00:22:45.875,1.61367,1.61355,1.25,1.22
2014.09.10,00:22:46.027,1.61367,1.61353,1.25,1.84
2014.09.10,00:22:46.912,1.61368,1.61353,1.19,1.01
2014.09.10,00:22:48.146,1.61368,1.61353,1.69,1.76
2014.09.10,00:22:50.157,1.61368,1.61356,1.84,1
2014.09.10,00:22:50.360,1.61371,1.61356,3.26,1.19
2014.09.10,00:22:51.577,1.61369,1.61356,1.32,1.19
2014.09.10,00:22:52.083,1.61369,1.61356,1.69,1
2014.09.10,00:22:52.791,1.6137,1.61356,1.01,1
2014.09.10,00:22:53.697,1.61369,1.61356,1.76,1
2014.09.10,00:22:54.217,1.6137,1.61356,2.44,1.25
2014.09.10,00:22:54.268,1.6137,1.61362,1.34,1
2014.09.10,00:22:54.420,1.6137,1.61362,1,1
2014.09.10,00:22:54.471,1.61371,1.6136,1.57,1
2014.09.10,00:22:54.674,1.61372,1.61357,1.5,1.31
2014.09.10,00:22:55.098,1.61368,1.61356,1.32,1
2014.09.10,00:22:55.402,1.61368,1.61354,1.69,1.25
2014.09.10,00:22:55.859,1.61365,1.61354,1.19,1
2014.09.10,00:22:56.367,1.61365,1.61352,1.84,1.37
2014.09.10,00:22:56.722,1.61365,1.61352,1.84,1.37
2014.09.10,00:22:56.824,1.61365,1.61354,1.36,1
2014.09.10,00:22:58.366,1.61367,1.61354,2.44,1.25
2014.09.10,00:23:03.582,1.61365,1.61356,1,1.19
2014.09.10,00:23:04.098,1.61369,1.61356,1.97,1.19
2014.09.10,00:23:04.864,1.61369,1.61357,1.5,1.19
2014.09.10,00:23:05.995,1.6137,1.61358,2.44,1.25
2014.09.10,00:23:06.909,1.61367,1.61358,1.2,1.31
2014.09.10,00:23:08.088,1.61369,1.61357,2.25,1.56
2014.09.10,00:23:08.446,1.61369,1.61357,1.57,2.44
2014.09.10,00:23:08.548,1.6137,1.61357,1.57,2.06
2014.09.10,00:23:09.063,1.61368,1.61357,1.17,1.56
2014.09.10,00:23:10.563,1.61368,1.61353,1.65,1.56
2014.09.10,00:23:10.614,1.61367,1.61353,1.07,1.56
2014.09.10,00:23:11.743,1.61366,1.61353,1.57,1.56
2014.09.10,00:23:12.919,1.61366,1.61353,1.07,1.56
2014.09.10,00:23:13.262,1.61366,1.61355,1.07,1.37
2014.09.10,00:23:13.769,1.61364,1.61355,1,1.56
2014.09.10,00:23:13.921,1.61368,1.61355,1.09,1.69
2014.09.10,00:23:14.073,1.61368,1.61355,1.09,1.19
2014.09.10,00:23:14.579,1.61368,1.61355,1.09,1
2014.09.10,00:23:15.237,1.61368,1.61355,1.76,1
2014.09.10,00:23:15.440,1.61368,1.61355,1.76,1.37
2014.09.10,00:23:15.847,1.61367,1.61352,1.17,4.01
2014.09.10,00:23:16.353,1.61367,1.61352,1.57,3.19
2014.09.10,00:23:16.861,1.61367,1.61352,1.17,3.26
2014.09.10,00:23:16.913,1.61364,1.61352,1,3.26
2014.09.10,00:23:17.467,1.61365,1.61353,1,1.69
2014.09.10,00:23:18.069,1.61365,1.61353,1.1,1.56
2014.09.10,00:23:18.576,1.61366,1.61353,1.1,1.56
2014.09.10,00:23:18.968,1.61368,1.61354,1.34,1.94
2014.09.10,00:23:19.482,1.61369,1.61355,2.25,1.56
2014.09.10,00:23:19.993,1.61369,1.61355,2.25,1.56
2014.09.10,00:23:20.529,1.61369,1.61355,2.44,1.62
2014.09.10,00:23:22.348,1.61369,1.61355,1.76,1.62
2014.09.10,00:23:23.779,1.61367,1.61355,1.07,1.62
2014.09.10,00:23:23.982,1.61367,1.61355,1.07,1.62
2014.09.10,00:23:24.084,1.61367,1.61352,3.26,1.56
2014.09.10,00:23:24.136,1.61366,1.61352,1.97,1.56
2014.09.10,00:23:24.642,1.61365,1.61352,1.5,1.56
2014.09.10,00:23:25.149,1.61365,1.6135,1.3,2.44
2014.09.10,00:23:25.503,1.61364,1.61349,1.17,2.14
2014.09.10,00:23:26.154,1.61364,1.61349,1.76,1.56
2014.09.10,00:23:26.256,1.61363,1.61349,1.5,1.56
2014.09.10,00:23:26.308,1.61363,1.61349,1.5,1.56
2014.09.10,00:23:26.815,1.61363,1.61349,1.26,1.37
2014.09.10,00:23:27.323,1.61364,1.61349,2.51,1.47
2014.09.10,00:23:27.374,1.61364,1.61349,2.51,1.1
2014.09.10,00:23:29.777,1.61364,1.61349,2.51,1.47
2014.09.10,00:23:30.283,1.61364,1.61349,2.59,1.47
2014.09.10,00:23:30.716,1.61363,1.61349,1.29,1.29
2014.09.10,00:23:31.020,1.61363,1.61349,1.29,1.66
2014.09.10,00:23:31.917,1.61363,1.61349,1.29,1.29
2014.09.10,00:23:32.222,1.61363,1.61349,1.19,1.66
2014.09.10,00:23:32.869,1.61363,1.61349,1.25,1.39
2014.09.10,00:23:33.792,1.61363,1.61349,1.25,1.39
2014.09.10,00:23:34.309,1.61363,1.61349,1.19,1.66
2014.09.10,00:23:34.895,1.61363,1.61349,1.19,1.66
2014.09.10,00:23:36.503,1.61364,1.6135,1.29,1.46
2014.09.10,00:23:38.308,1.61365,1.6135,2.44,1.46
2014.09.10,00:23:38.859,1.61365,1.6135,1.19,1.46
2014.09.10,00:23:39.490,1.61365,1.6135,1.29,1.62
2014.09.10,00:23:41.495,1.61364,1.6135,1.22,1.62
2014.09.10,00:23:41.647,1.61366,1.6135,1.34,1.62
2014.09.10,00:23:42.154,1.61364,1.61349,1.4,1.56
2014.09.10,00:23:42.663,1.61364,1.61349,1.25,2.14
2014.09.10,00:23:44.729,1.61364,1.61349,1.69,2.89
2014.09.10,00:23:45.902,1.61364,1.61349,1.69,2.51
2014.09.10,00:23:49.034,1.61364,1.6135,1.25,1.56
2014.09.10,00:23:50.319,1.61366,1.61357,1.57,3
2014.09.10,00:23:50.420,1.61366,1.61358,1,1.55
2014.09.10,00:23:50.522,1.61372,1.61358,1.69,1.01
2014.09.10,00:23:50.623,1.61372,1.61355,3.26,1.84
2014.09.10,00:23:50.826,1.61371,1.61359,1.1,2
2014.09.10,00:23:50.928,1.61373,1.6136,1,1.76
2014.09.10,00:23:51.334,1.61376,1.61363,1.69,1.26
2014.09.10,00:23:51.436,1.61376,1.61365,1.5,1.19
2014.09.10,00:23:51.749,1.61379,1.61365,1.65,1.69
2014.09.10,00:23:52.004,1.6138,1.61365,1.57,1.69
2014.09.10,00:23:53.656,1.61381,1.61369,1.65,1
2014.09.10,00:23:54.163,1.6138,1.6137,1,1
2014.09.10,00:23:54.674,1.61382,1.6137,1.17,1
2014.09.10,00:23:55.138,1.61381,1.61368,1.57,1.19
2014.09.10,00:23:55.654,1.61381,1.61368,1.57,1.25
2014.09.10,00:23:56.165,1.6138,1.61368,1.07,1.25
2014.09.10,00:23:57.545,1.61381,1.61368,1.01,1.25
2014.09.10,00:23:58.070,1.6138,1.61368,1.3,1.25
2014.09.10,00:23:58.466,1.6138,1.6137,1.3,1
2014.09.10,00:23:58.973,1.61381,1.61369,1.01,1
2014.09.10,00:23:59.952,1.61381,1.61369,1.97,1.25
2014.09.10,00:24:00.464,1.61381,1.61369,1.76,1.25
2014.09.10,00:24:01.115,1.61381,1.61369,2.44,1.25
2014.09.10,00:24:02.081,1.6138,1.61369,1.84,1
2014.09.10,00:24:02.772,1.61381,1.61366,3.19,2.44
2014.09.10,00:24:04.153,1.6138,1.61366,1.01,2.44
2014.09.10,00:24:04.659,1.61381,1.61366,1.76,2.44
2014.09.10,00:24:05.014,1.6138,1.61366,1.97,2.44
2014.09.10,00:24:05.521,1.6138,1.61366,1.3,2.81
2014.09.10,00:24:06.085,1.6138,1.61366,1.97,2.81
2014.09.10,00:24:07.059,1.61381,1.61366,2.51,2.81
2014.09.10,00:24:07.567,1.6138,1.61366,1.69,2.44
2014.09.10,00:24:08.292,1.61381,1.61366,3.19,2.44
2014.09.10,00:24:08.597,1.61379,1.61366,1.07,2.44
2014.09.10,00:24:08.801,1.61379,1.61366,1.76,1.25
2014.09.10,00:24:08.953,1.61376,1.61362,1.09,1.37
2014.09.10,00:24:09.055,1.61374,1.6136,1.75,1.87
2014.09.10,00:24:09.359,1.61372,1.61359,1.36,1
2014.09.10,00:24:10.108,1.61372,1.61359,1.36,1.37
2014.09.10,00:24:10.895,1.61372,1.61361,1.29,1.37
2014.09.10,00:24:11.098,1.61374,1.61361,1.76,1.37
2014.09.10,00:24:11.200,1.61374,1.61361,1.36,1.37
2014.09.10,00:24:12.120,1.61375,1.61363,1.76,1.37
2014.09.10,00:24:17.881,1.61374,1.61363,1.09,1.37
2014.09.10,00:24:18.508,1.61375,1.61363,1.26,1.37
2014.09.10,00:24:19.217,1.61376,1.61363,1.84,1.37
2014.09.10,00:24:20.127,1.61375,1.61361,1.34,1.62
2014.09.10,00:24:21.142,1.61376,1.61361,2.51,1.37
2014.09.10,00:24:21.497,1.61376,1.61361,2.51,1
2014.09.10,00:24:22.155,1.61375,1.61361,1.36,1.25
2014.09.10,00:24:23.257,1.61376,1.61361,2.51,1
2014.09.10,00:24:24.737,1.61376,1.61362,2.51,1
2014.09.10,00:24:25.851,1.61376,1.61361,2.59,1
2014.09.10,00:24:28.708,1.61375,1.61361,1.01,1
2014.09.10,00:24:29.738,1.61374,1.61361,1.01,1
2014.09.10,00:24:29.840,1.61373,1.61359,1.32,1.25
2014.09.10,00:24:30.705,1.61371,1.61359,1.07,1
2014.09.10,00:24:31.214,1.61371,1.61356,1.07,1.69
2014.09.10,00:24:31.316,1.61373,1.61356,2.81,1.69
2014.09.10,00:24:31.803,1.6137,1.61356,1.3,1.69
2014.09.10,00:24:32.533,1.61369,1.61355,1.84,1.69
2014.09.10,00:24:32.636,1.61368,1.61351,1.57,1.09
2014.09.10,00:24:32.738,1.61366,1.61351,1.57,1.25
2014.09.10,00:24:33.043,1.61366,1.61353,1.84,1
2014.09.10,00:24:34.739,1.61367,1.61353,2.51,1
2014.09.10,00:24:35.246,1.61366,1.61354,1.26,1
2014.09.10,00:24:35.752,1.61367,1.61354,2.51,1
2014.09.10,00:24:37.437,1.61366,1.61354,1.76,1
2014.09.10,00:24:38.551,1.61367,1.61354,2.59,1
2014.09.10,00:24:40.322,1.61367,1.61354,1.09,1
2014.09.10,00:24:40.778,1.61367,1.61356,1.32,1
2014.09.10,00:24:42.614,1.61367,1.61356,1.3,1
2014.09.10,00:24:44.746,1.61367,1.61356,1.29,1
2014.09.10,00:24:46.758,1.61367,1.61356,1.25,1
2014.09.10,00:24:53.580,1.61368,1.61355,1.39,1.25
2014.09.10,00:24:57.769,1.61369,1.61355,2.44,1.09
2014.09.10,00:24:57.972,1.61369,1.61357,1.25,1.1
2014.09.10,00:25:02.335,1.6137,1.61357,1.69,1
2014.09.10,00:25:03.309,1.61369,1.61357,1.19,1
2014.09.10,00:25:04.321,1.6137,1.61357,1.69,1.1
2014.09.10,00:25:04.928,1.61369,1.61355,1.69,1.76
2014.09.10,00:25:06.432,1.61369,1.61355,1.76,1.69
2014.09.10,00:25:07.491,1.6137,1.61355,1.76,1.69
2014.09.10,00:25:09.110,1.61367,1.61355,1.19,1.1
2014.09.10,00:25:09.616,1.61367,1.61354,1.46,1
2014.09.10,00:25:09.718,1.61369,1.61353,1.76,1.76
2014.09.10,00:25:09.870,1.6137,1.61356,2.59,1.25
2014.09.10,00:25:10.124,1.6137,1.61358,1.17,1.25
2014.09.10,00:25:10.479,1.61372,1.61358,1.65,1.69
2014.09.10,00:25:11.346,1.61372,1.61359,1.15,1.19
2014.09.10,00:25:11.858,1.61372,1.61359,1.2,1.19
2014.09.10,00:25:12.365,1.61372,1.61359,1.17,1.19
2014.09.10,00:25:13.575,1.61372,1.61359,1.2,1.19
2014.09.10,00:25:15.448,1.61372,1.61359,1.2,1.69
2014.09.10,00:25:15.550,1.61376,1.61361,4.5,1.19
2014.09.10,00:25:15.601,1.61376,1.61361,3.15,1.69
2014.09.10,00:25:15.652,1.61376,1.61363,1.84,1.19
2014.09.10,00:25:16.821,1.61377,1.61364,1.1,1.25
2014.09.10,00:25:17.335,1.61376,1.61364,1,1.25
2014.09.10,00:25:17.841,1.61376,1.61364,1.1,1.19
2014.09.10,00:25:19.837,1.61376,1.61363,1,1.29
2014.09.10,00:25:20.857,1.61376,1.61365,1.65,1.25
2014.09.10,00:25:21.871,1.61376,1.61363,1.1,1.19
2014.09.10,00:25:22.406,1.61376,1.61363,1.15,1.19
2014.09.10,00:25:22.998,1.61376,1.61363,1.1,1.19
2014.09.10,00:25:23.582,1.61376,1.61363,1.65,1.19
2014.09.10,00:25:24.335,1.61376,1.61363,2.32,1.19
2014.09.10,00:25:24.386,1.61375,1.61361,1.22,1.25
2014.09.10,00:25:24.913,1.61374,1.61361,1.2,1.25
2014.09.10,00:25:25.066,1.61373,1.61359,1.36,1.25
2014.09.10,00:25:25.574,1.61372,1.61358,1.76,1.19
2014.09.10,00:25:26.081,1.61372,1.61358,1.76,1
2014.09.10,00:25:27.347,1.61373,1.61358,3.26,1
2014.09.10,00:25:27.853,1.61372,1.61358,1.26,1
2014.09.10,00:25:29.392,1.61373,1.61358,1.84,1.25
2014.09.10,00:25:29.900,1.61373,1.61358,1.76,1.09
2014.09.10,00:25:30.053,1.61373,1.61358,1.69,2.44
2014.09.10,00:25:30.357,1.61374,1.6136,2.44,1.5
2014.09.10,00:25:31.270,1.61374,1.6136,1.19,1.3
2014.09.10,00:25:32.082,1.61374,1.6136,1.19,1.97
2014.09.10,00:25:32.488,1.61374,1.61359,1.19,1.84
2014.09.10,00:25:33.002,1.61374,1.61359,1.19,2.51
2014.09.10,00:25:33.621,1.61374,1.61359,1.19,1.76
2014.09.10,00:25:34.134,1.61372,1.61359,1.19,1.57
2014.09.10,00:25:34.646,1.61372,1.61358,1.29,1.09
2014.09.10,00:25:35.168,1.61372,1.61358,1.19,1.17
2014.09.10,00:25:36.346,1.61373,1.61358,2.51,1.17
2014.09.10,00:25:37.520,1.61372,1.61358,1.19,1.17
2014.09.10,00:25:38.098,1.61372,1.61358,1.29,1.1
2014.09.10,00:25:38.650,1.61373,1.61358,2.59,1.1
2014.09.10,00:25:40.522,1.61371,1.61358,1.19,1.1
2014.09.10,00:25:42.546,1.61372,1.61358,1.36,1
2014.09.10,00:25:46.734,1.61372,1.6136,1.29,1
2014.09.10,00:25:47.241,1.61372,1.6136,1.19,2.02
2014.09.10,00:25:47.748,1.61373,1.6136,1.19,1.65
2014.09.10,00:25:48.417,1.61373,1.61362,1.19,1
2014.09.10,00:25:48.569,1.61375,1.61364,1.25,1
2014.09.10,00:25:48.671,1.61375,1.61367,1,1
2014.09.10,00:25:48.772,1.61377,1.61367,1,1
2014.09.10,00:25:48.874,1.6138,1.61366,1.76,2.06
2014.09.10,00:25:48.975,1.61379,1.61368,1,1
2014.09.10,00:25:49.482,1.61381,1.61368,1.39,1
2014.09.10,00:25:49.988,1.61381,1.61368,1.76,1
2014.09.10,00:25:50.849,1.61381,1.61368,1.39,1
2014.09.10,00:25:51.400,1.61381,1.61368,1.09,1
2014.09.10,00:25:52.137,1.61381,1.61368,1.76,1
2014.09.10,00:25:53.577,1.6138,1.61368,1.36,1
2014.09.10,00:25:54.084,1.61381,1.61367,1.76,1.25
2014.09.10,00:25:54.895,1.61382,1.61367,3.71,1.19
2014.09.10,00:25:55.898,1.6138,1.61366,1.29,1.01
2014.09.10,00:25:56.405,1.61378,1.61364,1.09,1.19
2014.09.10,00:25:56.507,1.61377,1.61363,1.39,1.25
2014.09.10,00:25:56.609,1.61377,1.61363,1.32,1.69
2014.09.10,00:25:56.660,1.61378,1.61363,1.29,1.76
2014.09.10,00:25:57.267,1.61377,1.61363,1.32,1.69
2014.09.10,00:25:57.318,1.61377,1.61363,1.26,1
2014.09.10,00:25:58.401,1.61376,1.61361,1.69,1.57
2014.09.10,00:25:59.482,1.61375,1.61361,1.19,1.76
2014.09.10,00:26:01.869,1.61375,1.61361,1.19,1.4
2014.09.10,00:26:04.532,1.61376,1.61361,1.76,1.17
2014.09.10,00:26:04.727,1.61375,1.6136,1.39,1.25
2014.09.10,00:26:04.828,1.61373,1.61358,1.29,1.09
2014.09.10,00:26:05.133,1.61369,1.61354,1.17,1.84
2014.09.10,00:26:05.235,1.61369,1.61354,1.39,1.1
2014.09.10,00:26:05.741,1.61369,1.61354,1.69,1.34
2014.09.10,00:26:06.783,1.61367,1.61353,1.32,1.29
2014.09.10,00:26:06.834,1.61367,1.61352,1.76,1.29
2014.09.10,00:26:07.809,1.61367,1.61352,1.29,1.69
2014.09.10,00:26:12.315,1.61367,1.61353,1.25,1.36
2014.09.10,00:26:12.922,1.61371,1.61355,1.76,1.01
2014.09.10,00:26:13.175,1.61371,1.61355,1.29,1.76
2014.09.10,00:26:15.155,1.61372,1.61355,2.51,2.14
2014.09.10,00:26:16.139,1.61371,1.61357,1.29,1.01
2014.09.10,00:26:19.199,1.61371,1.61357,1.19,1.32
2014.09.10,00:26:19.705,1.61372,1.61357,1.76,1.36
2014.09.10,00:26:20.786,1.61372,1.61357,1.29,1.09
2014.09.10,00:26:22.040,1.61372,1.61357,1.76,1.36
2014.09.10,00:26:30.308,1.61371,1.61356,1.29,1.84
2014.09.10,00:26:31.155,1.61371,1.61358,1.39,1
2014.09.10,00:26:31.459,1.61371,1.6136,1.19,1
2014.09.10,00:26:31.965,1.61371,1.61361,1.19,1
2014.09.10,00:26:36.477,1.61371,1.61359,1.19,1
2014.09.10,00:26:36.578,1.61371,1.61357,1.19,1.01
2014.09.10,00:26:37.641,1.61372,1.61355,1.26,1.76
2014.09.10,00:26:38.146,1.61372,1.61355,1.36,1.29
2014.09.10,00:26:39.054,1.61372,1.61359,1.36,1
2014.09.10,00:26:39.156,1.61374,1.61359,1.54,2.06
2014.09.10,00:26:39.664,1.61375,1.61359,1.19,4.31
2014.09.10,00:26:40.828,1.61373,1.61358,1.19,2.51
2014.09.10,00:26:41.861,1.61373,1.61359,1.25,1.36
2014.09.10,00:26:42.378,1.61373,1.61361,1,1.19
2014.09.10,00:26:43.044,1.61373,1.61361,1,1.25
2014.09.10,00:26:43.146,1.61373,1.61362,1,1.29
2014.09.10,00:26:44.526,1.61376,1.61363,1.95,1.25
2014.09.10,00:26:44.831,1.61378,1.61367,1,1.25
2014.09.10,00:26:44.882,1.61381,1.61367,2.59,1.25
2014.09.10,00:26:45.339,1.61381,1.61367,1.76,1.25
2014.09.10,00:26:45.942,1.61381,1.61368,2.25,1.19
2014.09.10,00:26:46.450,1.61383,1.6137,5.25,1.25
2014.09.10,00:26:46.551,1.61383,1.61371,3.75,1.19
2014.09.10,00:26:47.058,1.61383,1.61371,3,1.19
2014.09.10,00:26:47.362,1.61386,1.61375,1.07,1.19
2014.09.10,00:26:47.869,1.61387,1.61375,1.57,1.19
2014.09.10,00:26:50.656,1.61387,1.61374,2.25,1.25
2014.09.10,00:26:51.668,1.61386,1.61375,2.32,1.19
2014.09.10,00:26:52.197,1.61386,1.61375,1.07,1.19
2014.09.10,00:26:52.948,1.61386,1.61374,1.07,1.19
2014.09.10,00:26:53.303,1.61388,1.61374,1.2,1.19
2014.09.10,00:26:54.078,1.61388,1.61374,1.87,1.19
2014.09.10,00:26:55.729,1.61388,1.61375,2.62,1.25
2014.09.10,00:26:56.033,1.61385,1.61374,1.07,1.19
2014.09.10,00:26:56.084,1.61386,1.61374,1.15,1.19
2014.09.10,00:26:56.317,1.61385,1.61374,2.32,1.19
2014.09.10,00:26:56.418,1.61387,1.61374,1.57,1.19
2014.09.10,00:26:56.925,1.61387,1.61374,1.09,1.19
2014.09.10,00:26:57.026,1.61387,1.61374,1.76,1.19
2014.09.10,00:26:57.589,1.61386,1.61374,1.07,1.19
2014.09.10,00:26:58.091,1.61387,1.61372,1.57,1.19
2014.09.10,00:26:58.600,1.61387,1.61372,1.15,1.19
2014.09.10,00:26:59.214,1.61387,1.61372,1.4,1.19
2014.09.10,00:26:59.519,1.61389,1.61377,1.1,1.19
2014.09.10,00:27:00.482,1.61387,1.61378,1,1.25
2014.09.10,00:27:01.217,1.6139,1.61378,1.09,1.25
2014.09.10,00:27:02.191,1.6139,1.61378,2.44,1
2014.09.10,00:27:02.697,1.6139,1.61377,1.36,1.25
2014.09.10,00:27:03.658,1.61388,1.61377,1,1.25
2014.09.10,00:27:03.760,1.6139,1.61378,1.01,1.25
2014.09.10,00:27:04.619,1.6139,1.61377,2.21,1
2014.09.10,00:27:04.772,1.61389,1.61375,1.57,2.44
2014.09.10,00:27:05.278,1.61389,1.61375,1.57,2.44
2014.09.10,00:27:05.780,1.6139,1.61375,2.59,1.69
2014.09.10,00:27:06.387,1.6139,1.61375,3.34,1.69
2014.09.10,00:27:06.895,1.6139,1.61375,3.34,1
2014.09.10,00:27:07.635,1.61389,1.61375,1.84,1.69
2014.09.10,00:27:08.076,1.61389,1.61375,1.76,1.69
2014.09.10,00:27:08.329,1.61389,1.61373,2.89,1.32
2014.09.10,00:27:08.633,1.61388,1.61375,1.09,1.19
2014.09.10,00:27:09.140,1.61389,1.61375,1.76,1.29
2014.09.10,00:27:11.522,1.61389,1.61377,1.65,1.19
2014.09.10,00:27:12.539,1.61389,1.61377,1.65,1.69
2014.09.10,00:27:13.607,1.61389,1.61377,1.65,1.25
2014.09.10,00:27:15.816,1.61389,1.61378,1.65,1.19
2014.09.10,00:27:17.120,1.61389,1.61377,1.1,1.69
2014.09.10,00:27:17.764,1.61389,1.61377,1.17,1.69
2014.09.10,00:27:18.287,1.61389,1.61377,1.57,1.69
2014.09.10,00:27:19.660,1.61388,1.61377,1.07,1.69
2014.09.10,00:27:21.863,1.61388,1.61375,1.32,1.69
2014.09.10,00:27:23.234,1.61388,1.61374,1.76,1.19
2014.09.10,00:27:23.739,1.61388,1.61374,1.26,1.19
2014.09.10,00:27:24.145,1.61387,1.61374,1.76,1.19
2014.09.10,00:27:24.349,1.61386,1.61371,1.7,1.19
2014.09.10,00:27:24.450,1.61385,1.6137,1.31,1.69
2014.09.10,00:27:25.970,1.61385,1.6137,2.06,1.69
2014.09.10,00:27:26.477,1.61385,1.6137,2.14,1.69
2014.09.10,00:27:29.830,1.61385,1.6137,1.19,2.89
2014.09.10,00:27:29.881,1.61387,1.61372,1.84,1.39
2014.09.10,00:27:30.388,1.61387,1.61374,1.19,1.1
2014.09.10,00:27:30.439,1.61387,1.61376,1.19,1.1
2014.09.10,00:27:30.961,1.61387,1.61375,1.19,1
2014.09.10,00:27:31.709,1.61387,1.61372,1.19,1.84
2014.09.10,00:27:32.214,1.61388,1.61372,1.76,2.51
2014.09.10,00:27:32.724,1.61387,1.61372,1.26,2.44
2014.09.10,00:27:32.878,1.61385,1.61371,1.97,1.25
2014.09.10,00:27:33.383,1.61383,1.61368,1.26,1.19
2014.09.10,00:27:34.069,1.61383,1.61367,1.76,2.89
2014.09.10,00:27:35.187,1.61384,1.61368,2.89,1.29
2014.09.10,00:27:36.165,1.61383,1.61367,1.36,2.96
2014.09.10,00:27:38.398,1.61384,1.61368,2.51,1.39
2014.09.10,00:27:40.187,1.61384,1.61367,2.51,2.14
2014.09.10,00:27:40.790,1.61383,1.61367,1.26,2.14
2014.09.10,00:27:41.427,1.61382,1.61367,1.29,1.25
2014.09.10,00:27:42.223,1.61381,1.61367,1.19,1.25
2014.09.10,00:27:42.739,1.61381,1.61367,1.19,1.32
2014.09.10,00:27:43.264,1.61381,1.61367,1.19,1.25
2014.09.10,00:27:43.771,1.61382,1.61367,1.84,1.19
2014.09.10,00:27:47.089,1.61383,1.61368,1.76,1.25
2014.09.10,00:27:48.121,1.61383,1.61368,1.76,1.69
2014.09.10,00:27:48.685,1.61382,1.61368,1.32,1.69
2014.09.10,00:27:48.989,1.61383,1.61368,1.29,1.69
2014.09.10,00:27:49.504,1.61383,1.61368,1.01,1.19
2014.09.10,00:27:50.845,1.61383,1.61368,1.09,1.19
2014.09.10,00:27:51.363,1.61383,1.61368,1.34,1.69
2014.09.10,00:27:54.939,1.61384,1.61367,3.56,1.19
2014.09.10,00:27:55.822,1.61384,1.6137,3.37,1.19
2014.09.10,00:27:57.242,1.61383,1.6137,1.3,1.19
2014.09.10,00:27:57.748,1.61383,1.61368,1.01,1.19
2014.09.10,00:27:58.262,1.61383,1.61367,1.76,1.39
2014.09.10,00:28:00.425,1.61383,1.61367,1.84,1.31
2014.09.10,00:28:03.669,1.61382,1.61367,1.39,1.56
2014.09.10,00:28:04.393,1.61382,1.61368,1.29,1.26
2014.09.10,00:28:04.903,1.61382,1.61368,1,1.01
2014.09.10,00:28:13.976,1.61383,1.61367,1.01,3.26
2014.09.10,00:28:16.350,1.61383,1.61367,1.09,2.59
2014.09.10,00:28:16.891,1.61383,1.61367,1.84,2.59
2014.09.10,00:28:19.190,1.61382,1.61367,1.01,1.36
2014.09.10,00:28:23.879,1.61382,1.61367,1.19,1.84
2014.09.10,00:28:31.530,1.61382,1.61368,1.19,1.26
2014.09.10,00:28:32.064,1.61382,1.61367,1.19,2.51
2014.09.10,00:28:32.846,1.61383,1.61367,1.25,3.19
2014.09.10,00:28:34.443,1.61383,1.61369,1.25,1.19
2014.09.10,00:28:36.425,1.61383,1.6137,1,1.19
2014.09.10,00:28:36.932,1.61384,1.6137,1.25,1.26
2014.09.10,00:28:47.024,1.61384,1.6137,1.32,1.19
2014.09.10,00:28:47.928,1.61384,1.61369,1.26,1.29
2014.09.10,00:28:48.638,1.61384,1.61369,1.76,1.19
2014.09.10,00:28:51.959,1.61384,1.61369,1.1,1.19
2014.09.10,00:28:52.162,1.61384,1.61369,1.57,1.19
2014.09.10,00:28:52.364,1.6138,1.61366,1.37,1.84
2014.09.10,00:28:52.416,1.61379,1.61366,1.12,1.76
2014.09.10,00:28:52.872,1.61382,1.61366,2.44,1.69
2014.09.10,00:28:53.074,1.61382,1.61367,2.25,1.19
2014.09.10,00:28:53.277,1.61384,1.61367,1.76,1.19
2014.09.10,00:28:53.934,1.61384,1.61368,1.36,1.69
2014.09.10,00:28:54.187,1.61384,1.61369,2.44,1.19
2014.09.10,00:28:54.698,1.61384,1.61369,1.34,1.19
2014.09.10,00:28:55.241,1.61384,1.6137,1.01,1.29
2014.09.10,00:29:02.141,1.61381,1.6137,1,2.44
2014.09.10,00:29:02.733,1.6138,1.6137,1,1.36
2014.09.10,00:29:05.900,1.61381,1.6137,1,1.26
2014.09.10,00:29:09.174,1.61381,1.61369,1,2.51
2014.09.10,00:29:10.390,1.61381,1.6137,1,1.26
2014.09.10,00:29:11.610,1.61381,1.6137,1,1.26
2014.09.10,00:29:15.535,1.61387,1.61378,1.07,1
2014.09.10,00:29:15.587,1.61391,1.61383,1.05,1
2014.09.10,00:29:15.638,1.61391,1.61385,1.05,1.5
2014.09.10,00:29:15.689,1.61396,1.61385,2.14,1.5
2014.09.10,00:29:15.842,1.61396,1.61382,1.47,1.29
2014.09.10,00:29:16.147,1.61397,1.61385,1.84,1
2014.09.10,00:29:16.249,1.61397,1.61387,1.01,1
2014.09.10,00:29:17.227,1.61399,1.61387,1.84,1
2014.09.10,00:29:19.224,1.61397,1.61387,1,1
2014.09.10,00:29:24.324,1.61397,1.61383,1.19,2.32
2014.09.10,00:29:24.528,1.61397,1.61383,1.76,1.01
2014.09.10,00:29:24.630,1.61396,1.61385,1.25,1
2014.09.10,00:29:25.242,1.61398,1.61386,2.44,1.5
2014.09.10,00:29:25.751,1.61398,1.61386,1.69,1.69
2014.09.10,00:29:29.383,1.61399,1.61386,1.25,1.5
2014.09.10,00:29:33.874,1.61399,1.61386,1.19,1.69
2014.09.10,00:29:34.870,1.61399,1.61386,1.25,1.5
2014.09.10,00:29:38.250,1.61399,1.61386,1.29,1.69
2014.09.10,00:29:39.269,1.61399,1.61386,1.01,1.5
2014.09.10,00:29:40.596,1.61399,1.61385,1.01,1.69
2014.09.10,00:29:42.382,1.61399,1.61385,1.69,1.69
2014.09.10,00:29:46.360,1.61397,1.61383,2.21,1.19
2014.09.10,00:29:46.411,1.61397,1.6138,3.64,3.64
2014.09.10,00:29:46.513,1.61393,1.6138,1,3.19
2014.09.10,00:29:46.615,1.61395,1.6138,1.25,3.19
2014.09.10,00:29:47.498,1.61395,1.61381,1.25,1.34
2014.09.10,00:29:50.906,1.61397,1.6138,1.5,3.94
2014.09.10,00:29:51.411,1.61397,1.6138,1.57,3.94
2014.09.10,00:29:51.943,1.61397,1.6138,1.57,3.94
2014.09.10,00:29:52.447,1.61397,1.6138,1.65,3.26
2014.09.10,00:29:55.364,1.61399,1.6138,4.01,3.94
2014.09.10,00:29:55.871,1.61396,1.61383,1.1,1
2014.09.10,00:30:00.208,1.61396,1.61381,1.1,1.09
2014.09.10,00:30:00.362,1.61393,1.61381,1,1.09
2014.09.10,00:30:01.758,1.61393,1.6138,1,1.26
2014.09.10,00:30:02.267,1.61393,1.61379,1.5,1.4
2014.09.10,00:30:02.775,1.61392,1.61379,1,1.01
2014.09.10,00:30:03.716,1.61392,1.61379,1.5,1.1
2014.09.10,00:30:03.818,1.61392,1.61376,1.57,2.51
2014.09.10,00:30:03.869,1.61393,1.61376,3.15,2.59
2014.09.10,00:30:04.375,1.61392,1.61377,1.26,1.1
2014.09.10,00:30:04.882,1.61392,1.61378,1.57,1.1
2014.09.10,00:30:05.389,1.61392,1.61377,1.25,2.51
2014.09.10,00:30:05.997,1.61392,1.61378,2.44,1.3
2014.09.10,00:30:06.496,1.61392,1.61377,1.69,1.34
2014.09.10,00:30:06.547,1.61392,1.61379,1.69,1.29
2014.09.10,00:30:07.061,1.61393,1.61379,1.19,1.76
2014.09.10,00:30:07.636,1.61393,1.61379,1.25,2.51
2014.09.10,00:30:10.386,1.61393,1.6138,1,1.76
2014.09.10,00:30:11.009,1.61394,1.6138,1.25,1.76
2014.09.10,00:30:11.322,1.6139,1.6138,1,1.57
2014.09.10,00:30:11.373,1.61393,1.6138,1.25,1.57
2014.09.10,00:30:11.474,1.61393,1.6138,1.25,1.1
2014.09.10,00:30:11.576,1.61391,1.6138,1,1.1
2014.09.10,00:30:12.084,1.61392,1.61379,1,1.09
2014.09.10,00:30:12.494,1.61392,1.61379,1,1.76
2014.09.10,00:30:12.596,1.61392,1.61379,1,1.01
2014.09.10,00:30:13.885,1.61392,1.61379,1.07,1.25
2014.09.10,00:30:14.891,1.61394,1.61379,1.76,1.25
2014.09.10,00:30:15.584,1.61394,1.61379,1.26,1.01
2014.09.10,00:30:16.090,1.61394,1.61379,1.76,1.25
2014.09.10,00:30:16.615,1.61393,1.61379,1.29,1.01
2014.09.10,00:30:19.591,1.61394,1.61378,3.34,1.09
2014.09.10,00:30:19.794,1.61392,1.6138,1.25,1.07
2014.09.10,00:30:20.310,1.61391,1.6138,1,1
2014.09.10,00:30:20.824,1.61393,1.6138,1.69,1.01
2014.09.10,00:30:22.102,1.61394,1.6138,1.69,1.09
2014.09.10,00:30:22.613,1.61392,1.6138,1.25,1.25
2014.09.10,00:30:23.126,1.61392,1.61377,1.19,1.76
2014.09.10,00:30:23.891,1.61392,1.61378,1.76,1.01
2014.09.10,00:30:24.196,1.61392,1.6138,1.19,1.1
2014.09.10,00:30:24.704,1.61393,1.6138,1.19,1.07
2014.09.10,00:30:24.806,1.61395,1.6138,1.19,1.26
2014.09.10,00:30:25.516,1.61395,1.6138,1.69,1.29
2014.09.10,00:30:26.023,1.61394,1.6138,1.19,1.01
2014.09.10,00:30:26.705,1.61394,1.61381,1.19,1.07
2014.09.10,00:30:27.211,1.61395,1.61382,1.19,1
2014.09.10,00:30:28.030,1.61395,1.6138,1.19,1.09
2014.09.10,00:30:28.535,1.61395,1.6138,1.19,1.09
2014.09.10,00:30:29.294,1.61395,1.6138,1.19,1.09
2014.09.10,00:30:29.750,1.61395,1.61382,1.19,1.17
2014.09.10,00:30:30.263,1.61395,1.61382,1.69,1.17
2014.09.10,00:30:31.307,1.61395,1.61382,1.19,1.17
2014.09.10,00:30:32.418,1.61395,1.61382,1.19,1.15
2014.09.10,00:30:33.347,1.61396,1.61382,1.19,1.36
2014.09.10,00:30:35.448,1.61397,1.61382,1.69,1.76
2014.09.10,00:30:35.977,1.61397,1.61382,1.69,1.39
2014.09.10,00:30:36.536,1.61397,1.61382,1.39,1.69
2014.09.10,00:30:37.464,1.61397,1.61382,1.19,1.09
2014.09.10,00:30:37.876,1.61395,1.61382,1.29,1
2014.09.10,00:30:38.647,1.61395,1.61382,1.19,1.17
2014.09.10,00:30:39.192,1.61395,1.61382,1.19,1.1
2014.09.10,00:30:46.410,1.61396,1.61382,1.26,1
2014.09.10,00:30:46.461,1.61393,1.61382,1.5,1
2014.09.10,00:30:47.412,1.61393,1.61382,1.5,1.19
2014.09.10,00:30:47.767,1.61395,1.61382,1.01,1.19
2014.09.10,00:30:49.446,1.61396,1.61382,1.25,1.25
2014.09.10,00:30:49.498,1.61396,1.61386,1,1
2014.09.10,00:30:50.004,1.61399,1.61386,1.19,1
2014.09.10,00:30:50.489,1.61401,1.61386,2.89,1
2014.09.10,00:30:50.998,1.614,1.61386,1.01,1
2014.09.10,00:31:01.198,1.61398,1.61384,1.69,1.09
2014.09.10,00:31:01.748,1.61397,1.61384,1,1.09
2014.09.10,00:31:03.992,1.61397,1.61384,1,1.09
2014.09.10,00:31:05.983,1.61395,1.61383,1,1.39
2014.09.10,00:31:06.084,1.61397,1.61383,1,1.31
2014.09.10,00:31:06.624,1.61397,1.61384,1,1.29
2014.09.10,00:31:07.236,1.61397,1.61383,1.25,1.46
2014.09.10,00:31:13.010,1.61396,1.61383,1,1.26
2014.09.10,00:31:13.112,1.61396,1.61381,1.76,1.29
2014.09.10,00:31:13.315,1.61393,1.61381,1,1.29
2014.09.10,00:31:14.547,1.61393,1.61379,1.5,1.34
2014.09.10,00:31:19.639,1.61392,1.61379,1,1.74
2014.09.10,00:31:20.145,1.61393,1.61379,1,1.84
2014.09.10,00:31:21.380,1.61393,1.6138,1,1.26
2014.09.10,00:31:21.910,1.61393,1.61379,1,2.89
2014.09.10,00:31:22.414,1.61393,1.6138,1,1.36
2014.09.10,00:31:27.497,1.61396,1.6138,1.69,3.64
2014.09.10,00:31:27.751,1.61396,1.61382,1.25,1.3
2014.09.10,00:31:28.266,1.61396,1.61382,1,1.36
2014.09.10,00:31:29.289,1.61396,1.61382,1.25,1.84
2014.09.10,00:31:32.525,1.61396,1.61383,1.1,1.19
2014.09.10,00:31:38.738,1.61396,1.61383,1,1.25
2014.09.10,00:31:39.705,1.61396,1.61383,1.57,1.69
2014.09.10,00:31:42.803,1.61396,1.61383,1.17,1.19
2014.09.10,00:31:43.229,1.61393,1.61382,1,1.19
2014.09.10,00:31:43.912,1.61393,1.61381,1,1.29
2014.09.10,00:31:44.441,1.61394,1.61381,1,1.29
2014.09.10,00:31:49.833,1.61396,1.61383,1.57,1.19
2014.09.10,00:31:49.935,1.61396,1.61383,1,1.19
2014.09.10,00:31:51.214,1.61395,1.61383,1.17,1.19
2014.09.10,00:31:51.722,1.61393,1.61383,1.1,1.19
2014.09.10,00:31:52.230,1.61394,1.61382,1,1.19
2014.09.10,00:31:52.755,1.61395,1.61382,1.2,1.19
2014.09.10,00:31:54.548,1.61395,1.61381,1.65,1.69
2014.09.10,00:31:55.056,1.61394,1.61381,1,1.69
2014.09.10,00:31:55.364,1.61392,1.61381,1,1.69
2014.09.10,00:31:55.894,1.61393,1.61381,1,1.19
2014.09.10,00:31:56.753,1.61395,1.61381,1.84,1.19
2014.09.10,00:31:58.276,1.61395,1.61382,1.57,1.69
2014.09.10,00:31:58.429,1.61397,1.61382,1,2.96
2014.09.10,00:31:58.935,1.61399,1.61382,3.26,2.96
2014.09.10,00:31:59.438,1.61399,1.61384,4.01,1.31
2014.09.10,00:32:01.685,1.61399,1.61385,4.69,1.19
2014.09.10,00:32:02.198,1.61398,1.61384,1.97,1.19
2014.09.10,00:32:03.210,1.61396,1.61382,1.57,1.56
2014.09.10,00:32:07.804,1.61396,1.61382,2.25,1.19
2014.09.10,00:32:08.513,1.61394,1.61381,1,1.76
2014.09.10,00:32:09.586,1.61394,1.61382,1,1.19
2014.09.10,00:32:20.250,1.61394,1.61381,1.1,1.19
2014.09.10,00:32:21.285,1.61394,1.6138,1.1,2.14
2014.09.10,00:32:22.549,1.61395,1.6138,1.57,2.21
2014.09.10,00:32:27.068,1.61395,1.61383,1.2,1.56
2014.09.10,00:32:27.372,1.61395,1.61385,1,1.19
2014.09.10,00:32:33.545,1.61395,1.61388,1,1
2014.09.10,00:32:33.900,1.614,1.61386,1.5,1.19
2014.09.10,00:32:34.445,1.61399,1.61386,1.01,1.25
2014.09.10,00:32:34.987,1.614,1.61386,2.51,1.25
2014.09.10,00:32:35.494,1.614,1.61383,3.26,1.19
2014.09.10,00:32:36.000,1.61398,1.61383,1.09,1.19
2014.09.10,00:32:38.592,1.61397,1.61382,2.59,1.19
2014.09.10,00:32:38.895,1.61395,1.6138,3,1.69
2014.09.10,00:32:39.401,1.61395,1.6138,1.65,1.69
2014.09.10,00:32:42.263,1.61395,1.6138,1.57,1.69
2014.09.10,00:32:43.128,1.61395,1.61381,1.76,1.19
2014.09.10,00:32:48.913,1.61395,1.6138,1.5,2.59
2014.09.10,00:32:50.015,1.61395,1.61381,1.69,1.19
2014.09.10,00:32:50.565,1.61395,1.61381,1.84,1.19
2014.09.10,00:32:54.522,1.61395,1.61381,1.84,1.19
2014.09.10,00:32:55.062,1.61395,1.6138,1.84,1.69
2014.09.10,00:32:55.771,1.61394,1.6138,1.07,1.69
2014.09.10,00:32:56.284,1.61394,1.6138,1.07,2.44
2014.09.10,00:32:56.825,1.61395,1.6138,2.32,2.44
2014.09.10,00:32:59.088,1.61395,1.6138,1.65,2.51
2014.09.10,00:32:59.594,1.61395,1.6138,1.65,2.44
2014.09.10,00:32:59.957,1.61395,1.6138,2.32,2.44
2014.09.10,00:33:00.480,1.61395,1.6138,1.76,2.51
2014.09.10,00:33:02.018,1.61395,1.6138,2.51,2.44
2014.09.10,00:33:02.528,1.61395,1.6138,1.76,2.51
2014.09.10,00:33:04.602,1.61393,1.6138,1,1.69
2014.09.10,00:33:08.067,1.61393,1.61379,1.01,1.76
2014.09.10,00:33:14.849,1.61393,1.61379,1.09,1.69
2014.09.10,00:33:14.900,1.61393,1.61379,2.59,1.25
2014.09.10,00:33:15.154,1.61389,1.61377,1.1,1.19
2014.09.10,00:33:15.256,1.61391,1.61377,1.25,1.19
2014.09.10,00:33:15.358,1.61389,1.61377,1,1.19
2014.09.10,00:33:15.662,1.61391,1.61377,1.25,1.19
2014.09.10,00:33:16.118,1.61387,1.61375,1.25,1.27
2014.09.10,00:33:16.219,1.61384,1.6137,1.25,2.59
2014.09.10,00:33:16.321,1.61384,1.61369,1.34,1.25
2014.09.10,00:33:16.423,1.61383,1.61369,1.3,1.25
2014.09.10,00:33:16.829,1.61384,1.61371,1.97,1.19
2014.09.10,00:33:16.931,1.61387,1.61373,1.76,1.69
2014.09.10,00:33:17.134,1.61386,1.61372,1.19,1.34
2014.09.10,00:33:17.549,1.61385,1.61373,1.1,1.69
2014.09.10,00:33:18.053,1.61386,1.61373,1,1.69
2014.09.10,00:33:18.626,1.61386,1.61374,1.1,1.19
2014.09.10,00:33:20.022,1.61386,1.61373,1.01,1.37
2014.09.10,00:33:22.102,1.61385,1.61374,1.19,1.87
2014.09.10,00:33:22.993,1.61385,1.61373,1.19,1.37
2014.09.10,00:33:23.532,1.61385,1.61373,1.19,1.37
2014.09.10,00:33:25.286,1.61385,1.61374,1.19,1.87
2014.09.10,00:33:25.337,1.61386,1.61374,1,1.87
2014.09.10,00:33:25.843,1.61388,1.61374,2.51,1.87
2014.09.10,00:33:26.418,1.61387,1.61374,1.29,2.06
2014.09.10,00:33:26.941,1.61387,1.61374,1.76,2.06
2014.09.10,00:33:27.526,1.61388,1.61374,1.57,2.06
2014.09.10,00:33:27.628,1.61388,1.61375,1.57,1.19
2014.09.10,00:33:28.363,1.61388,1.61375,1.57,1.19
2014.09.10,00:33:30.450,1.61391,1.61375,4.01,1.29
2014.09.10,00:33:30.970,1.61391,1.61376,3.26,1.19
2014.09.10,00:33:31.529,1.6139,1.61376,1.32,1.19
2014.09.10,00:33:32.583,1.61391,1.61376,3.26,1.19
2014.09.10,00:33:33.380,1.6139,1.61376,1.3,1.19
2014.09.10,00:33:34.371,1.61391,1.61376,3.26,1.19
2014.09.10,00:33:35.360,1.6139,1.61376,1.32,1.19
2014.09.10,00:33:37.184,1.61391,1.61378,1.15,1
2014.09.10,00:33:37.692,1.61392,1.61377,2.96,1.19
2014.09.10,00:33:38.299,1.61392,1.61377,3.26,1.19
2014.09.10,00:33:38.806,1.61391,1.61376,2.51,1.19
2014.09.10,00:33:40.608,1.61392,1.61376,4.39,1.29
2014.09.10,00:33:43.196,1.61389,1.61376,1,1.19
2014.09.10,00:33:43.297,1.61389,1.61374,1,2.51
2014.09.10,00:33:44.169,1.61387,1.61374,1,1.76
2014.09.10,00:33:44.473,1.61382,1.61367,2.25,1.19
2014.09.10,00:33:44.987,1.6138,1.61367,1.07,1.19
2014.09.10,00:33:45.941,1.6138,1.61365,1.57,1.76
2014.09.10,00:33:47.416,1.61379,1.61365,1,1.69
2014.09.10,00:33:48.293,1.61379,1.61365,1.32,1.69
2014.09.10,00:33:49.086,1.61379,1.61365,1.76,1.69
2014.09.10,00:33:49.391,1.61379,1.61365,1.09,1.69
2014.09.10,00:33:50.283,1.61379,1.61365,1.09,1.25
2014.09.10,00:33:50.790,1.61378,1.61363,1,1.39
2014.09.10,00:33:51.310,1.61378,1.61363,1.17,1.29
2014.09.10,00:33:51.819,1.61378,1.61362,1.84,2.59
2014.09.10,00:33:53.101,1.61379,1.61364,2.51,1.69
2014.09.10,00:33:55.202,1.6138,1.61365,1.36,1.01
2014.09.10,00:33:58.719,1.6138,1.61365,1.76,1.25
2014.09.10,00:34:00.147,1.6138,1.61366,1.26,1
2014.09.10,00:34:00.450,1.61381,1.61371,2.51,1
2014.09.10,00:34:01.576,1.61381,1.61368,2.51,1
2014.09.10,00:34:03.428,1.61381,1.61367,2.51,1
2014.09.10,00:34:04.339,1.61381,1.61367,1.76,1.19
2014.09.10,00:34:05.343,1.61381,1.61367,1.26,1.19
2014.09.10,00:34:05.647,1.61381,1.61367,1.56,1.19
2014.09.10,00:34:06.289,1.61381,1.61366,1.74,1.76
2014.09.10,00:34:10.242,1.61381,1.61366,2.21,1.5
2014.09.10,00:34:10.293,1.61381,1.61366,2.59,1.5
2014.09.10,00:34:11.663,1.6138,1.61366,1.39,1.69
2014.09.10,00:34:11.967,1.61381,1.61366,2.89,1.69
2014.09.10,00:34:12.170,1.61376,1.61366,1.01,1
2014.09.10,00:34:12.322,1.61376,1.61362,1.76,1.31
2014.09.10,00:34:12.373,1.61378,1.61364,1.26,1
2014.09.10,00:34:12.677,1.61381,1.61365,3.45,1.76
2014.09.10,00:34:12.779,1.61382,1.61368,1.76,1.19
2014.09.10,00:34:13.286,1.61384,1.61369,1.57,1.19
2014.09.10,00:34:13.983,1.61384,1.6137,2.14,1.19
2014.09.10,00:34:14.491,1.61384,1.6137,1.62,1.19
2014.09.10,00:34:15.001,1.61384,1.6137,1.46,1.19
2014.09.10,00:34:15.968,1.61384,1.61369,1.57,1.69
2014.09.10,00:34:16.376,1.61383,1.61369,1.95,1.69
2014.09.10,00:34:16.985,1.61382,1.61369,1.2,1.25
2014.09.10,00:34:19.282,1.61381,1.61369,1.7,1.25
2014.09.10,00:34:19.568,1.61378,1.61366,2.25,1.5
2014.09.10,00:34:19.720,1.61376,1.61362,1.12,2.25
2014.09.10,00:34:19.872,1.61377,1.61364,1.5,1.19
2014.09.10,00:34:20.024,1.61379,1.61365,1.64,1.19
2014.09.10,00:34:20.531,1.61379,1.61365,1.39,1.19
2014.09.10,00:34:21.595,1.6138,1.61365,1.76,1.69
2014.09.10,00:34:22.354,1.61379,1.61365,2.14,1.19
2014.09.10,00:34:22.455,1.61378,1.61365,2.04,1
2014.09.10,00:34:22.506,1.61376,1.61363,1.36,1.25
2014.09.10,00:34:22.558,1.61375,1.61362,2.44,1.19
2014.09.10,00:34:22.659,1.61372,1.61361,1.07,1
2014.09.10,00:34:23.167,1.61371,1.61359,1.07,1.19
2014.09.10,00:34:23.775,1.61371,1.61359,1.26,1
2014.09.10,00:34:24.281,1.6137,1.61356,1.32,1.56
2014.09.10,00:34:24.787,1.6137,1.61356,1.01,1.66
2014.09.10,00:34:25.211,1.61368,1.61356,1,2.14
2014.09.10,00:34:25.719,1.61368,1.61354,1,2.21
2014.09.10,00:34:26.125,1.61368,1.61354,1.19,1.74
2014.09.10,00:34:26.632,1.61368,1.61354,1.19,1.74
2014.09.10,00:34:27.144,1.61368,1.61354,1,1.74
2014.09.10,00:34:27.653,1.61367,1.61353,1.1,1.29
2014.09.10,00:34:28.160,1.61367,1.61353,1.15,1.19
2014.09.10,00:34:28.610,1.61364,1.61352,1,1.19
2014.09.10,00:34:29.125,1.61363,1.61352,1.57,1.19
2014.09.10,00:34:30.501,1.61363,1.61349,1.5,1.84
2014.09.10,00:34:31.010,1.6136,1.6135,1,1.19
2014.09.10,00:34:31.315,1.6136,1.61347,1,1.29
2014.09.10,00:34:31.822,1.61359,1.61346,1,1.19
2014.09.10,00:34:33.039,1.61359,1.61345,1,1.2
2014.09.10,00:34:33.141,1.61357,1.61344,1.25,2.4
2014.09.10,00:34:33.446,1.61355,1.61344,1.19,1
2014.09.10,00:34:34.369,1.61354,1.61342,1.01,1.5
2014.09.10,00:34:34.888,1.61354,1.61342,1.09,1
2014.09.10,00:34:35.421,1.61352,1.61342,1.69,1
2014.09.10,00:34:35.929,1.61352,1.61341,1.69,1
2014.09.10,00:34:36.712,1.61352,1.61343,1.69,1
2014.09.10,00:34:36.966,1.61349,1.61338,1.5,1.25
2014.09.10,00:34:37.940,1.61349,1.61337,1.5,1.19
2014.09.10,00:34:40.941,1.61349,1.61338,1,1.69
2014.09.10,00:34:40.992,1.61352,1.61338,1.5,1.69
2014.09.10,00:34:42.004,1.61353,1.61339,1.25,2.14
2014.09.10,00:34:42.207,1.61351,1.61339,1,2.51
2014.09.10,00:34:42.309,1.61354,1.6134,1.69,1.19
2014.09.10,00:34:42.981,1.61354,1.6134,1.69,1.36
2014.09.10,00:34:43.878,1.61352,1.61339,1.25,1.76
2014.09.10,00:34:44.408,1.61352,1.61339,1.25,1.19
2014.09.10,00:34:44.950,1.61352,1.61339,1,1.25
2014.09.10,00:34:45.559,1.61352,1.61339,1,1.09
2014.09.10,00:34:49.961,1.61352,1.61339,1,1.76
2014.09.10,00:34:50.679,1.61353,1.61339,1.25,1.69
2014.09.10,00:34:52.887,1.61353,1.61339,1.69,1.32
2014.09.10,00:34:53.394,1.6135,1.61339,1,1.25
2014.09.10,00:34:54.102,1.61353,1.61339,2.51,1.25
2014.09.10,00:34:54.406,1.61354,1.61339,1.19,2.89
2014.09.10,00:34:55.417,1.61355,1.6134,2.25,1.66
2014.09.10,00:34:56.883,1.61355,1.61341,1.5,1.84
2014.09.10,00:34:57.086,1.61362,1.61349,1,1.66
2014.09.10,00:34:57.594,1.61363,1.61349,1.25,1.76
2014.09.10,00:34:59.019,1.61361,1.61349,1,1.29
2014.09.10,00:34:59.122,1.61361,1.61348,1.69,1.32
2014.09.10,00:34:59.631,1.61357,1.61346,1,1.19
2014.09.10,00:35:00.390,1.61357,1.61344,1.1,1.19
2014.09.10,00:35:01.302,1.61354,1.61342,1,3.34
2014.09.10,00:35:01.404,1.61353,1.61342,1,1.69
2014.09.10,00:35:01.607,1.61353,1.61338,1.32,1.29
2014.09.10,00:35:02.120,1.61354,1.61338,1.36,1.36
2014.09.10,00:35:02.638,1.61354,1.61339,1.36,1.29
2014.09.10,00:35:04.643,1.61352,1.61339,1,1.76
2014.09.10,00:35:05.605,1.61352,1.61337,1.19,2.21
2014.09.10,00:35:06.639,1.61352,1.61337,1.25,1.46
2014.09.10,00:35:07.921,1.61352,1.61337,1,2.21
2014.09.10,00:35:10.621,1.61352,1.61338,1.01,1.29
2014.09.10,00:35:12.099,1.61351,1.61338,1,1.26
2014.09.10,00:35:12.201,1.61352,1.61337,1.69,1.29
2014.09.10,00:35:13.446,1.61352,1.61337,2.44,1.46
2014.09.10,00:35:17.745,1.61351,1.61337,1.25,1.84
2014.09.10,00:35:18.049,1.6135,1.61335,1.69,2.96
2014.09.10,00:35:18.568,1.6135,1.61336,1.5,1.84
2014.09.10,00:35:19.137,1.6135,1.61337,1.57,1.19
2014.09.10,00:35:20.277,1.6135,1.61336,1.25,1.84
2014.09.10,00:35:21.848,1.6135,1.61337,1,1.29
2014.09.10,00:35:23.884,1.61352,1.61337,1.36,2.14
2014.09.10,00:35:24.449,1.61352,1.61337,1.1,2.21
2014.09.10,00:35:25.162,1.61352,1.61338,1.01,1.39
2014.09.10,00:35:26.260,1.61352,1.61337,1.29,2.14
2014.09.10,00:35:29.166,1.61353,1.61337,1.32,2.14
2014.09.10,00:35:30.292,1.61353,1.61338,1.07,1.39
2014.09.10,00:35:31.577,1.61353,1.61337,1.26,1.64
2014.09.10,00:35:32.569,1.61353,1.61338,1.26,1.39
2014.09.10,00:35:34.773,1.61351,1.61337,1.25,1.76
2014.09.10,00:35:36.173,1.61351,1.61336,1.76,1.84
2014.09.10,00:35:43.092,1.61351,1.61336,1.57,1.84
2014.09.10,00:35:44.336,1.61351,1.61336,1.76,1.29
2014.09.10,00:35:44.863,1.61351,1.61336,1.76,1.76
2014.09.10,00:35:45.948,1.61351,1.61336,1.76,1.29
2014.09.10,00:35:48.536,1.61351,1.61336,1.69,1.29
2014.09.10,00:35:48.840,1.61353,1.61338,2.51,1.07
2014.09.10,00:35:50.848,1.61353,1.61338,1.76,2.14
2014.09.10,00:35:51.203,1.61352,1.61338,1.01,4.39
2014.09.10,00:35:51.507,1.61354,1.6134,1.25,1.66
2014.09.10,00:35:51.912,1.61351,1.6134,1,1.66
2014.09.10,00:35:52.166,1.6135,1.61337,1.5,1
2014.09.10,00:35:52.672,1.6135,1.61335,1.76,1.76
2014.09.10,00:35:53.271,1.61351,1.61337,2.51,1.25
2014.09.10,00:35:53.473,1.61351,1.61337,1.34,1.19
2014.09.10,00:35:53.980,1.61349,1.61337,1.07,1.19
2014.09.10,00:35:54.516,1.61349,1.61335,1.32,1.69
2014.09.10,00:35:55.531,1.61349,1.61335,1.07,1.19
2014.09.10,00:35:57.025,1.61349,1.61335,1.26,1
2014.09.10,00:35:57.331,1.61346,1.61333,1.84,1.19
2014.09.10,00:35:57.483,1.61349,1.61334,2.51,1.25
2014.09.10,00:35:57.992,1.61349,1.61334,1.19,1.39
2014.09.10,00:35:58.554,1.61349,1.61334,1.25,1.39
2014.09.10,00:35:59.251,1.6135,1.61336,1.84,1
2014.09.10,00:35:59.758,1.61349,1.61336,2.14,1.19
2014.09.10,00:36:04.187,1.61349,1.61336,2.81,1.19
2014.09.10,00:36:04.744,1.61349,1.61336,2.7,1.69
2014.09.10,00:36:05.268,1.61349,1.61336,2.02,1.69
2014.09.10,00:36:07.895,1.61349,1.61337,2.62,1.01
2014.09.10,00:36:09.756,1.61349,1.61336,1.87,1.7
2014.09.10,00:36:10.263,1.61349,1.61336,2.06,1.19
2014.09.10,00:36:10.870,1.6135,1.61336,1.36,1.19
2014.09.10,00:36:14.990,1.6135,1.61335,1.76,2.14
2014.09.10,00:36:15.993,1.6135,1.61335,1.69,2.21
2014.09.10,00:36:21.329,1.61348,1.61337,1.87,1
2014.09.10,00:36:22.238,1.61349,1.61337,1.1,1
2014.09.10,00:36:23.718,1.61349,1.61337,1.1,1.19
2014.09.10,00:36:24.498,1.61351,1.61337,1.19,1.31
2014.09.10,00:36:25.496,1.61351,1.61337,1.25,2.14
2014.09.10,00:36:27.694,1.61351,1.61338,1,1.26
2014.09.10,00:36:34.901,1.6135,1.61338,1,1.29
2014.09.10,00:36:37.644,1.6135,1.61337,1,2.14
2014.09.10,00:36:42.828,1.6135,1.61337,1.25,1.39
2014.09.10,00:36:46.063,1.61351,1.61337,1.09,1.69
2014.09.10,00:36:47.078,1.61351,1.61337,1.76,1.25
2014.09.10,00:36:47.702,1.61351,1.61337,1.32,1.25
2014.09.10,00:36:48.206,1.61351,1.61337,1.07,1.19
2014.09.10,00:36:53.186,1.61351,1.61337,1.1,1.29
2014.09.10,00:36:55.048,1.61351,1.61337,1.19,1.39
2014.09.10,00:37:01.403,1.61352,1.61337,1.76,1.29
2014.09.10,00:37:02.783,1.61352,1.61337,2.51,1.29
2014.09.10,00:37:06.179,1.61352,1.61337,1.76,1.76
2014.09.10,00:37:07.298,1.61352,1.61337,2.44,1.39
2014.09.10,00:37:14.682,1.61353,1.61336,3.34,2.96
2014.09.10,00:37:15.710,1.61353,1.61336,4.09,2.21
2014.09.10,00:37:18.409,1.61352,1.61336,1.84,2.96
2014.09.10,00:37:21.328,1.61352,1.61336,1.01,2.89
2014.09.10,00:37:21.834,1.61352,1.61336,1.32,2.89
2014.09.10,00:37:22.630,1.61352,1.61336,1.25,3.71
2014.09.10,00:37:23.154,1.61352,1.61336,1.09,2.96
2014.09.10,00:37:23.670,1.61352,1.61336,1.01,3.26
2014.09.10,00:37:25.314,1.61352,1.61336,1.39,1.84
2014.09.10,00:37:26.732,1.61352,1.61336,1.84,2.96
2014.09.10,00:37:31.340,1.6135,1.61336,1.22,1.76
2014.09.10,00:37:31.643,1.6135,1.61336,1.09,1.19
2014.09.10,00:37:32.513,1.6135,1.61335,1.09,1.31
2014.09.10,00:37:33.957,1.6135,1.61335,1.39,2.06
