Time,Ask,Bid,AskVolume,BidVolume,
2014.09.10,00:00:00.375,0.93253,0.93241,1.37,1.46
2014.09.10,00:00:00.985,0.93253,0.93241,1.47,1.39
2014.09.10,00:00:01.493,0.93253,0.93241,1.37,1.46
2014.09.10,00:00:02.003,0.93253,0.93241,1,2.21
2014.09.10,00:00:02.511,0.93253,0.93242,1,1.47
2014.09.10,00:00:03.411,0.93253,0.93244,1,1
2014.09.10,00:00:08.682,0.93253,0.93245,1,1
2014.09.10,00:00:09.803,0.93253,0.93244,1,1.25
2014.09.10,00:00:16.491,0.93253,0.93245,1,1
2014.09.10,00:00:16.746,0.93256,0.93246,1.5,1.69
2014.09.10,00:00:16.949,0.93257,0.93251,1,1
2014.09.10,00:00:17.203,0.93259,0.93251,1,1
2014.09.10,00:00:17.255,0.93259,0.93253,1,1
2014.09.10,00:00:17.409,0.93259,0.93251,1,1.25
2014.09.10,00:00:17.916,0.93259,0.93251,1,1.09
2014.09.10,00:00:18.373,0.93259,0.93254,1,1
2014.09.10,00:00:19.352,0.93259,0.93253,1,1.25
2014.09.10,00:00:19.809,0.93262,0.93252,1,1.19
2014.09.10,00:00:20.775,0.93262,0.93253,1,1.31
2014.09.10,00:00:23.756,0.93262,0.93255,1,1
2014.09.10,00:00:26.756,0.93262,0.93255,1,1.62
2014.09.10,00:00:26.937,0.93264,0.93255,1,2.14
2014.09.10,00:00:26.988,0.93264,0.93255,1,2.89
2014.09.10,00:00:27.294,0.93266,0.93257,1,1.1
2014.09.10,00:00:27.395,0.93266,0.93259,1.1,1
2014.09.10,00:00:29.612,0.93266,0.93258,1,1.25
2014.09.10,00:00:30.792,0.93268,0.93259,1,1
2014.09.10,00:00:31.323,0.93269,0.9326,1,1
2014.09.10,00:00:31.837,0.93269,0.93258,1,2.14
2014.09.10,00:00:32.352,0.93269,0.9326,1,1
2014.09.10,00:00:32.870,0.93269,0.93258,1,2.14
2014.09.10,00:00:37.614,0.93269,0.9326,1,1
2014.09.10,00:00:38.123,0.93269,0.93258,1,1.62
2014.09.10,00:00:38.883,0.93269,0.93257,1,2.21
2014.09.10,00:00:41.432,0.93269,0.93258,1,1.66
2014.09.10,00:00:41.981,0.93269,0.9326,1,1.2
2014.09.10,00:00:42.082,0.93271,0.9326,1.12,1.27
2014.09.10,00:00:42.590,0.93271,0.93262,1,1
2014.09.10,00:00:43.137,0.93271,0.93263,1,1
2014.09.10,00:00:44.027,0.93271,0.93261,1,1.39
2014.09.10,00:00:45.203,0.93271,0.9326,1,2.21
2014.09.10,00:00:45.711,0.93271,0.9326,1,1.74
2014.09.10,00:00:46.624,0.93271,0.9326,1,1.74
2014.09.10,00:00:47.232,0.93271,0.9326,1,1.74
2014.09.10,00:00:48.195,0.93271,0.93259,1,2.21
2014.09.10,00:00:48.297,0.93271,0.93259,1,2.21
2014.09.10,00:00:49.414,0.93271,0.93262,1,1
2014.09.10,00:00:50.183,0.93271,0.93261,1,1.1
2014.09.10,00:00:50.692,0.93271,0.93261,1,1.29
2014.09.10,00:00:55.394,0.93271,0.93265,1,3
2014.09.10,00:00:55.699,0.93283,0.93273,1.19,1.57
2014.09.10,00:00:55.801,0.93285,0.93273,1.84,2.25
2014.09.10,00:00:56.105,0.93286,0.93273,3.19,2.4
2014.09.10,00:00:56.563,0.93288,0.93276,1.09,1
2014.09.10,00:00:59.416,0.93288,0.93276,1.74,1
2014.09.10,00:01:01.549,0.93288,0.93276,2.21,1
2014.09.10,00:01:01.652,0.93284,0.93273,1.12,2.81
2014.09.10,00:01:02.160,0.93284,0.93272,1,2.96
2014.09.10,00:01:02.464,0.93284,0.93272,1,2.96
2014.09.10,00:01:02.617,0.93284,0.93273,1,1.76
2014.09.10,00:01:02.820,0.93284,0.93273,1.1,1.69
2014.09.10,00:01:03.074,0.93284,0.93273,1,2.14
2014.09.10,00:01:03.583,0.93284,0.93273,1,1.84
2014.09.10,00:01:03.942,0.93284,0.93272,1,2.59
2014.09.10,00:01:04.450,0.93284,0.93273,1,2.14
2014.09.10,00:01:04.956,0.93284,0.93272,1,2.96
2014.09.10,00:01:12.290,0.93284,0.93272,1,2.96
2014.09.10,00:01:14.078,0.93284,0.93273,1,1.71
2014.09.10,00:01:15.665,0.93284,0.93272,1,2.96
2014.09.10,00:01:21.587,0.93284,0.93273,1,1.52
2014.09.10,00:01:21.638,0.93284,0.93271,1.2,2.14
2014.09.10,00:01:21.689,0.93284,0.93271,1.27,2.06
2014.09.10,00:01:21.740,0.93283,0.93271,1.4,1
2014.09.10,00:01:21.791,0.93281,0.93269,1.1,1.01
2014.09.10,00:01:22.298,0.93281,0.93268,1.17,3.26
2014.09.10,00:01:25.585,0.93281,0.93268,1.1,2.59
2014.09.10,00:01:26.925,0.93281,0.93268,1.09,2.14
2014.09.10,00:01:27.439,0.93281,0.93268,1.17,3.64
2014.09.10,00:01:27.948,0.93281,0.93269,1.07,1.31
2014.09.10,00:01:28.937,0.93281,0.93269,1.17,1.31
2014.09.10,00:01:29.609,0.93281,0.93269,1.15,1.31
2014.09.10,00:01:30.116,0.93281,0.93269,1.07,1.31
2014.09.10,00:01:30.774,0.93281,0.93269,1.07,1.56
2014.09.10,00:01:32.664,0.93281,0.9327,1.07,1.31
2014.09.10,00:01:33.171,0.93281,0.93269,1.15,2.06
2014.09.10,00:01:38.827,0.93281,0.93272,1.15,3
2014.09.10,00:01:38.929,0.93281,0.93272,1.1,3.37
2014.09.10,00:01:38.980,0.93281,0.93272,1.1,3.37
2014.09.10,00:01:39.032,0.93285,0.93273,1.09,1.37
2014.09.10,00:01:39.184,0.93286,0.93273,1.1,1.55
2014.09.10,00:01:39.691,0.93288,0.93276,2.14,1.2
2014.09.10,00:01:45.098,0.93288,0.93276,1.39,1.47
2014.09.10,00:01:49.105,0.93288,0.93276,2.14,1.47
2014.09.10,00:01:49.817,0.93288,0.93276,2.14,1.2
2014.09.10,00:01:50.477,0.93286,0.93273,1,1.84
2014.09.10,00:01:50.990,0.93286,0.93273,1.17,1.76
2014.09.10,00:01:51.549,0.93286,0.93273,1,1.46
2014.09.10,00:01:53.081,0.93286,0.93273,1.25,1.46
2014.09.10,00:01:53.582,0.93287,0.93276,2.21,1
2014.09.10,00:01:53.736,0.93287,0.93276,2.21,1
2014.09.10,00:01:54.294,0.93286,0.93273,1.09,1.39
2014.09.10,00:01:54.910,0.93286,0.93273,1.09,1.62
2014.09.10,00:01:55.554,0.93286,0.93273,1.09,1.39
2014.09.10,00:01:56.060,0.93286,0.93273,1.09,1.62
2014.09.10,00:01:56.568,0.93286,0.93273,1.4,1.62
2014.09.10,00:01:57.074,0.93286,0.93273,1.4,1.62
2014.09.10,00:01:57.430,0.93287,0.93275,1.46,1
2014.09.10,00:01:57.532,0.93286,0.93273,1.4,1.62
2014.09.10,00:01:58.088,0.93287,0.93276,1.46,1
2014.09.10,00:01:58.190,0.93286,0.93273,1.4,1.39
2014.09.10,00:01:58.697,0.93287,0.93275,1.39,1
2014.09.10,00:01:59.205,0.93287,0.93276,2.14,1
2014.09.10,00:01:59.256,0.93286,0.93273,1.01,1.7
2014.09.10,00:01:59.820,0.93286,0.93273,1.32,1.39
2014.09.10,00:02:00.377,0.93287,0.93276,1.46,1
2014.09.10,00:02:00.479,0.93286,0.93273,1.09,1.39
2014.09.10,00:02:01.053,0.93286,0.93273,1.01,1.46
2014.09.10,00:02:01.611,0.93287,0.93276,1.46,1
2014.09.10,00:02:01.713,0.93286,0.93273,1.25,1.46
2014.09.10,00:02:02.220,0.93286,0.93273,1.46,1.39
2014.09.10,00:02:02.677,0.93287,0.93276,2.21,1
2014.09.10,00:02:02.778,0.93286,0.93273,1.31,1.46
2014.09.10,00:02:03.382,0.93286,0.93273,1.32,1.46
2014.09.10,00:02:04.565,0.93287,0.93276,1.46,1
2014.09.10,00:02:04.667,0.93286,0.93273,1.01,1.46
2014.09.10,00:02:05.172,0.93286,0.93273,1.09,1.39
2014.09.10,00:02:05.698,0.93286,0.93273,1.09,1.39
2014.09.10,00:02:06.368,0.93286,0.93273,1.01,1.7
2014.09.10,00:02:06.884,0.93286,0.93273,1.09,1.39
2014.09.10,00:02:07.458,0.93286,0.93273,1.01,1.46
2014.09.10,00:02:08.180,0.93286,0.93273,1.39,1.46
2014.09.10,00:02:08.281,0.93286,0.93273,1.39,2.21
2014.09.10,00:02:08.842,0.93287,0.93273,2.21,1.62
2014.09.10,00:02:18.689,0.93287,0.93273,2.21,1.62
2014.09.10,00:02:19.262,0.93287,0.93272,2.96,2.14
2014.09.10,00:02:20.835,0.93287,0.93272,2.96,2.21
2014.09.10,00:02:22.604,0.93287,0.93272,2.96,2.21
2014.09.10,00:02:31.053,0.93287,0.93272,4.09,2.21
2014.09.10,00:02:31.409,0.93288,0.93276,1.74,1
2014.09.10,00:02:31.814,0.93286,0.93274,1,1.31
2014.09.10,00:02:32.174,0.93288,0.93276,2.21,1
2014.09.10,00:02:32.276,0.93286,0.93273,1.1,2.21
2014.09.10,00:02:32.807,0.93286,0.93273,1,2.21
2014.09.10,00:02:33.416,0.93287,0.93273,1.01,1.71
2014.09.10,00:02:33.931,0.93286,0.93273,1.1,2.21
2014.09.10,00:02:34.493,0.93286,0.93273,1,2.21
2014.09.10,00:02:35.006,0.9329,0.93281,1.4,1
2014.09.10,00:02:35.108,0.9329,0.93281,1.25,1.2
2014.09.10,00:02:35.666,0.93291,0.93281,1.69,1.95
2014.09.10,00:02:35.869,0.93291,0.93281,1,1.57
2014.09.10,00:02:36.375,0.93291,0.93281,1,1.65
2014.09.10,00:02:37.615,0.93291,0.93281,1,2.21
2014.09.10,00:02:37.717,0.93291,0.93281,1,4.84
2014.09.10,00:02:37.768,0.93294,0.93284,1,1.37
2014.09.10,00:02:37.870,0.93296,0.93284,1,1.52
2014.09.10,00:02:38.377,0.93296,0.93283,1,3.34
2014.09.10,00:02:40.952,0.93294,0.93283,1,2.21
2014.09.10,00:02:43.146,0.93294,0.93283,1,2.21
2014.09.10,00:02:49.728,0.93294,0.93283,1,2.21
2014.09.10,00:03:02.278,0.93294,0.93282,1,2.21
2014.09.10,00:03:13.396,0.93294,0.93282,1.25,1.52
2014.09.10,00:03:13.903,0.93294,0.93282,1.25,1.52
2014.09.10,00:03:14.466,0.93294,0.93282,1,1.77
2014.09.10,00:03:14.972,0.93294,0.93282,1,1.77
2014.09.10,00:03:17.487,0.93294,0.93282,1,2.21
2014.09.10,00:03:17.993,0.93294,0.93282,1,2.21
2014.09.10,00:03:21.325,0.93294,0.93282,1.25,1.52
2014.09.10,00:03:21.789,0.93294,0.93282,1.25,1.52
2014.09.10,00:03:24.970,0.93294,0.93282,1,1.77
2014.09.10,00:03:25.626,0.93294,0.93282,1,1.77
2014.09.10,00:03:34.784,0.93294,0.93282,1.12,1.7
2014.09.10,00:03:41.549,0.93296,0.93282,2.81,1.77
2014.09.10,00:03:42.273,0.93296,0.93282,2.89,1.77
2014.09.10,00:03:44.817,0.93296,0.93282,2.81,1.77
2014.09.10,00:03:46.657,0.93296,0.93282,2.96,1.39
2014.09.10,00:03:47.290,0.93296,0.93282,2.96,1.46
2014.09.10,00:03:47.798,0.93296,0.93281,3.71,3.71
2014.09.10,00:03:48.304,0.93291,0.93281,1,3.34
2014.09.10,00:03:48.810,0.93291,0.93281,1,1.84
2014.09.10,00:03:50.681,0.93291,0.93281,1,1.69
2014.09.10,00:03:51.186,0.93291,0.93281,1,2.06
2014.09.10,00:03:51.737,0.93291,0.93281,1,2.06
2014.09.10,00:03:51.787,0.93293,0.93281,1,2.81
2014.09.10,00:03:51.940,0.93293,0.93281,1,3.56
2014.09.10,00:03:52.041,0.93291,0.93281,1,2.81
2014.09.10,00:03:54.166,0.93291,0.93281,1,1.91
2014.09.10,00:03:55.080,0.93291,0.93281,1,1.91
2014.09.10,00:03:55.621,0.93291,0.93281,1,1.91
2014.09.10,00:03:56.111,0.93294,0.93281,1.39,1.91
2014.09.10,00:03:56.619,0.93294,0.93281,1.31,1.91
2014.09.10,00:04:01.898,0.93294,0.93281,1.12,2.96
2014.09.10,00:04:04.038,0.93294,0.93281,1.37,1.71
2014.09.10,00:04:04.191,0.93294,0.9328,2.21,2.06
2014.09.10,00:04:04.698,0.93291,0.93279,1.15,1.12
2014.09.10,00:04:05.002,0.93288,0.93277,1.17,1.56
2014.09.10,00:04:05.509,0.93286,0.93275,1,2.21
2014.09.10,00:04:07.233,0.93286,0.93275,1,2.14
2014.09.10,00:04:08.934,0.93286,0.93275,1,2.14
2014.09.10,00:04:09.492,0.93283,0.93275,1,1.66
2014.09.10,00:04:09.950,0.93286,0.93275,1.17,1.56
2014.09.10,00:04:10.474,0.93286,0.93274,1.12,2.21
2014.09.10,00:04:17.882,0.93286,0.93277,1,1.87
2014.09.10,00:04:17.984,0.9329,0.93279,1.09,1.12
2014.09.10,00:04:18.086,0.9329,0.93281,1,1.5
2014.09.10,00:04:18.593,0.93291,0.93281,1,1.07
2014.09.10,00:04:19.351,0.93291,0.93279,1,1.4
2014.09.10,00:04:20.130,0.93291,0.9328,1,1.2
2014.09.10,00:04:21.195,0.93288,0.93278,1,2.96
2014.09.10,00:04:21.499,0.93288,0.93276,1.57,2.14
2014.09.10,00:04:21.753,0.93288,0.93276,1.65,2.06
2014.09.10,00:04:22.463,0.93288,0.93276,1.65,1.31
2014.09.10,00:04:23.447,0.93288,0.93276,1.65,1.31
2014.09.10,00:04:23.953,0.93288,0.93276,1.65,1.62
2014.09.10,00:04:25.880,0.93288,0.93276,1.65,1.25
2014.09.10,00:04:26.889,0.93288,0.93276,1.65,1.62
2014.09.10,00:04:27.435,0.93288,0.93276,2.02,1.31
2014.09.10,00:04:28.061,0.93288,0.93276,2.02,1.31
2014.09.10,00:04:28.876,0.93288,0.93276,2.02,1.31
2014.09.10,00:04:29.750,0.93288,0.93276,2.02,1.31
2014.09.10,00:04:31.561,0.93288,0.93276,2.02,1.31
2014.09.10,00:04:34.876,0.93288,0.93276,2.02,1.31
2014.09.10,00:04:35.993,0.93287,0.93276,1.2,1.37
2014.09.10,00:04:36.298,0.93288,0.93278,1,1.37
2014.09.10,00:04:36.805,0.93288,0.93278,1,1.37
2014.09.10,00:04:46.541,0.93288,0.93277,1,2.14
2014.09.10,00:04:51.230,0.93288,0.93277,1,1.39
2014.09.10,00:04:52.406,0.93288,0.93277,1,1.39
2014.09.10,00:05:21.265,0.9329,0.93277,1.27,2.14
2014.09.10,00:05:21.777,0.9329,0.93277,2.02,1.56
2014.09.10,00:05:22.501,0.9329,0.93277,2.02,1.66
2014.09.10,00:05:23.012,0.9329,0.93277,1.65,1.56
2014.09.10,00:05:23.716,0.93292,0.93277,2.21,1.66
2014.09.10,00:05:30.240,0.93291,0.93276,1.71,2.21
2014.09.10,00:05:34.450,0.93292,0.93277,2.96,1.39
2014.09.10,00:05:35.448,0.93289,0.93276,1.1,2.21
2014.09.10,00:05:37.415,0.93289,0.93276,1.17,2.14
2014.09.10,00:05:38.339,0.93289,0.93276,1,1.76
2014.09.10,00:05:38.390,0.93287,0.93276,1,1.66
2014.09.10,00:05:38.441,0.93287,0.93275,1.47,2.14
2014.09.10,00:05:38.746,0.93285,0.93274,1.17,2.06
2014.09.10,00:05:39.418,0.93285,0.93274,1.1,1.31
2014.09.10,00:05:39.935,0.93285,0.93273,1.1,1.66
2014.09.10,00:05:40.446,0.93285,0.93273,1.07,1.31
2014.09.10,00:05:40.788,0.93282,0.93271,1,3.64
2014.09.10,00:05:45.153,0.93282,0.93272,1,2.81
2014.09.10,00:05:45.204,0.93284,0.93272,1.1,3.56
2014.09.10,00:05:45.713,0.93286,0.93273,1.65,4.39
2014.09.10,00:05:46.220,0.93286,0.93273,1.5,4.84
2014.09.10,00:05:47.561,0.93286,0.93274,1.5,2.96
2014.09.10,00:05:48.282,0.93286,0.93274,1.5,2.21
2014.09.10,00:05:48.794,0.93286,0.93275,1.5,2.14
2014.09.10,00:05:49.510,0.93286,0.93275,1.5,1.66
2014.09.10,00:05:49.612,0.93286,0.93276,1,1.39
2014.09.10,00:05:50.400,0.93286,0.93276,1,2.14
2014.09.10,00:05:51.928,0.93286,0.93277,1,2.21
2014.09.10,00:05:52.030,0.93288,0.93277,1,2.21
2014.09.10,00:05:52.537,0.93289,0.93278,1.1,2.06
2014.09.10,00:05:53.314,0.93289,0.93278,1.1,2.06
2014.09.10,00:05:54.006,0.93289,0.93282,1,1.37
2014.09.10,00:05:54.514,0.93289,0.9328,1,2.06
2014.09.10,00:05:56.635,0.93291,0.93281,1,2.14
2014.09.10,00:05:57.177,0.93291,0.93283,1,1.12
2014.09.10,00:05:57.829,0.93291,0.93283,1,2.06
2014.09.10,00:05:59.311,0.93291,0.93283,1,1.25
2014.09.10,00:06:02.796,0.93292,0.93282,1.1,2.81
2014.09.10,00:06:03.484,0.93292,0.93283,1,1.62
2014.09.10,00:06:06.576,0.93292,0.93284,1,1.37
2014.09.10,00:06:07.232,0.93292,0.93283,1,1.62
2014.09.10,00:06:14.163,0.93292,0.93282,1,2.06
2014.09.10,00:06:15.054,0.93292,0.93282,1,2.06
2014.09.10,00:06:15.565,0.93292,0.93284,1,1.37
2014.09.10,00:06:21.300,0.93292,0.93283,1.1,1.31
2014.09.10,00:06:26.011,0.93292,0.93282,1,1.62
2014.09.10,00:06:27.891,0.93292,0.93282,1.1,1.62
2014.09.10,00:06:28.398,0.93292,0.93282,1.1,1.62
2014.09.10,00:06:30.112,0.93292,0.93282,1.07,1.62
2014.09.10,00:06:30.619,0.93292,0.93282,1.1,1.62
2014.09.10,00:06:31.126,0.93292,0.93282,1.17,1.62
2014.09.10,00:06:32.096,0.93292,0.93282,1.2,1.62
2014.09.10,00:06:32.598,0.93292,0.93282,1.07,1.62
2014.09.10,00:06:33.632,0.93292,0.93282,1.1,1.62
2014.09.10,00:06:36.660,0.93292,0.93282,1.1,1.62
2014.09.10,00:06:37.162,0.93292,0.93282,1.1,1.62
2014.09.10,00:06:37.675,0.93292,0.93283,1,1.37
2014.09.10,00:06:37.929,0.93294,0.93283,1.2,1.37
2014.09.10,00:06:39.585,0.93294,0.93283,1.2,1.37
2014.09.10,00:06:39.636,0.93294,0.93283,1.15,1.37
2014.09.10,00:06:40.359,0.93294,0.93283,1.17,1.37
2014.09.10,00:06:42.049,0.93294,0.93283,1,1.47
2014.09.10,00:06:43.059,0.93294,0.93283,1.07,1.31
2014.09.10,00:06:43.516,0.93294,0.93282,1.15,1.62
2014.09.10,00:06:43.769,0.93294,0.93281,1.15,2.81
2014.09.10,00:06:43.871,0.93291,0.93279,1.17,2.44
2014.09.10,00:06:43.922,0.93291,0.93279,1.17,1.69
2014.09.10,00:06:44.024,0.93289,0.93277,1.17,1
2014.09.10,00:06:44.126,0.93286,0.93275,1.07,1.19
2014.09.10,00:06:44.330,0.93284,0.93273,1,3.64
2014.09.10,00:06:44.533,0.93284,0.93272,1.17,2.06
2014.09.10,00:06:44.737,0.93284,0.93272,1.1,2.14
2014.09.10,00:06:44.839,0.93284,0.93272,1.07,2.14
2014.09.10,00:06:45.346,0.93284,0.93273,1.2,1.12
2014.09.10,00:06:45.448,0.93284,0.93275,1,1
2014.09.10,00:06:45.854,0.93286,0.93276,1.2,1
2014.09.10,00:06:46.361,0.93286,0.93277,1.1,1
2014.09.10,00:06:46.869,0.93286,0.93276,1.1,1
2014.09.10,00:06:47.403,0.93286,0.93276,1.1,1.69
2014.09.10,00:06:49.878,0.93287,0.93277,1,1.62
2014.09.10,00:06:49.984,0.93291,0.93278,2.59,1.37
2014.09.10,00:06:50.646,0.93292,0.93281,1.09,1.12
2014.09.10,00:06:50.748,0.93293,0.93281,1.84,1.47
2014.09.10,00:06:51.155,0.93294,0.93281,1.2,2.51
2014.09.10,00:06:51.766,0.93294,0.93282,1.07,2.06
2014.09.10,00:06:51.970,0.93293,0.93281,1.2,2.81
2014.09.10,00:06:52.275,0.93289,0.93281,1.07,1
2014.09.10,00:06:52.427,0.93289,0.93278,1.57,1.62
2014.09.10,00:06:52.479,0.93289,0.93278,1.57,1.31
2014.09.10,00:06:52.885,0.93285,0.93275,1.1,1.62
2014.09.10,00:06:53.189,0.93285,0.93274,1.17,1.19
2014.09.10,00:06:53.883,0.93284,0.93272,1.17,3.56
2014.09.10,00:06:55.635,0.93283,0.93272,1,2.89
2014.09.10,00:06:56.143,0.93283,0.93274,1.1,1.37
2014.09.10,00:06:57.906,0.93283,0.93273,1,1.62
2014.09.10,00:06:58.414,0.93283,0.93273,1,1.62
2014.09.10,00:07:03.137,0.93283,0.93272,1,3.26
2014.09.10,00:07:03.290,0.93285,0.93276,1,1.12
2014.09.10,00:07:17.433,0.93285,0.93273,1.5,2.14
2014.09.10,00:07:20.459,0.93285,0.93274,1.5,1.66
2014.09.10,00:07:22.642,0.93285,0.93276,1.5,1.37
2014.09.10,00:07:24.645,0.93285,0.93275,1.5,1.66
2014.09.10,00:07:28.468,0.93285,0.93275,1.5,1.66
2014.09.10,00:07:30.369,0.93285,0.93275,1.5,1.66
2014.09.10,00:07:30.911,0.93285,0.93275,1.5,2.06
2014.09.10,00:07:32.769,0.93285,0.93275,1.5,2.06
2014.09.10,00:07:41.179,0.93285,0.93275,1.5,1.56
2014.09.10,00:07:41.691,0.93285,0.93275,1.5,1.56
2014.09.10,00:07:42.207,0.93285,0.93275,1.5,1.56
2014.09.10,00:07:43.080,0.93285,0.93274,1.5,2.14
2014.09.10,00:07:45.007,0.93285,0.93273,1.5,1.66
2014.09.10,00:07:59.568,0.93285,0.93274,1,2.14
2014.09.10,00:08:00.733,0.93285,0.93274,1,1.66
2014.09.10,00:08:02.075,0.93285,0.93274,1.1,2.44
2014.09.10,00:08:02.935,0.93285,0.93274,1.1,2.06
2014.09.10,00:08:14.859,0.93288,0.93273,1.71,2.51
2014.09.10,00:08:15.013,0.93281,0.93273,1,1.69
2014.09.10,00:08:17.084,0.93281,0.93271,1,2.06
2014.09.10,00:08:17.287,0.93281,0.93271,1,1.62
2014.09.10,00:08:20.312,0.93281,0.93271,1,1.62
2014.09.10,00:08:20.516,0.93281,0.93274,1,1
2014.09.10,00:08:21.024,0.93281,0.93272,1,1.12
2014.09.10,00:08:21.910,0.93281,0.93273,1,1
2014.09.10,00:08:22.618,0.93281,0.93273,1,1.37
2014.09.10,00:08:23.142,0.93281,0.93273,1,1.12
2014.09.10,00:08:26.394,0.93281,0.93272,1,1
2014.09.10,00:08:27.873,0.9328,0.93271,1,1.12
2014.09.10,00:08:28.279,0.9328,0.93269,1.1,1.12
2014.09.10,00:08:28.381,0.93278,0.93268,1.1,1.25
2014.09.10,00:08:28.891,0.93278,0.93267,1.17,1.69
2014.09.10,00:08:29.400,0.93278,0.93268,1.1,1
2014.09.10,00:08:29.909,0.93278,0.93266,1.17,2.06
2014.09.10,00:08:30.010,0.93278,0.93266,1.17,2.06
2014.09.10,00:08:30.517,0.93278,0.93266,1.1,1.95
2014.09.10,00:08:30.872,0.93276,0.93264,1,2.21
2014.09.10,00:08:31.646,0.93276,0.93264,1.1,1.39
2014.09.10,00:08:32.154,0.93276,0.93264,1.27,1.31
2014.09.10,00:08:32.683,0.93276,0.93264,1.39,1.2
2014.09.10,00:08:33.196,0.93276,0.93263,1.46,2.51
2014.09.10,00:08:34.656,0.93276,0.93263,1.2,3.34
2014.09.10,00:08:35.162,0.93276,0.93263,1.27,3.26
2014.09.10,00:08:37.261,0.93276,0.93263,1.12,3.34
2014.09.10,00:08:38.016,0.93276,0.93264,1.12,1.31
2014.09.10,00:08:40.442,0.93276,0.93264,1,2.06
2014.09.10,00:08:47.797,0.93276,0.93266,1,1
2014.09.10,00:08:51.498,0.93276,0.93264,1,1.46
2014.09.10,00:08:52.795,0.93276,0.93264,1.1,2.21
2014.09.10,00:08:56.218,0.93276,0.93265,1.17,1.69
2014.09.10,00:08:56.725,0.93276,0.93265,1.1,1.19
2014.09.10,00:08:57.345,0.93276,0.93265,1.1,1.25
2014.09.10,00:09:01.563,0.93276,0.93265,1.1,1.69
2014.09.10,00:09:02.223,0.93275,0.93265,1,1.19
2014.09.10,00:09:02.774,0.93275,0.93264,1,1.39
2014.09.10,00:09:03.708,0.93275,0.93264,1.07,1.19
2014.09.10,00:09:03.759,0.93275,0.93263,1.17,1.69
2014.09.10,00:09:04.267,0.93273,0.93261,1,1.84
2014.09.10,00:09:04.319,0.93275,0.93263,1.4,1
2014.09.10,00:09:04.602,0.9327,0.93259,1,1.46
2014.09.10,00:09:04.755,0.93268,0.93258,1,2.06
2014.09.10,00:09:05.780,0.93268,0.93257,1,2.21
2014.09.10,00:09:06.136,0.93268,0.93257,1,2.14
2014.09.10,00:09:12.780,0.93268,0.93257,1.1,2.06
2014.09.10,00:09:12.983,0.93268,0.93256,1.1,1.66
2014.09.10,00:09:13.489,0.93268,0.93255,1.17,3.26
2014.09.10,00:09:16.573,0.93268,0.93256,1.57,2.14
2014.09.10,00:09:22.071,0.93268,0.93256,1.1,2.14
2014.09.10,00:09:30.846,0.93268,0.93256,1.57,1.39
2014.09.10,00:09:32.788,0.93268,0.93256,1.57,2.14
2014.09.10,00:09:34.327,0.93268,0.93256,1.57,2.14
2014.09.10,00:09:35.522,0.93268,0.93257,1.57,1.62
2014.09.10,00:09:35.725,0.93268,0.93257,1.1,1.62
2014.09.10,00:09:36.243,0.93268,0.93257,1.1,1.62
2014.09.10,00:09:38.400,0.93268,0.93259,1.1,1.62
2014.09.10,00:09:38.705,0.93269,0.93262,1,1
2014.09.10,00:09:38.807,0.93269,0.9326,1,1
2014.09.10,00:09:38.858,0.93271,0.9326,1.57,1
2014.09.10,00:09:38.960,0.93271,0.93262,1,1
2014.09.10,00:09:41.199,0.93271,0.93262,1.1,2.06
2014.09.10,00:09:41.503,0.93274,0.93263,1,1.09
2014.09.10,00:09:42.010,0.93275,0.93263,1,2.59
2014.09.10,00:09:43.239,0.93272,0.93264,1,1.66
2014.09.10,00:09:43.342,0.93272,0.93263,1,1.17
2014.09.10,00:09:43.545,0.9327,0.93263,1,1
2014.09.10,00:09:43.647,0.9327,0.93259,1,1.76
2014.09.10,00:09:43.850,0.93268,0.93257,1,2.59
2014.09.10,00:09:44.357,0.93268,0.93257,1.07,1
2014.09.10,00:09:44.864,0.93268,0.93257,1.1,1.5
2014.09.10,00:09:45.168,0.93269,0.93258,1,1.09
2014.09.10,00:09:45.675,0.9327,0.93259,1,1.1
2014.09.10,00:09:49.708,0.9327,0.93259,1.1,2.81
2014.09.10,00:09:50.013,0.93276,0.93264,2.51,1.47
2014.09.10,00:09:50.519,0.93276,0.93264,2.51,1.57
2014.09.10,00:09:51.104,0.93276,0.93264,1.57,1.57
2014.09.10,00:09:51.615,0.93276,0.93264,1.57,1.47
2014.09.10,00:09:52.649,0.93276,0.93264,1.57,2.89
2014.09.10,00:09:52.954,0.93279,0.93269,1.65,1
2014.09.10,00:09:53.411,0.93279,0.93269,1.5,1
2014.09.10,00:09:53.918,0.93279,0.93269,1.65,1
2014.09.10,00:09:54.840,0.93279,0.93269,1.57,1
2014.09.10,00:09:58.921,0.93279,0.93269,1.17,1
2014.09.10,00:10:00.216,0.93277,0.93269,1,1
2014.09.10,00:10:01.741,0.93277,0.93267,1,1
2014.09.10,00:10:39.866,0.93278,0.93267,1.2,1
2014.09.10,00:10:40.588,0.93278,0.93267,1.17,1
2014.09.10,00:10:50.096,0.93278,0.93267,1.17,1
2014.09.10,00:10:50.612,0.93278,0.93267,1.17,1
2014.09.10,00:11:01.599,0.93278,0.93267,1.17,1
2014.09.10,00:11:01.852,0.93278,0.93264,1.4,2.89
2014.09.10,00:11:02.363,0.93276,0.93264,1.1,2.89
2014.09.10,00:11:04.282,0.93276,0.93264,1.1,2.89
2014.09.10,00:11:07.333,0.93272,0.93264,1,1.1
2014.09.10,00:11:07.586,0.93272,0.93262,1.1,1
2014.09.10,00:11:07.637,0.9327,0.93264,1,1
2014.09.10,00:11:07.739,0.9327,0.93262,1.1,1
2014.09.10,00:11:14.003,0.9327,0.93259,1.1,1.69
2014.09.10,00:11:14.511,0.9327,0.93259,1.17,1.25
2014.09.10,00:11:56.021,0.93268,0.93259,1,1
2014.09.10,00:12:01.213,0.93268,0.93258,1,1.31
2014.09.10,00:12:01.741,0.93267,0.93258,1,1.31
2014.09.10,00:12:03.442,0.93267,0.93258,1,1.47
2014.09.10,00:12:08.532,0.93266,0.93258,1,2.14
2014.09.10,00:12:12.047,0.93268,0.93258,1,2.14
2014.09.10,00:12:12.559,0.93268,0.93258,1,1.25
2014.09.10,00:12:13.118,0.93268,0.93257,1,1.56
2014.09.10,00:12:24.755,0.93267,0.93256,1,3.64
2014.09.10,00:12:25.268,0.93267,0.93256,1,3.56
2014.09.10,00:12:25.785,0.93267,0.93256,1,3.64
2014.09.10,00:12:26.717,0.93267,0.93256,1,1.57
2014.09.10,00:12:27.227,0.93263,0.93256,1.1,1
2014.09.10,00:12:27.380,0.93262,0.93254,1,1
2014.09.10,00:12:27.532,0.93261,0.93251,1.07,1.25
2014.09.10,00:12:27.837,0.9326,0.93249,1.1,1.25
2014.09.10,00:12:28.027,0.93258,0.93248,1,1.19
2014.09.10,00:12:28.636,0.93258,0.93247,1,1.31
2014.09.10,00:12:29.354,0.93258,0.93247,1.07,1.19
2014.09.10,00:12:29.861,0.93258,0.93247,1.1,1
2014.09.10,00:12:30.369,0.93258,0.93247,1,1.17
2014.09.10,00:12:31.858,0.93258,0.93247,1,1.46
2014.09.10,00:12:32.800,0.93258,0.93247,1,2.21
2014.09.10,00:12:34.063,0.93258,0.93247,1,2.21
2014.09.10,00:12:34.572,0.93259,0.9325,1,1
2014.09.10,00:12:38.319,0.93259,0.9325,1,2.14
2014.09.10,00:12:58.654,0.9326,0.9325,1,1.84
2014.09.10,00:12:59.475,0.9326,0.9325,1,2.14
2014.09.10,00:12:59.627,0.93253,0.93245,1,2.44
2014.09.10,00:12:59.729,0.93255,0.93246,1,1.31
2014.09.10,00:13:00.033,0.93258,0.93246,1.1,2.89
2014.09.10,00:13:00.642,0.93258,0.93246,1,3.71
2014.09.10,00:13:02.012,0.93258,0.93247,1.17,1.69
2014.09.10,00:13:02.114,0.93255,0.93247,1,1.69
2014.09.10,00:13:02.471,0.93258,0.93247,1.1,1.19
2014.09.10,00:13:02.989,0.93258,0.93246,1.1,2.14
2014.09.10,00:13:04.426,0.93258,0.93246,1.47,1.76
2014.09.10,00:13:04.630,0.93258,0.93245,1.55,1.01
2014.09.10,00:13:05.137,0.93255,0.93243,1.1,1.29
2014.09.10,00:13:05.669,0.93255,0.93242,1.1,1.65
2014.09.10,00:13:06.835,0.93255,0.93242,1.17,2.89
2014.09.10,00:13:07.342,0.93253,0.93242,1,1.39
2014.09.10,00:13:08.079,0.93253,0.93241,1.1,1.39
2014.09.10,00:13:09.469,0.93253,0.9324,1.27,2.89
2014.09.10,00:13:09.520,0.9325,0.9324,1,2.06
2014.09.10,00:13:09.824,0.93248,0.93238,1,2.06
2014.09.10,00:13:09.926,0.9325,0.93238,1.1,1.66
2014.09.10,00:13:10.436,0.9325,0.93238,1.17,2.06
2014.09.10,00:13:10.944,0.9325,0.93239,1,1.47
2014.09.10,00:13:13.556,0.9325,0.93238,1.07,1.56
2014.09.10,00:13:14.071,0.9325,0.93238,1.1,1.66
2014.09.10,00:13:14.531,0.93247,0.93237,1.17,2.25
2014.09.10,00:13:14.835,0.93244,0.93236,1,1.69
2014.09.10,00:13:14.887,0.9325,0.93237,1.4,1
2014.09.10,00:13:15.394,0.93248,0.93236,1.17,1.69
2014.09.10,00:13:15.942,0.93248,0.93236,1.17,1.69
2014.09.10,00:13:16.147,0.93244,0.93236,1,1.69
2014.09.10,00:13:19.556,0.93244,0.93236,1,2.06
2014.09.10,00:13:33.164,0.93245,0.93236,1,1.56
2014.09.10,00:13:33.333,0.93245,0.93235,1,1.39
2014.09.10,00:13:33.588,0.93243,0.93234,1,1.56
2014.09.10,00:13:34.112,0.93244,0.93235,1,1.47
2014.09.10,00:13:34.619,0.93245,0.93235,1,1.37
2014.09.10,00:13:35.808,0.93245,0.93235,1,1.56
2014.09.10,00:13:36.323,0.93245,0.93235,1,1.66
2014.09.10,00:13:37.398,0.93245,0.93235,1,1.66
2014.09.10,00:13:38.874,0.93244,0.93233,1,2.96
2014.09.10,00:13:40.436,0.93244,0.93234,1,2.14
2014.09.10,00:13:40.588,0.93248,0.93237,1,1.45
2014.09.10,00:13:40.639,0.93249,0.93237,1.5,2.02
2014.09.10,00:13:41.147,0.93249,0.93237,1.5,1.55
2014.09.10,00:13:41.552,0.93249,0.93238,1,2.02
2014.09.10,00:13:42.688,0.93249,0.93239,1,1.66
2014.09.10,00:13:43.376,0.93249,0.93237,1.5,1.46
2014.09.10,00:13:43.883,0.93249,0.93237,1.57,1.39
2014.09.10,00:13:44.238,0.93249,0.93239,1.1,1.37
2014.09.10,00:13:44.441,0.93251,0.93239,1.5,1.7
2014.09.10,00:13:44.899,0.93251,0.93239,1.65,1.31
2014.09.10,00:13:45.407,0.93249,0.93239,1,1
2014.09.10,00:13:45.924,0.93249,0.93237,1.57,1.76
2014.09.10,00:13:46.483,0.93249,0.93237,1.76,1.1
2014.09.10,00:13:47.047,0.93249,0.93237,1.76,1
2014.09.10,00:13:47.610,0.93249,0.93237,1.76,1
2014.09.10,00:13:49.089,0.93249,0.93237,1.84,1
2014.09.10,00:13:50.473,0.93249,0.93237,1.76,1.1
2014.09.10,00:13:50.695,0.93247,0.93237,1,1.1
2014.09.10,00:13:51.000,0.93245,0.93237,1,1
2014.09.10,00:14:07.237,0.93245,0.93234,1,1.39
2014.09.10,00:14:07.745,0.93244,0.93233,1,2.14
2014.09.10,00:14:08.050,0.93244,0.93232,1.07,2.06
2014.09.10,00:14:08.558,0.93244,0.93232,1,1.84
2014.09.10,00:14:13.229,0.93244,0.93232,1,2.21
2014.09.10,00:14:13.857,0.93244,0.93232,1,2.21
2014.09.10,00:14:15.924,0.93244,0.93232,1,2.21
2014.09.10,00:14:23.367,0.93244,0.93232,1,2.21
2014.09.10,00:14:23.950,0.93244,0.93232,1,2.21
2014.09.10,00:14:27.639,0.93244,0.93232,1,2.59
2014.09.10,00:14:29.223,0.93244,0.93232,1,2.59
2014.09.10,00:14:30.023,0.93244,0.93232,1,2.59
2014.09.10,00:14:39.552,0.93243,0.93232,1.57,2.14
2014.09.10,00:14:40.059,0.93243,0.93232,1.5,1.31
2014.09.10,00:14:42.764,0.93243,0.93232,1.65,1.25
2014.09.10,00:14:57.713,0.93243,0.93232,1.1,1.31
2014.09.10,00:14:58.220,0.93243,0.93232,1.17,1.25
2014.09.10,00:14:58.744,0.93243,0.93232,1,1.39
2014.09.10,00:14:59.254,0.93243,0.93232,1,1.01
2014.09.10,00:15:00.469,0.93243,0.93232,1,1.39
2014.09.10,00:15:01.187,0.93243,0.93232,1,2.14
2014.09.10,00:15:01.789,0.93243,0.93232,1,2.21
2014.09.10,00:15:03.568,0.93243,0.93232,1,2.21
2014.09.10,00:15:07.679,0.93243,0.93234,1,1.62
2014.09.10,00:15:08.196,0.93243,0.93234,1,1.31
2014.09.10,00:15:09.600,0.93243,0.93232,1,2.21
2014.09.10,00:15:16.046,0.93242,0.93232,1,1.76
2014.09.10,00:15:16.554,0.93244,0.93232,1.17,1.25
2014.09.10,00:15:17.069,0.93244,0.93232,1.1,1.01
2014.09.10,00:15:17.651,0.93244,0.93232,1.17,1
2014.09.10,00:15:18.219,0.93244,0.93232,1.1,1.1
2014.09.10,00:15:20.660,0.93244,0.93232,1.17,1.25
2014.09.10,00:15:21.643,0.93244,0.93232,1.2,1.01
2014.09.10,00:15:22.151,0.93244,0.93232,1.27,1.25
2014.09.10,00:15:23.348,0.93244,0.93232,1.46,1
2014.09.10,00:15:23.450,0.93244,0.93232,1.46,1
2014.09.10,00:15:23.551,0.93244,0.93232,1.46,1
2014.09.10,00:15:24.143,0.93244,0.93232,2.21,1
2014.09.10,00:15:24.757,0.93244,0.93232,3.71,1
2014.09.10,00:15:25.456,0.93244,0.93232,3.71,1
2014.09.10,00:15:26.964,0.93244,0.93232,3.71,1
2014.09.10,00:15:27.483,0.93244,0.93232,3.71,1
2014.09.10,00:15:37.064,0.93244,0.93232,2.14,1
2014.09.10,00:15:38.067,0.93244,0.93232,2.96,1
2014.09.10,00:15:38.373,0.9324,0.9323,1.47,1
2014.09.10,00:15:38.881,0.93241,0.93229,2.02,1
2014.09.10,00:15:39.420,0.9324,0.93229,1.71,1
2014.09.10,00:15:39.928,0.9324,0.93229,1.71,1
2014.09.10,00:15:40.772,0.9324,0.93229,1.71,1
2014.09.10,00:15:41.280,0.9324,0.93229,1.71,1
2014.09.10,00:15:41.828,0.9324,0.93229,1.71,1
2014.09.10,00:15:42.774,0.9324,0.93229,1.71,1
2014.09.10,00:15:43.370,0.9324,0.93229,1.74,1
2014.09.10,00:15:44.283,0.93241,0.93229,2.96,1.37
2014.09.10,00:15:44.436,0.93241,0.93229,1.69,1.27
2014.09.10,00:15:44.487,0.93241,0.93229,2.14,1.1
2014.09.10,00:15:44.792,0.93241,0.93232,1.4,1
2014.09.10,00:15:53.499,0.93238,0.93232,1,1
2014.09.10,00:16:02.059,0.93237,0.93232,1.1,1
2014.09.10,00:16:02.212,0.93237,0.93229,1.1,1
2014.09.10,00:16:03.531,0.93237,0.93229,1.07,1
2014.09.10,00:16:04.140,0.93237,0.93229,1.2,1
2014.09.10,00:16:05.570,0.93237,0.93229,1.17,1
2014.09.10,00:16:06.537,0.93237,0.93229,1.2,1
2014.09.10,00:16:26.006,0.93238,0.93229,1,1
2014.09.10,00:16:26.209,0.9324,0.93229,1.25,1.07
2014.09.10,00:16:26.412,0.9324,0.93232,1,1
2014.09.10,00:16:26.740,0.93244,0.93237,1,1
2014.09.10,00:16:26.995,0.93244,0.93234,1.07,1
2014.09.10,00:16:27.706,0.93244,0.93234,1.1,1
2014.09.10,00:16:28.213,0.93244,0.93234,1.07,1
2014.09.10,00:16:28.732,0.93244,0.93234,1.1,1
2014.09.10,00:16:29.236,0.93244,0.93234,1.17,1
2014.09.10,00:16:32.137,0.93242,0.93234,1.12,1
2014.09.10,00:16:32.391,0.93242,0.93232,1.1,1
2014.09.10,00:16:43.630,0.93242,0.93232,1.07,1
2014.09.10,00:16:44.150,0.93243,0.93232,1.09,1
2014.09.10,00:16:45.232,0.93244,0.93232,4.46,1
2014.09.10,00:16:45.537,0.93244,0.93232,4.46,1
2014.09.10,00:16:45.745,0.93244,0.93232,5.21,1
2014.09.10,00:16:46.288,0.93243,0.93232,1.84,1
2014.09.10,00:16:48.936,0.93243,0.93232,1.46,1
2014.09.10,00:17:01.855,0.93236,0.93232,1,1
2014.09.10,00:17:02.058,0.93238,0.93229,1,1
2014.09.10,00:17:06.368,0.93238,0.93229,1.17,1
2014.09.10,00:17:06.877,0.93238,0.93229,1.1,1
2014.09.10,00:17:10.201,0.93239,0.93233,1.17,1
2014.09.10,00:17:10.303,0.93243,0.93232,1.5,1.1
2014.09.10,00:17:10.354,0.93243,0.93232,1.57,1
2014.09.10,00:17:10.861,0.93241,0.93231,2.02,1
2014.09.10,00:17:14.049,0.93241,0.93231,2.02,1
2014.09.10,00:17:14.354,0.93236,0.93229,1.2,1
2014.09.10,00:17:14.709,0.93236,0.93226,1.12,1.5
2014.09.10,00:17:14.849,0.93234,0.93226,1,1.5
2014.09.10,00:17:15.358,0.93233,0.93224,1,1.34
2014.09.10,00:17:15.866,0.93233,0.93224,1,1.03
2014.09.10,00:17:17.266,0.93233,0.93222,1,2.41
2014.09.10,00:17:19.787,0.93233,0.93222,1,2.26
2014.09.10,00:17:20.294,0.93234,0.93224,1,1.24
2014.09.10,00:17:26.285,0.93234,0.93224,1,1.27
2014.09.10,00:17:31.777,0.93233,0.93221,1.12,3.71
2014.09.10,00:17:32.486,0.93233,0.93221,1,3.76
2014.09.10,00:18:02.613,0.93233,0.93221,1.07,2.94
2014.09.10,00:18:03.905,0.93233,0.93221,1.1,2.94
2014.09.10,00:18:08.100,0.93233,0.93221,1.2,2.89
2014.09.10,00:18:12.470,0.93233,0.93221,1,2.96
2014.09.10,00:18:13.156,0.93233,0.93221,1.12,2.96
2014.09.10,00:18:13.460,0.93231,0.93221,1,2.14
2014.09.10,00:18:13.764,0.9323,0.93219,1.1,1.31
2014.09.10,00:18:14.272,0.93229,0.93218,1.1,1.69
2014.09.10,00:18:14.476,0.93232,0.93221,1.1,1
2014.09.10,00:18:15.601,0.93232,0.93221,1.1,1.37
2014.09.10,00:18:16.108,0.93232,0.93221,1.1,1.37
2014.09.10,00:18:19.282,0.93232,0.93221,1.1,1.62
2014.09.10,00:18:19.790,0.93232,0.93221,1.1,1.62
2014.09.10,00:18:20.094,0.9323,0.93221,1.17,1
2014.09.10,00:18:20.399,0.93229,0.93218,1.07,1.66
2014.09.10,00:18:20.450,0.93229,0.93218,1,1.74
2014.09.10,00:18:20.958,0.93229,0.93218,1,1.66
2014.09.10,00:18:21.466,0.9323,0.93218,1,2.21
2014.09.10,00:18:22.919,0.9323,0.93219,1.1,1.56
2014.09.10,00:18:26.018,0.9323,0.93218,1.2,2.14
2014.09.10,00:18:26.524,0.9323,0.93218,1.27,2.06
2014.09.10,00:18:26.626,0.9323,0.93218,1.17,2.06
2014.09.10,00:18:27.133,0.93229,0.93216,1.65,2.14
2014.09.10,00:18:31.857,0.9323,0.93219,1.57,1.01
2014.09.10,00:18:32.162,0.93232,0.93221,1.2,1.62
2014.09.10,00:18:33.269,0.93232,0.93221,1.07,1.62
2014.09.10,00:18:33.782,0.93232,0.93221,1.1,1.62
2014.09.10,00:18:35.782,0.93232,0.93221,1.17,2.06
2014.09.10,00:18:37.778,0.93232,0.93221,1.17,1.62
2014.09.10,00:18:43.473,0.93232,0.93221,1.17,1.31
2014.09.10,00:18:50.067,0.93231,0.93221,1.27,1
2014.09.10,00:18:50.169,0.93231,0.93221,1.1,1.12
2014.09.10,00:18:50.271,0.93229,0.93221,1.2,1
2014.09.10,00:18:50.424,0.93229,0.93218,1.1,3.19
2014.09.10,00:18:50.526,0.93229,0.93221,1.1,1
2014.09.10,00:18:51.489,0.93231,0.93221,1.17,1
2014.09.10,00:18:51.997,0.93231,0.93221,1.17,1
2014.09.10,00:18:52.379,0.93231,0.93221,1.1,1
2014.09.10,00:18:52.887,0.93229,0.93221,1.1,1
2014.09.10,00:18:53.407,0.93229,0.93218,1,2.14
2014.09.10,00:18:53.916,0.93229,0.93218,1.1,2.06
2014.09.10,00:18:57.479,0.93229,0.93218,1.1,2.06
2014.09.10,00:19:03.096,0.93229,0.93218,1.1,2.06
2014.09.10,00:19:07.697,0.93229,0.93218,1,2.14
2014.09.10,00:19:08.716,0.9323,0.93218,1.1,2.14
2014.09.10,00:19:11.510,0.9323,0.93219,1,1.74
2014.09.10,00:19:13.691,0.93232,0.93221,1.1,1.62
2014.09.10,00:19:14.231,0.93232,0.93223,1,1
2014.09.10,00:19:21.023,0.93233,0.93223,1.2,1
2014.09.10,00:19:30.076,0.93234,0.93223,2.7,1.12
2014.09.10,00:19:39.053,0.93234,0.93223,2.77,1
2014.09.10,00:19:39.256,0.93232,0.93221,1.2,1.69
2014.09.10,00:19:39.785,0.93232,0.93221,1,2.14
2014.09.10,00:19:43.679,0.93232,0.93221,1,1.39
2014.09.10,00:19:44.630,0.93232,0.93221,1,1.39
2014.09.10,00:20:01.262,0.93233,0.93221,1.57,2.14
2014.09.10,00:20:07.884,0.93233,0.93221,2.25,2.21
2014.09.10,00:20:08.399,0.93234,0.93221,3.07,2.21
2014.09.10,00:20:14.686,0.93234,0.93221,3.52,2.14
2014.09.10,00:20:15.194,0.93234,0.93221,1.57,2.96
2014.09.10,00:20:21.528,0.93234,0.93223,1.17,1.31
2014.09.10,00:20:22.717,0.93233,0.93221,1.17,2.81
2014.09.10,00:20:24.877,0.93233,0.93221,1.17,2.06
2014.09.10,00:20:36.729,0.93233,0.93221,1.1,2.14
2014.09.10,00:20:37.265,0.93233,0.93221,1.17,2.06
2014.09.10,00:20:41.194,0.93229,0.93221,1.37,1.5
2014.09.10,00:20:41.498,0.93227,0.93219,1.17,1
2014.09.10,00:20:41.550,0.93227,0.93216,1.2,1
2014.09.10,00:20:41.855,0.93226,0.93213,1.17,1.76
2014.09.10,00:20:42.007,0.93225,0.93213,1.1,2.14
2014.09.10,00:20:46.219,0.93226,0.93214,1.17,2.06
2014.09.10,00:20:47.710,0.93226,0.93214,1.17,2.06
2014.09.10,00:20:50.416,0.93226,0.93214,1.17,2.06
2014.09.10,00:20:50.570,0.93227,0.93216,1.01,2.62
2014.09.10,00:20:51.077,0.93227,0.93218,1.12,1
2014.09.10,00:20:55.305,0.9323,0.93218,1.71,1
2014.09.10,00:20:56.076,0.9323,0.93218,1.71,1
2014.09.10,00:20:56.585,0.9323,0.93218,1.71,1
2014.09.10,00:20:59.737,0.9323,0.93218,1.71,1
2014.09.10,00:21:00.397,0.9323,0.93218,2.96,1
2014.09.10,00:21:01.981,0.93229,0.93216,2.21,1
2014.09.10,00:21:02.185,0.93226,0.93214,1.17,2.81
2014.09.10,00:21:02.388,0.93226,0.93214,1.2,1.69
2014.09.10,00:21:02.489,0.93226,0.93214,1.15,1.69
2014.09.10,00:21:02.793,0.93226,0.93214,1.2,1.69
2014.09.10,00:21:07.510,0.93226,0.93214,1.17,1.62
2014.09.10,00:21:08.913,0.93226,0.93214,1.15,1.62
2014.09.10,00:21:09.420,0.93226,0.93214,1.27,1.25
2014.09.10,00:21:14.929,0.93224,0.93214,1.01,1
2014.09.10,00:21:52.477,0.93224,0.93214,1.17,1
2014.09.10,00:21:53.073,0.93223,0.93212,1.1,1.37
2014.09.10,00:22:00.541,0.93223,0.93212,1.1,1.62
2014.09.10,00:22:01.185,0.93223,0.93215,1,1.27
2014.09.10,00:22:11.280,0.93223,0.93212,1,2.14
2014.09.10,00:22:11.534,0.93222,0.93212,1.1,1.12
2014.09.10,00:22:11.686,0.93222,0.93211,1.15,2.06
2014.09.10,00:22:12.193,0.9322,0.9321,1.17,1.69
2014.09.10,00:22:12.700,0.9322,0.9321,1.17,1
2014.09.10,00:22:13.702,0.9322,0.9321,1.17,1.12
2014.09.10,00:22:14.215,0.9322,0.9321,1.17,1
2014.09.10,00:22:15.036,0.9322,0.9321,1.17,1.12
2014.09.10,00:22:17.116,0.93218,0.9321,1.07,1
2014.09.10,00:22:17.524,0.93218,0.93206,1.65,2.06
2014.09.10,00:22:18.033,0.93218,0.93206,1.5,1.46
2014.09.10,00:22:18.900,0.93218,0.93206,1.5,1.46
2014.09.10,00:22:19.531,0.93218,0.93206,1.57,1.39
2014.09.10,00:22:20.039,0.93218,0.93206,3.07,1.01
2014.09.10,00:22:20.192,0.93216,0.93206,1,1.25
2014.09.10,00:22:21.525,0.93216,0.93206,1,1.47
2014.09.10,00:22:22.320,0.93216,0.93206,1,1.2
2014.09.10,00:22:25.923,0.93217,0.93206,1,1.31
2014.09.10,00:22:31.267,0.93217,0.93206,1,1.62
2014.09.10,00:22:31.572,0.93217,0.93206,1.15,1
2014.09.10,00:22:32.096,0.93217,0.93206,1.17,1
2014.09.10,00:22:32.949,0.93217,0.93206,1.46,1
2014.09.10,00:22:33.611,0.93216,0.93206,2.02,1
2014.09.10,00:22:33.917,0.93212,0.93202,1.5,1.25
2014.09.10,00:22:34.120,0.93209,0.93198,1,2.96
2014.09.10,00:22:34.222,0.93211,0.93198,1.57,2.96
2014.09.10,00:22:34.324,0.93209,0.93198,1,2.96
2014.09.10,00:22:34.831,0.93209,0.93198,1,2.06
2014.09.10,00:22:39.380,0.93209,0.93198,1.69,1.37
2014.09.10,00:22:40.015,0.93209,0.93198,1.69,1.37
2014.09.10,00:22:40.563,0.93208,0.93196,1,2.21
2014.09.10,00:22:48.268,0.93208,0.93196,1.5,2.21
2014.09.10,00:22:50.262,0.93208,0.93196,2.44,1.2
2014.09.10,00:22:50.516,0.93206,0.93195,1.12,1.87
2014.09.10,00:22:51.075,0.93204,0.93194,1,1.2
2014.09.10,00:22:51.582,0.93204,0.93194,1,1.17
2014.09.10,00:22:52.089,0.93205,0.93194,1.25,1.17
2014.09.10,00:22:54.162,0.93206,0.93194,3.64,1.2
2014.09.10,00:22:54.669,0.93206,0.93193,2.06,5.02
2014.09.10,00:22:54.843,0.93203,0.93193,1,4.27
2014.09.10,00:22:55.096,0.93203,0.93193,1,4.27
2014.09.10,00:23:01.697,0.93203,0.93193,1,4.84
2014.09.10,00:23:01.799,0.93203,0.93193,1,4.84
2014.09.10,00:23:03.733,0.93203,0.93193,1,4.65
2014.09.10,00:23:06.880,0.93203,0.93193,1,4.65
2014.09.10,00:23:07.427,0.93203,0.93193,1,4.65
2014.09.10,00:23:08.107,0.93203,0.93193,1.12,3.9
2014.09.10,00:23:08.513,0.93203,0.93193,1.69,4.27
2014.09.10,00:23:09.019,0.93203,0.93193,1.25,5.4
2014.09.10,00:23:09.070,0.93203,0.93193,1.25,5.4
2014.09.10,00:23:09.222,0.93205,0.93193,1.25,5.4
2014.09.10,00:23:09.743,0.93205,0.93193,1.25,5.4
2014.09.10,00:23:10.635,0.93205,0.93193,1.25,5.4
2014.09.10,00:23:11.177,0.93205,0.93193,1.25,5.4
2014.09.10,00:23:12.504,0.93205,0.93193,1.25,5.4
2014.09.10,00:23:13.140,0.93205,0.93193,1.25,5.4
2014.09.10,00:23:14.454,0.93205,0.93193,1.19,5.4
2014.09.10,00:23:15.328,0.93205,0.93193,1.19,5.4
2014.09.10,00:23:15.431,0.93203,0.93193,1.25,4.57
2014.09.10,00:23:15.941,0.93205,0.93193,1.31,5.4
2014.09.10,00:23:16.043,0.93205,0.93193,1.19,4.65
2014.09.10,00:23:16.246,0.93205,0.93193,1.19,4.65
2014.09.10,00:23:16.753,0.93205,0.93193,1.19,4.65
2014.09.10,00:23:17.760,0.93205,0.93193,1.19,4.65
2014.09.10,00:23:18.267,0.93205,0.93193,1.19,5.4
2014.09.10,00:23:18.819,0.93204,0.93193,1.25,1.17
2014.09.10,00:23:19.074,0.93204,0.93193,1.25,5.77
2014.09.10,00:23:19.227,0.93206,0.93193,2.06,5.96
2014.09.10,00:23:19.430,0.93206,0.93193,1.12,2.21
2014.09.10,00:23:19.582,0.93206,0.93193,1.12,6.71
2014.09.10,00:23:20.144,0.93206,0.93193,1.12,6.71
2014.09.10,00:23:20.453,0.93206,0.93193,1.31,5.96
2014.09.10,00:23:21.140,0.93206,0.93193,1.31,5.96
2014.09.10,00:23:24.031,0.93206,0.93193,1.31,5.96
2014.09.10,00:23:25.078,0.93207,0.93195,1.31,1.15
2014.09.10,00:23:25.587,0.93207,0.93195,1,2.21
2014.09.10,00:23:25.740,0.9321,0.932,1.19,1
2014.09.10,00:23:25.842,0.93211,0.93198,1.69,1.2
2014.09.10,00:23:26.357,0.9321,0.93198,1.25,1.17
2014.09.10,00:23:27.068,0.93211,0.93198,1.76,1.1
2014.09.10,00:23:27.902,0.93211,0.93198,1.84,1.07
2014.09.10,00:23:28.409,0.93211,0.93198,2.21,1.1
2014.09.10,00:23:29.068,0.93211,0.93198,2.96,1.1
2014.09.10,00:23:30.795,0.93211,0.93198,2.89,1.17
2014.09.10,00:23:32.122,0.93211,0.93198,2.96,1.1
2014.09.10,00:23:36.503,0.93208,0.93198,1.31,1.1
2014.09.10,00:23:44.320,0.93207,0.93195,1.31,2.02
2014.09.10,00:23:44.830,0.93207,0.93195,1.31,2.02
2014.09.10,00:23:45.501,0.93207,0.93195,1.31,2.02
2014.09.10,00:23:48.321,0.93207,0.93195,1.31,2.02
2014.09.10,00:23:53.540,0.93206,0.93195,1.19,2.02
2014.09.10,00:23:54.777,0.93206,0.93195,1.25,2.02
2014.09.10,00:23:57.648,0.93206,0.93195,1.25,2.02
2014.09.10,00:23:58.162,0.93206,0.93195,1.25,2.02
2014.09.10,00:24:00.568,0.93207,0.93198,1.25,1.17
2014.09.10,00:24:01.076,0.93207,0.93198,1.25,1.17
2014.09.10,00:24:01.593,0.93208,0.93198,1.69,1.15
2014.09.10,00:24:02.110,0.93208,0.93198,1.69,1.1
2014.09.10,00:24:03.076,0.93208,0.93198,1.69,1.27
2014.09.10,00:24:03.584,0.93207,0.93198,1.25,1.1
2014.09.10,00:24:04.459,0.93207,0.93198,1.25,1.07
2014.09.10,00:24:04.978,0.93208,0.93195,1,4.09
2014.09.10,00:24:05.485,0.9321,0.93198,1.29,1.1
2014.09.10,00:24:06.223,0.9321,0.93198,1.19,1.17
2014.09.10,00:24:06.750,0.93211,0.93198,1.76,1.17
2014.09.10,00:24:12.106,0.93211,0.93198,2.51,1.45
2014.09.10,00:24:12.410,0.93213,0.93202,1,1.17
2014.09.10,00:24:12.918,0.93215,0.93203,1.19,1.65
2014.09.10,00:24:13.433,0.93216,0.93203,1.01,1.65
2014.09.10,00:24:13.955,0.93217,0.93205,1.84,1
2014.09.10,00:24:17.827,0.93218,0.93205,2.96,1.37
2014.09.10,00:24:18.333,0.93216,0.93203,2.21,1.95
2014.09.10,00:24:19.139,0.93215,0.93203,1.29,1.95
2014.09.10,00:24:20.306,0.93213,0.93203,1.25,1.47
2014.09.10,00:24:20.408,0.93213,0.93203,1.01,1
2014.09.10,00:24:20.814,0.93212,0.93203,1.46,1
2014.09.10,00:24:20.865,0.93211,0.932,1.1,1
2014.09.10,00:24:21.220,0.9321,0.93198,1.39,1.95
2014.09.10,00:24:21.727,0.9321,0.93198,1.25,1
2014.09.10,00:24:22.032,0.93208,0.93197,1,1.15
2014.09.10,00:24:22.583,0.93208,0.93197,1.69,1.15
2014.09.10,00:24:28.722,0.93208,0.93197,1.69,1.57
2014.09.10,00:24:32.076,0.93208,0.93197,1.69,1.57
2014.09.10,00:24:33.145,0.93208,0.93197,1,1.57
2014.09.10,00:24:33.656,0.93208,0.93197,1,1.57
2014.09.10,00:24:37.445,0.93208,0.93197,1,1.77
2014.09.10,00:24:38.843,0.93208,0.93197,1,1.77
2014.09.10,00:24:39.451,0.93211,0.93199,1.01,1.27
2014.09.10,00:24:39.908,0.93211,0.93199,1.25,1.2
2014.09.10,00:24:40.213,0.93214,0.93203,2.06,1.2
2014.09.10,00:24:40.719,0.93215,0.93203,1.39,1.47
2014.09.10,00:24:41.226,0.93216,0.93203,2.96,1.47
2014.09.10,00:24:42.156,0.93216,0.93203,2.96,1.2
2014.09.10,00:24:42.454,0.93216,0.93203,2.96,1.47
2014.09.10,00:24:43.011,0.93216,0.93203,1.25,2.21
2014.09.10,00:24:44.327,0.93216,0.93203,1.1,2.21
2014.09.10,00:24:44.632,0.93218,0.93205,3.64,1.17
2014.09.10,00:24:45.204,0.93218,0.93205,3.71,1.1
2014.09.10,00:24:46.465,0.93218,0.93205,4.39,1.17
2014.09.10,00:24:47.137,0.93218,0.93205,4.46,1
2014.09.10,00:24:52.246,0.93218,0.93205,4.46,1.1
2014.09.10,00:24:54.799,0.93217,0.93205,1.29,1.1
2014.09.10,00:24:55.823,0.93217,0.93207,1.39,1
2014.09.10,00:24:57.392,0.93217,0.93205,2.21,1
2014.09.10,00:24:57.748,0.93216,0.93205,1.84,1
2014.09.10,00:24:57.901,0.93213,0.93202,1.57,1
2014.09.10,00:24:57.952,0.93213,0.93202,1.57,1
2014.09.10,00:24:58.208,0.93209,0.93198,1,2.25
2014.09.10,00:24:58.716,0.93208,0.93197,1,1
2014.09.10,00:24:59.379,0.93208,0.93196,1,2.4
2014.09.10,00:24:59.889,0.93208,0.93196,1,2.77
2014.09.10,00:25:04.907,0.93208,0.93196,1.25,2.77
2014.09.10,00:25:05.674,0.93208,0.93196,1.25,2.77
2014.09.10,00:25:06.406,0.93208,0.93196,1.25,2.77
2014.09.10,00:25:06.813,0.93208,0.93196,1.62,1.15
2014.09.10,00:25:08.104,0.93208,0.93195,2.96,3
2014.09.10,00:25:08.915,0.93206,0.93195,1.2,1
2014.09.10,00:25:09.836,0.93204,0.93195,1.25,1
2014.09.10,00:25:15.358,0.93203,0.93195,1.25,1
2014.09.10,00:25:15.561,0.93203,0.93193,2.06,1.1
2014.09.10,00:25:15.612,0.93203,0.93193,2.06,1
2014.09.10,00:25:15.712,0.93201,0.93191,1.01,1
2014.09.10,00:25:15.764,0.93201,0.93189,1.01,1.2
2014.09.10,00:25:16.524,0.93201,0.93189,1.25,1.27
2014.09.10,00:25:16.728,0.93199,0.93189,1.25,1.27
2014.09.10,00:25:17.705,0.93199,0.93189,1.25,1.1
2014.09.10,00:25:19.837,0.932,0.93189,1.25,1.1
2014.09.10,00:25:20.545,0.932,0.93189,1.25,1.15
2014.09.10,00:25:20.647,0.93202,0.93191,1.25,2.47
2014.09.10,00:25:20.850,0.93204,0.93193,1.19,1.17
2014.09.10,00:25:20.951,0.93206,0.93193,1.29,2.02
2014.09.10,00:25:21.255,0.93206,0.93193,1.19,3.52
2014.09.10,00:25:21.807,0.93206,0.93193,1.19,3.9
2014.09.10,00:25:22.459,0.93205,0.93193,1.19,2.02
2014.09.10,00:25:22.561,0.93205,0.93193,1.36,1.5
2014.09.10,00:25:23.580,0.93204,0.93191,1.69,2.4
2014.09.10,00:25:24.389,0.93204,0.93191,1,3.34
2014.09.10,00:25:24.647,0.93204,0.93191,1,3.71
2014.09.10,00:25:24.901,0.93207,0.93196,1.31,1
2014.09.10,00:25:25.053,0.93208,0.93196,1,1.52
2014.09.10,00:25:25.205,0.93212,0.93199,5.06,1.2
2014.09.10,00:25:25.661,0.93214,0.93201,4.09,1
2014.09.10,00:25:25.966,0.93214,0.93204,1.19,1
2014.09.10,00:25:26.169,0.93216,0.93204,1.76,1.1
2014.09.10,00:25:26.675,0.93216,0.93204,1.84,1
2014.09.10,00:25:28.757,0.93216,0.93204,2.89,1
2014.09.10,00:25:29.288,0.93216,0.93203,1.29,1.07
2014.09.10,00:25:29.392,0.93217,0.93203,1.5,2.21
2014.09.10,00:25:29.900,0.93219,0.93206,3.34,1
2014.09.10,00:25:30.053,0.93217,0.93204,1.2,1.69
2014.09.10,00:25:30.155,0.93217,0.93206,1.84,1
2014.09.10,00:25:30.257,0.93216,0.93204,1.46,1
2014.09.10,00:25:30.358,0.93215,0.93202,1.4,1
2014.09.10,00:25:30.511,0.93213,0.932,1.15,1.5
2014.09.10,00:25:30.562,0.93213,0.932,2.02,1.5
2014.09.10,00:25:30.867,0.9321,0.93199,1.15,1
2014.09.10,00:25:31.273,0.93212,0.93199,3.71,1
2014.09.10,00:25:31.577,0.9321,0.93199,1.15,1
2014.09.10,00:25:31.678,0.93209,0.93196,1.15,1.25
2014.09.10,00:25:32.388,0.93208,0.93196,1.15,1
2014.09.10,00:25:32.895,0.93208,0.93196,1.34,1
2014.09.10,00:25:33.148,0.93208,0.93196,1.71,1
2014.09.10,00:25:33.301,0.93208,0.93196,2.21,1
2014.09.10,00:25:33.402,0.93207,0.93194,2.21,1
2014.09.10,00:25:39.414,0.93206,0.93194,1.19,1.17
2014.09.10,00:25:39.921,0.93207,0.93195,1.66,1.1
2014.09.10,00:25:41.140,0.93207,0.93195,1.56,1.17
2014.09.10,00:25:42.016,0.93207,0.93195,1.66,1.1
2014.09.10,00:25:45.598,0.93207,0.93195,1.74,1
2014.09.10,00:25:46.116,0.93207,0.93195,1.66,1.1
2014.09.10,00:25:47.344,0.93208,0.93195,2.14,1.45
2014.09.10,00:25:47.861,0.93209,0.93195,2.81,1.77
2014.09.10,00:25:49.036,0.93209,0.93195,1.62,1.52
2014.09.10,00:25:49.544,0.9321,0.93196,2.81,1.27
2014.09.10,00:25:52.136,0.93209,0.93198,1.37,1.15
2014.09.10,00:25:53.269,0.93209,0.93198,1.37,1.17
2014.09.10,00:25:53.472,0.93211,0.93198,3.19,1.17
2014.09.10,00:25:53.624,0.93211,0.93198,2.44,1.4
2014.09.10,00:25:53.878,0.93213,0.932,1.69,1.55
2014.09.10,00:25:53.930,0.93213,0.932,1.69,1.52
2014.09.10,00:25:54.031,0.93215,0.93203,1.69,1.15
2014.09.10,00:25:54.336,0.93213,0.93203,1,1.1
2014.09.10,00:25:54.438,0.93215,0.93203,1.25,1.17
2014.09.10,00:25:54.997,0.93214,0.93203,1,1.84
2014.09.10,00:25:55.454,0.93216,0.93206,1.62,1
2014.09.10,00:25:55.963,0.93217,0.93206,1.56,1.2
2014.09.10,00:25:56.470,0.93218,0.93206,2.14,1.1
2014.09.10,00:25:56.977,0.93216,0.93206,1.37,1.17
2014.09.10,00:25:57.483,0.93215,0.93206,1.37,1
2014.09.10,00:26:00.370,0.93217,0.93206,1.74,1
2014.09.10,00:26:02.292,0.93215,0.93206,1.37,1
2014.09.10,00:26:02.394,0.93215,0.93202,1.95,1.84
2014.09.10,00:26:02.900,0.93215,0.93204,1.55,1
2014.09.10,00:26:03.292,0.93215,0.93202,2.21,1.39
2014.09.10,00:26:03.957,0.93215,0.93202,1.39,1.46
2014.09.10,00:26:06.680,0.93215,0.93202,1.25,1.4
2014.09.10,00:26:07.192,0.93215,0.93202,1.31,1.46
2014.09.10,00:26:07.703,0.93215,0.93202,1.31,1.46
2014.09.10,00:26:08.223,0.93215,0.93202,1.12,2.21
2014.09.10,00:26:10.616,0.93215,0.93202,1.87,2.21
2014.09.10,00:26:11.164,0.93215,0.93202,1.95,2.21
2014.09.10,00:26:11.722,0.93215,0.93202,2.21,1.39
2014.09.10,00:26:12.609,0.93214,0.93202,1,1.46
2014.09.10,00:26:13.120,0.93215,0.93202,2.14,1.09
2014.09.10,00:26:14.450,0.93215,0.93202,2.21,1.32
2014.09.10,00:26:14.755,0.93213,0.932,2.21,1.07
2014.09.10,00:26:15.262,0.93211,0.932,1.37,1
2014.09.10,00:26:15.770,0.93211,0.932,1.56,1
2014.09.10,00:26:18.820,0.93212,0.932,1.74,1
2014.09.10,00:26:19.960,0.9321,0.932,1.62,1
2014.09.10,00:26:20.467,0.93211,0.932,2.21,1
2014.09.10,00:26:43.203,0.93209,0.93197,1.66,1.95
2014.09.10,00:26:44.630,0.93208,0.93197,1.39,1
2014.09.10,00:26:45.036,0.93204,0.93195,1,1.57
2014.09.10,00:26:45.240,0.93205,0.93193,1.2,2.96
2014.09.10,00:26:45.442,0.93205,0.93193,1.12,2.96
2014.09.10,00:26:45.595,0.93204,0.93193,1,2.77
2014.09.10,00:26:46.105,0.93205,0.93192,1.87,3.52
2014.09.10,00:26:46.622,0.93205,0.93193,1.12,2.02
2014.09.10,00:26:47.146,0.93204,0.93193,1.25,2.02
2014.09.10,00:26:48.631,0.93205,0.93193,2.06,1.95
2014.09.10,00:26:49.647,0.93204,0.93193,1.25,1.95
2014.09.10,00:26:51.442,0.93205,0.93193,2.06,1.95
2014.09.10,00:26:53.187,0.93205,0.93193,2.06,1.95
2014.09.10,00:26:53.736,0.93205,0.93193,1.46,2.55
2014.09.10,00:26:54.242,0.93205,0.93193,1.12,3.64
2014.09.10,00:26:55.686,0.93205,0.93193,1,1.71
2014.09.10,00:26:55.788,0.93205,0.93193,1,3.64
2014.09.10,00:26:55.940,0.93207,0.93195,1.31,2.02
2014.09.10,00:26:56.623,0.93207,0.93195,1.12,2.21
2014.09.10,00:27:00.628,0.93207,0.93195,1.31,2.77
2014.09.10,00:27:01.821,0.93207,0.93195,1.31,2.77
2014.09.10,00:27:02.328,0.93207,0.93195,1.25,2.77
2014.09.10,00:27:02.835,0.93207,0.93195,1.31,2.02
2014.09.10,00:27:07.737,0.9321,0.93198,2.21,1
2014.09.10,00:27:08.498,0.93207,0.93195,1,2.21
2014.09.10,00:27:09.006,0.93207,0.93195,1.69,2.02
2014.09.10,00:27:09.649,0.93207,0.93195,1.69,2.02
2014.09.10,00:27:10.519,0.93207,0.93195,1.69,2.02
2014.09.10,00:27:12.957,0.93207,0.93195,1.69,2.02
2014.09.10,00:27:13.476,0.93207,0.93195,1.69,2.02
2014.09.10,00:27:14.045,0.93207,0.93195,1.69,2.02
2014.09.10,00:27:14.850,0.93207,0.93195,1.69,2.02
2014.09.10,00:27:19.662,0.93207,0.93195,1.69,2.02
2014.09.10,00:27:20.548,0.93207,0.93195,1.69,2.02
2014.09.10,00:27:21.296,0.93207,0.93195,1.69,2.02
2014.09.10,00:27:23.824,0.93207,0.93199,1,1
2014.09.10,00:27:23.875,0.93211,0.932,1.25,1.1
2014.09.10,00:27:23.926,0.93212,0.932,3.26,1.47
2014.09.10,00:27:24.231,0.93214,0.93203,1.56,1.07
2014.09.10,00:27:25.551,0.93215,0.93203,1,1.09
2014.09.10,00:27:26.058,0.93217,0.93205,1.47,1.2
2014.09.10,00:27:31.841,0.93217,0.93205,1.62,1.07
2014.09.10,00:27:32.542,0.93217,0.93205,1.39,1.2
2014.09.10,00:27:33.256,0.93217,0.93205,1.62,1.17
2014.09.10,00:27:35.555,0.93217,0.93205,1.39,1.1
2014.09.10,00:27:41.867,0.93217,0.93205,1.62,1.17
2014.09.10,00:27:42.375,0.93217,0.93205,1.39,1.1
2014.09.10,00:27:42.998,0.93217,0.93205,1.62,1.17
2014.09.10,00:27:43.506,0.93217,0.93205,1.46,1
2014.09.10,00:27:46.438,0.93217,0.93205,1.62,1.07
2014.09.10,00:27:46.945,0.93217,0.93205,1.39,1.2
2014.09.10,00:27:47.475,0.93217,0.93205,1.46,1.12
2014.09.10,00:27:48.482,0.93217,0.93205,1.39,1.2
2014.09.10,00:27:48.991,0.93217,0.93205,1.39,1.1
2014.09.10,00:27:49.551,0.93217,0.93205,1.46,1.1
2014.09.10,00:27:50.058,0.93217,0.93205,1.31,1.17
2014.09.10,00:27:51.019,0.93217,0.93205,1.01,1.2
2014.09.10,00:27:51.628,0.93217,0.93205,1.25,1.27
2014.09.10,00:27:52.337,0.93217,0.93205,1.01,1.2
2014.09.10,00:27:52.999,0.93217,0.93205,1.25,1.27
2014.09.10,00:27:54.140,0.93217,0.93205,1.62,1.07
2014.09.10,00:27:54.668,0.93217,0.93205,1.31,1.07
2014.09.10,00:27:56.347,0.93217,0.93205,1.62,1.2
2014.09.10,00:28:01.113,0.93217,0.93205,1.39,1.2
2014.09.10,00:28:01.627,0.93217,0.93205,1.62,1.27
2014.09.10,00:28:03.367,0.93217,0.93205,1,1.46
2014.09.10,00:28:03.572,0.93217,0.93206,1,1.46
2014.09.10,00:28:03.623,0.9322,0.93208,2.06,1.27
2014.09.10,00:28:04.131,0.9322,0.93208,1.37,1.65
2014.09.10,00:28:04.232,0.9322,0.93208,1.87,1.65
2014.09.10,00:28:04.739,0.9322,0.93208,1.27,1
2014.09.10,00:28:05.246,0.93219,0.93208,1.27,1
2014.09.10,00:28:05.449,0.93217,0.93206,1.55,1
2014.09.10,00:28:05.956,0.93217,0.93205,1.45,1.5
2014.09.10,00:28:06.159,0.93215,0.93205,1.27,1
2014.09.10,00:28:06.502,0.93213,0.93203,1.2,1
2014.09.10,00:28:06.554,0.93212,0.93201,1.27,1.5
2014.09.10,00:28:06.707,0.9321,0.93198,1.2,1.76
2014.09.10,00:28:07.216,0.9321,0.93198,1.1,1.1
2014.09.10,00:28:08.586,0.9321,0.93198,1.39,1.1
2014.09.10,00:28:11.517,0.93207,0.93197,1,1.27
2014.09.10,00:28:14.078,0.93207,0.93197,1,1.27
2014.09.10,00:28:17.473,0.93207,0.93197,1,1.27
2014.09.10,00:28:18.116,0.93207,0.93197,1,1.27
2014.09.10,00:28:18.719,0.93207,0.93197,1,1.27
2014.09.10,00:28:19.248,0.93207,0.93197,1,1.27
2014.09.10,00:28:20.988,0.93207,0.93197,1,1.27
2014.09.10,00:28:21.516,0.93207,0.93197,1,1.27
2014.09.10,00:28:21.669,0.93207,0.93197,1,1.2
2014.09.10,00:28:23.577,0.93207,0.93197,1,1.17
2014.09.10,00:28:28.413,0.93207,0.93197,1,1.2
2014.09.10,00:28:29.096,0.93207,0.93197,1,1.27
2014.09.10,00:28:32.216,0.93207,0.93197,1,1.1
2014.09.10,00:28:35.505,0.93207,0.93197,1,1.07
2014.09.10,00:28:42.617,0.93207,0.93197,1,1.1
2014.09.10,00:28:44.604,0.93207,0.93197,1,1.17
2014.09.10,00:28:45.133,0.93207,0.93197,1,1.1
2014.09.10,00:28:45.646,0.93207,0.93197,1,1.09
2014.09.10,00:28:47.024,0.93207,0.93197,1,1.4
2014.09.10,00:28:47.649,0.93207,0.93197,1,1.09
2014.09.10,00:28:49.185,0.93207,0.93197,1,1.17
2014.09.10,00:28:52.037,0.93207,0.93197,1,1.4
2014.09.10,00:28:52.949,0.93207,0.93197,1,1.09
2014.09.10,00:28:53.488,0.93207,0.93197,1,1.4
2014.09.10,00:28:54.321,0.93207,0.93197,1,1.4
2014.09.10,00:28:54.835,0.93207,0.93197,1,1.01
2014.09.10,00:28:57.944,0.93207,0.93197,1,1.07
2014.09.10,00:28:59.479,0.93207,0.93197,1,1.1
2014.09.10,00:29:00.014,0.93207,0.93197,1,1.07
2014.09.10,00:29:00.769,0.93207,0.93197,1,1.1
2014.09.10,00:29:01.275,0.93207,0.93197,1,1.17
2014.09.10,00:29:03.165,0.93207,0.93197,1,1.15
2014.09.10,00:29:03.419,0.9321,0.93199,1,1.1
2014.09.10,00:29:08.704,0.9321,0.93199,1.37,1
2014.09.10,00:29:10.645,0.9321,0.93198,1.25,2.77
2014.09.10,00:29:11.152,0.93212,0.932,1.46,1
2014.09.10,00:29:14.903,0.93212,0.932,1.39,1.1
2014.09.10,00:29:15.581,0.93212,0.932,1.39,1.1
2014.09.10,00:29:16.198,0.93212,0.932,1.46,1
2014.09.10,00:29:16.557,0.9321,0.93198,1.47,1.01
2014.09.10,00:29:37.798,0.9321,0.93198,2.21,1
2014.09.10,00:29:38.318,0.9321,0.93198,2.21,1
2014.09.10,00:29:46.261,0.9321,0.93198,1.25,1.17
2014.09.10,00:29:46.778,0.9321,0.93198,1.01,1.1
2014.09.10,00:29:50.825,0.9321,0.93198,1,1.07
2014.09.10,00:29:55.126,0.9321,0.93198,1.1,1.1
2014.09.10,00:29:55.633,0.9321,0.93198,1,1.17
2014.09.10,00:29:56.142,0.9321,0.93198,1.1,1.1
2014.09.10,00:30:00.260,0.9321,0.93198,1.17,1
2014.09.10,00:30:00.802,0.9321,0.93198,1,1.17
2014.09.10,00:30:02.062,0.9321,0.93198,1.1,1.1
2014.09.10,00:30:02.215,0.9321,0.93198,1,1.55
2014.09.10,00:30:02.367,0.93213,0.932,1.57,1.65
2014.09.10,00:30:02.520,0.93214,0.93202,1,1.07
2014.09.10,00:30:02.978,0.93217,0.93205,1.65,1
2014.09.10,00:30:03.868,0.93218,0.93205,2.02,1.1
2014.09.10,00:30:04.375,0.93218,0.93205,2.02,1
2014.09.10,00:30:05.167,0.93217,0.93205,1.27,1
2014.09.10,00:30:10.991,0.93217,0.93205,1.77,1
2014.09.10,00:30:12.283,0.93216,0.93205,1.27,1
2014.09.10,00:30:13.883,0.93217,0.93205,1.7,1
2014.09.10,00:30:15.514,0.93217,0.93205,1.15,1
2014.09.10,00:30:17.491,0.93217,0.93205,1.27,1
2014.09.10,00:30:18.000,0.93216,0.93205,1.07,1
2014.09.10,00:30:20.485,0.93217,0.93205,1.46,1
2014.09.10,00:30:21.093,0.93218,0.93205,3.71,1
2014.09.10,00:30:21.638,0.93218,0.93205,2.96,1
2014.09.10,00:30:23.430,0.93218,0.93205,2.96,1
2014.09.10,00:30:24.093,0.93218,0.93205,2.21,1.1
2014.09.10,00:30:24.196,0.93218,0.93205,1.09,1.47
2014.09.10,00:30:24.501,0.93218,0.93205,1.09,1.57
2014.09.10,00:30:24.906,0.93218,0.93205,1,2.59
2014.09.10,00:30:25.008,0.9322,0.93207,1.01,1.17
2014.09.10,00:30:25.261,0.93221,0.9321,1.36,1
2014.09.10,00:30:26.224,0.93222,0.9321,1.71,1
2014.09.10,00:30:26.832,0.93222,0.9321,1.71,1
2014.09.10,00:30:27.341,0.93222,0.9321,1.71,1
2014.09.10,00:30:28.105,0.93222,0.9321,1.74,1
2014.09.10,00:30:28.207,0.93222,0.9321,1.71,1
2014.09.10,00:30:28.714,0.93222,0.9321,1.71,1
2014.09.10,00:30:29.935,0.93222,0.9321,1.71,1
2014.09.10,00:30:31.522,0.93222,0.9321,2.21,1
2014.09.10,00:30:32.062,0.93222,0.9321,1.71,1
2014.09.10,00:30:32.571,0.93222,0.9321,1.71,1
2014.09.10,00:30:33.077,0.93222,0.9321,1.71,1
2014.09.10,00:30:35.355,0.93222,0.9321,2.21,1
2014.09.10,00:30:37.665,0.9322,0.9321,1.46,1
2014.09.10,00:30:37.867,0.93222,0.9321,2.21,1
2014.09.10,00:30:38.020,0.93222,0.9321,2.21,1
2014.09.10,00:30:38.121,0.93222,0.9321,1.76,1
2014.09.10,00:30:39.054,0.93222,0.9321,1.19,1.17
2014.09.10,00:30:39.137,0.93223,0.9321,1.39,1.17
2014.09.10,00:30:39.645,0.93223,0.9321,1.25,2.4
2014.09.10,00:30:40.354,0.93223,0.9321,1.1,3.15
2014.09.10,00:30:40.895,0.93223,0.9321,1,2.77
2014.09.10,00:30:41.420,0.93223,0.9321,1.1,2.59
2014.09.10,00:30:42.855,0.93223,0.9321,1.07,2.96
2014.09.10,00:30:43.410,0.93223,0.9321,1.17,2.89
2014.09.10,00:30:43.922,0.93223,0.9321,1.17,2.14
2014.09.10,00:30:44.801,0.93223,0.9321,1.09,2.14
2014.09.10,00:30:45.340,0.93223,0.9321,1.46,2.14
2014.09.10,00:30:46.490,0.93223,0.9321,1.84,1.95
2014.09.10,00:30:47.001,0.93223,0.9321,1.84,1.95
2014.09.10,00:30:47.516,0.93223,0.9321,1.84,1.95
2014.09.10,00:30:48.113,0.93223,0.9321,1.2,1.69
2014.09.10,00:30:48.215,0.93223,0.93211,1,1.36
2014.09.10,00:30:48.520,0.93225,0.93212,1.1,1.09
2014.09.10,00:30:49.201,0.93225,0.93213,1.17,1
2014.09.10,00:30:49.708,0.93225,0.93212,1.4,1.62
2014.09.10,00:30:49.810,0.93225,0.93212,1.01,1.46
2014.09.10,00:30:50.333,0.93225,0.93212,1.01,2.21
2014.09.10,00:30:50.904,0.93225,0.93213,1.1,1.66
2014.09.10,00:31:00.197,0.93225,0.93213,1,1.76
2014.09.10,00:31:00.732,0.93228,0.93216,1.57,1.39
2014.09.10,00:31:04.004,0.93228,0.93217,1.1,1.31
2014.09.10,00:31:05.156,0.93228,0.93216,1.2,2.14
2014.09.10,00:31:05.894,0.9323,0.93217,1.39,1.46
2014.09.10,00:31:06.400,0.93231,0.93219,2.96,1
2014.09.10,00:31:11.050,0.93231,0.93219,2.96,1
2014.09.10,00:31:11.559,0.93231,0.9322,2.96,1
2014.09.10,00:31:11.610,0.93228,0.93217,1.37,1.76
2014.09.10,00:31:11.915,0.93228,0.9322,1.37,1
2014.09.10,00:31:12.169,0.93228,0.93217,1.37,1.09
2014.09.10,00:31:12.371,0.93228,0.9322,1.37,1
2014.09.10,00:31:12.727,0.93229,0.9322,1.12,1
2014.09.10,00:31:20.491,0.93231,0.9322,1.95,1
2014.09.10,00:31:22.605,0.93231,0.9322,2.14,1
2014.09.10,00:31:27.238,0.93229,0.93218,1.45,1.1
2014.09.10,00:31:27.340,0.93227,0.93216,1.47,2.44
2014.09.10,00:31:27.492,0.93226,0.93215,1.95,1.5
2014.09.10,00:31:27.544,0.93226,0.93215,2.4,1.5
2014.09.10,00:31:27.645,0.93223,0.93213,1.37,1.69
2014.09.10,00:31:28.204,0.93222,0.93211,1.37,1.76
2014.09.10,00:31:28.711,0.93222,0.93211,1.37,1.76
2014.09.10,00:31:29.778,0.93222,0.93211,1.37,1.09
2014.09.10,00:31:30.339,0.93222,0.93211,1.37,1.09
2014.09.10,00:31:33.261,0.93221,0.9321,1.12,2.21
2014.09.10,00:31:36.079,0.93221,0.9321,1.12,1.39
2014.09.10,00:31:44.136,0.93222,0.9321,1.37,1.4
2014.09.10,00:31:44.685,0.93222,0.9321,1.37,1.09
2014.09.10,00:31:44.736,0.93222,0.9321,1.12,1.09
2014.09.10,00:31:45.402,0.93222,0.9321,1.12,1.84
2014.09.10,00:31:47.641,0.93222,0.9321,1.37,1.84
2014.09.10,00:31:49.145,0.93222,0.9321,1.37,1.84
2014.09.10,00:31:49.451,0.93222,0.9321,2.25,1.17
2014.09.10,00:31:49.655,0.9322,0.93208,1.47,1.57
2014.09.10,00:31:50.163,0.9322,0.93208,1.5,1.17
2014.09.10,00:31:50.701,0.9322,0.93208,2.51,1.1
2014.09.10,00:31:51.328,0.9322,0.93208,2.44,1.17
2014.09.10,00:31:51.844,0.9322,0.93208,2.44,1
2014.09.10,00:31:52.436,0.93219,0.93208,1.84,1
2014.09.10,00:31:53.570,0.93219,0.93208,1.71,1
2014.09.10,00:31:54.085,0.9322,0.93208,2.96,1
2014.09.10,00:31:54.643,0.9322,0.93208,2.06,1.17
2014.09.10,00:31:55.720,0.9322,0.93208,1.39,1.1
2014.09.10,00:31:56.331,0.9322,0.93208,1.62,1.17
2014.09.10,00:31:56.841,0.9322,0.93208,1.46,1
2014.09.10,00:31:57.348,0.9322,0.93208,1.39,1.1
2014.09.10,00:31:58.227,0.9322,0.93208,2.51,1.1
2014.09.10,00:31:58.736,0.93219,0.93208,1.84,1
2014.09.10,00:31:59.244,0.93219,0.93208,2.21,1
2014.09.10,00:32:02.459,0.93216,0.93208,1.37,1
2014.09.10,00:32:03.952,0.93216,0.93205,1.37,1.17
2014.09.10,00:32:04.816,0.93216,0.93205,1.37,1.17
2014.09.10,00:32:06.273,0.93216,0.93205,1.37,1.2
2014.09.10,00:32:07.709,0.93216,0.93205,1.37,1.07
2014.09.10,00:32:08.218,0.93216,0.93205,1.37,1.1
2014.09.10,00:32:19.262,0.93216,0.93205,1.37,1.1
2014.09.10,00:32:19.466,0.93216,0.93205,1,1.2
2014.09.10,00:32:20.495,0.93216,0.93205,1,1.32
2014.09.10,00:32:21.282,0.93216,0.93205,1,1.01
2014.09.10,00:32:22.379,0.93216,0.93205,1,1.39
2014.09.10,00:32:22.531,0.93217,0.93205,1,2.21
2014.09.10,00:32:23.497,0.93217,0.93205,1,2.96
2014.09.10,00:32:24.830,0.93217,0.93206,1,1.64
2014.09.10,00:32:25.338,0.93217,0.93206,1.12,1.46
2014.09.10,00:32:27.943,0.93217,0.93206,1,1.71
2014.09.10,00:32:30.241,0.9322,0.93208,2.06,1.17
2014.09.10,00:32:30.849,0.9322,0.93208,1.87,1.46
2014.09.10,00:32:31.356,0.9322,0.93208,1.87,1.46
2014.09.10,00:32:37.035,0.9322,0.93208,1.5,2.21
2014.09.10,00:32:47.520,0.9322,0.93208,1.57,1.39
2014.09.10,00:32:48.077,0.9322,0.93208,1.57,1.39
2014.09.10,00:32:55.306,0.9322,0.93209,1,1.66
2014.09.10,00:33:02.888,0.93221,0.9321,1.1,1.62
2014.09.10,00:33:03.396,0.9322,0.9321,1.1,1.31
2014.09.10,00:33:04.385,0.93222,0.9321,2.7,1.31
2014.09.10,00:33:04.740,0.93222,0.9321,1.5,2.14
2014.09.10,00:33:05.046,0.93222,0.93211,1.5,2.21
2014.09.10,00:33:05.554,0.93222,0.93212,1,1.71
2014.09.10,00:33:06.010,0.93222,0.93211,1,2.21
2014.09.10,00:33:14.203,0.93222,0.93211,1,2.14
2014.09.10,00:33:14.558,0.93225,0.93213,1.2,1.46
2014.09.10,00:33:15.068,0.93227,0.93215,2.21,1
2014.09.10,00:33:17.782,0.93225,0.93213,1.12,2.21
2014.09.10,00:33:18.313,0.93225,0.93213,1.12,2.21
2014.09.10,00:33:18.937,0.93225,0.93213,1.12,2.21
2014.09.10,00:33:20.682,0.93225,0.93213,1.37,2.21
2014.09.10,00:33:21.225,0.93225,0.93213,1.12,2.21
2014.09.10,00:33:21.840,0.93225,0.93213,1.12,2.21
2014.09.10,00:33:22.384,0.93225,0.93213,1.12,2.21
2014.09.10,00:33:22.943,0.93225,0.93213,1.12,2.21
2014.09.10,00:33:23.525,0.93225,0.93213,1.12,2.21
2014.09.10,00:33:24.135,0.93225,0.93213,1.12,2.21
2014.09.10,00:33:24.980,0.93225,0.93213,1.37,2.21
2014.09.10,00:33:25.559,0.93225,0.93213,1.37,2.21
2014.09.10,00:33:26.070,0.93225,0.93213,1.37,2.21
2014.09.10,00:33:28.667,0.93225,0.93213,1.37,1.46
2014.09.10,00:33:31.303,0.93225,0.93213,1,1.46
2014.09.10,00:33:34.222,0.93225,0.93213,1.5,1.84
2014.09.10,00:33:37.166,0.93224,0.93213,1,1.46
2014.09.10,00:33:37.674,0.93223,0.93211,1.12,1.46
2014.09.10,00:33:38.383,0.93223,0.9321,1.2,3.34
2014.09.10,00:33:38.908,0.93223,0.9321,1.1,3.34
2014.09.10,00:33:41.364,0.93223,0.9321,1,3.34
2014.09.10,00:33:42.284,0.93223,0.93211,1,1.74
2014.09.10,00:33:43.302,0.93223,0.93211,1,1.71
2014.09.10,00:33:43.835,0.93223,0.93211,1.12,1.74
2014.09.10,00:33:44.068,0.93223,0.93211,1,1.71
2014.09.10,00:33:44.372,0.93224,0.93214,1,1.84
2014.09.10,00:33:44.474,0.93227,0.93215,1.5,1.84
2014.09.10,00:33:44.627,0.93229,0.93218,1.27,1
2014.09.10,00:33:44.933,0.93227,0.93215,1,3.34
2014.09.10,00:33:45.491,0.93227,0.93215,1.57,2.59
2014.09.10,00:33:45.999,0.93227,0.93215,2.02,1.01
2014.09.10,00:33:46.505,0.93227,0.93215,1.95,1.01
2014.09.10,00:33:47.013,0.93227,0.93215,1.57,1.46
2014.09.10,00:33:47.523,0.93227,0.93215,1.5,1.46
2014.09.10,00:33:53.598,0.93227,0.93215,1.65,2.44
2014.09.10,00:33:54.105,0.93227,0.93215,2.77,1.69
2014.09.10,00:33:54.638,0.93227,0.93215,2.7,1.76
2014.09.10,00:33:55.405,0.93227,0.93215,2.7,1.69
2014.09.10,00:33:55.918,0.93227,0.93215,2.77,1.69
2014.09.10,00:33:56.224,0.93227,0.93215,2.7,1.76
2014.09.10,00:34:01.831,0.93227,0.93215,1.37,1.76
2014.09.10,00:34:02.338,0.93227,0.93215,1.37,1.65
2014.09.10,00:34:02.873,0.93227,0.93215,1.37,1.65
2014.09.10,00:34:10.075,0.93227,0.93215,1.37,1.69
2014.09.10,00:34:10.585,0.93227,0.93215,1.37,1.84
2014.09.10,00:34:15.063,0.93227,0.93215,1.37,2.59
2014.09.10,00:34:17.150,0.93227,0.93215,1.37,2.59
2014.09.10,00:34:17.746,0.93227,0.93215,1.37,2.59
2014.09.10,00:34:19.246,0.93227,0.93215,1.37,2.59
2014.09.10,00:34:20.379,0.93227,0.93215,1.12,2.59
2014.09.10,00:34:21.022,0.93227,0.93215,1.37,2.59
2014.09.10,00:34:21.479,0.93227,0.93215,1.37,2.59
2014.09.10,00:34:22.033,0.93227,0.93215,1.37,2.59
2014.09.10,00:34:22.390,0.93229,0.93218,1.62,1.07
2014.09.10,00:34:22.491,0.93229,0.93218,1.37,1.25
2014.09.10,00:34:22.594,0.93229,0.93218,1.37,1.4
2014.09.10,00:34:22.697,0.93229,0.9322,1.37,1.1
2014.09.10,00:34:23.205,0.93227,0.93218,1,1.09
2014.09.10,00:34:23.461,0.93229,0.93218,1.12,1.84
2014.09.10,00:34:23.978,0.93229,0.9322,1.12,1.1
2014.09.10,00:34:24.722,0.93229,0.9322,1.37,1.01
2014.09.10,00:34:25.265,0.93229,0.9322,1.12,1.01
2014.09.10,00:34:26.835,0.9323,0.9322,1.12,1.01
2014.09.10,00:34:27.349,0.93231,0.9322,1.37,1.65
2014.09.10,00:34:28.537,0.93231,0.9322,1.12,2.59
2014.09.10,00:34:29.045,0.93232,0.93222,1,1.1
2014.09.10,00:34:35.517,0.93232,0.93222,1.12,1.09
2014.09.10,00:34:35.924,0.93234,0.93225,1.37,1
2014.09.10,00:34:36.431,0.93234,0.93225,1.37,1
2014.09.10,00:34:36.938,0.93236,0.93225,1.37,1.07
2014.09.10,00:34:37.244,0.93236,0.93228,1.37,1
2014.09.10,00:34:37.346,0.93236,0.93225,1.37,1.17
2014.09.10,00:34:37.854,0.93236,0.93225,1.37,1.17
2014.09.10,00:34:38.369,0.93236,0.93225,1.45,1
2014.09.10,00:34:42.928,0.93236,0.93225,1.46,1
2014.09.10,00:34:45.257,0.93234,0.93222,1.47,3.26
2014.09.10,00:34:45.764,0.93232,0.93221,1.87,1.69
2014.09.10,00:34:46.489,0.93232,0.93221,1.95,1.25
2014.09.10,00:34:50.401,0.93232,0.93221,1.95,1
2014.09.10,00:35:00.114,0.93231,0.93221,1.37,1
2014.09.10,00:35:00.617,0.93231,0.93221,1.37,1
2014.09.10,00:35:01.123,0.93231,0.9322,1.47,2.44
2014.09.10,00:35:04.695,0.93231,0.9322,1.47,1.69
2014.09.10,00:35:05.208,0.93232,0.9322,1.55,1.69
2014.09.10,00:35:12.051,0.93232,0.9322,1.95,1.69
2014.09.10,00:35:12.715,0.93232,0.9322,1.95,1.76
2014.09.10,00:35:14.310,0.93232,0.9322,1.87,1.84
2014.09.10,00:35:14.922,0.93232,0.9322,1.95,1.76
2014.09.10,00:35:18.084,0.93232,0.9322,1.47,1.76
2014.09.10,00:35:18.603,0.93232,0.9322,1.37,1.76
2014.09.10,00:35:34.691,0.93232,0.9322,1.37,1.84
2014.09.10,00:35:34.945,0.93232,0.93222,1.37,1.09
2014.09.10,00:35:35.452,0.93232,0.93222,1.12,1.09
2014.09.10,00:35:35.959,0.93232,0.93223,1,1.36
2014.09.10,00:35:36.725,0.93233,0.93223,1.12,1.26
2014.09.10,00:35:38.017,0.93233,0.93224,1.12,2.44
2014.09.10,00:35:38.890,0.93234,0.93224,1.12,2.51
2014.09.10,00:35:39.094,0.93238,0.93225,1.95,1.74
2014.09.10,00:35:39.296,0.93238,0.93228,1.37,1
2014.09.10,00:35:39.915,0.93237,0.93227,1.37,1.1
2014.09.10,00:35:40.438,0.93237,0.93226,1.37,1.01
2014.09.10,00:35:44.773,0.93237,0.93226,1.95,1.25
2014.09.10,00:35:45.281,0.93235,0.93225,1.12,2.59
2014.09.10,00:35:45.788,0.93237,0.93225,1.37,1.84
2014.09.10,00:35:50.700,0.93237,0.93225,1.37,1.84
2014.09.10,00:35:50.801,0.93237,0.93225,1.12,1.84
2014.09.10,00:35:51.698,0.93237,0.93225,1.37,1.84
2014.09.10,00:35:52.205,0.93237,0.93225,1.45,1.01
2014.09.10,00:35:52.459,0.93234,0.93222,1.45,2.44
2014.09.10,00:35:53.330,0.93234,0.93222,1.47,2.51
2014.09.10,00:35:59.226,0.93234,0.93222,1.12,2.44
2014.09.10,00:35:59.733,0.93234,0.93222,1.37,2.59
2014.09.10,00:36:00.242,0.93234,0.93222,1.12,2.96
2014.09.10,00:36:00.757,0.93234,0.93223,1.12,1.29
2014.09.10,00:36:11.719,0.93234,0.93223,1,1.34
2014.09.10,00:36:12.228,0.93234,0.93223,1,1.26
2014.09.10,00:36:12.749,0.93234,0.93223,1,1.34
2014.09.10,00:36:14.166,0.93235,0.93225,1.12,1.01
2014.09.10,00:36:15.836,0.93238,0.93225,1.84,1.01
2014.09.10,00:36:16.343,0.93238,0.93225,2.15,1.25
2014.09.10,00:36:17.154,0.93238,0.93225,1.77,1.25
2014.09.10,00:36:17.256,0.93238,0.93225,1.84,1.01
2014.09.10,00:36:17.496,0.93238,0.93225,1.77,1.25
2014.09.10,00:36:17.651,0.93238,0.93225,1.84,1.25
2014.09.10,00:36:17.753,0.93238,0.93225,1.77,1.25
2014.09.10,00:36:18.333,0.93238,0.93225,1.39,1.09
2014.09.10,00:36:18.588,0.93238,0.93225,1.84,1.01
2014.09.10,00:36:18.879,0.93238,0.93225,1.7,1.09
2014.09.10,00:36:19.382,0.93238,0.93225,1.39,1.09
2014.09.10,00:36:24.354,0.93238,0.93225,1.76,1.09
2014.09.10,00:36:24.759,0.93237,0.93225,1.09,1
2014.09.10,00:36:25.475,0.93237,0.93225,1.09,1
2014.09.10,00:36:30.064,0.93237,0.93225,2.21,1
2014.09.10,00:36:35.272,0.93237,0.93225,1.84,1
2014.09.10,00:36:36.466,0.93235,0.93222,1.95,2.59
2014.09.10,00:36:37.657,0.93235,0.93222,2.14,1.76
2014.09.10,00:36:42.584,0.93235,0.93222,1.95,2.51
2014.09.10,00:36:47.131,0.93235,0.93222,2.14,1.76
2014.09.10,00:36:53.135,0.93235,0.93222,2.21,1.76
2014.09.10,00:36:55.955,0.93235,0.93222,2.02,1.5
2014.09.10,00:36:56.463,0.93235,0.93222,2.02,2.44
2014.09.10,00:37:03.441,0.93235,0.93222,2.02,2.51
2014.09.10,00:37:03.973,0.93235,0.93222,2.02,2.44
2014.09.10,00:37:06.279,0.93235,0.93222,2.02,2.51
2014.09.10,00:37:16.785,0.93235,0.93222,2.02,2.44
2014.09.10,00:37:24.498,0.93235,0.93222,2.02,2.51
2014.09.10,00:37:47.906,0.93235,0.93222,1.47,1.46
2014.09.10,00:37:48.415,0.93235,0.93222,1.37,1.46
2014.09.10,00:37:48.940,0.93237,0.93222,1.74,1.34
2014.09.10,00:38:03.387,0.93237,0.93222,1.74,1.34
2014.09.10,00:38:05.135,0.93237,0.93222,1.71,1.36
2014.09.10,00:38:06.084,0.93237,0.93222,1.71,1.36
2014.09.10,00:38:07.003,0.93237,0.93222,1.74,1.34
2014.09.10,00:38:07.549,0.93237,0.93222,1.74,1.34
2014.09.10,00:38:10.018,0.93237,0.93222,1.66,1.34
2014.09.10,00:38:10.474,0.93239,0.93224,1.71,1.84
2014.09.10,00:38:10.946,0.93238,0.93225,1.62,1.4
2014.09.10,00:38:11.497,0.93238,0.93225,1.47,1.84
2014.09.10,00:38:12.074,0.93238,0.93225,1.47,1.84
2014.09.10,00:38:12.608,0.93238,0.93225,1.37,1.84
2014.09.10,00:38:13.147,0.93238,0.93225,1.47,1.76
2014.09.10,00:38:13.451,0.93238,0.93225,1.37,1.84
2014.09.10,00:38:13.899,0.93238,0.93225,1.37,2.21
2014.09.10,00:38:14.153,0.9324,0.93227,1.87,1.27
2014.09.10,00:38:14.560,0.93243,0.9323,1.62,1.15
2014.09.10,00:38:14.763,0.93243,0.9323,1.37,1.84
2014.09.10,00:38:15.269,0.93243,0.93231,1.37,1.15
2014.09.10,00:38:16.604,0.93243,0.93232,1.37,1.34
2014.09.10,00:38:16.958,0.93243,0.93231,1.37,1.09
2014.09.10,00:38:17.465,0.93243,0.9323,1.37,3.34
2014.09.10,00:38:17.971,0.93243,0.9323,1.37,3.34
2014.09.10,00:38:19.308,0.93243,0.9323,1.37,3.34
2014.09.10,00:38:19.410,0.93243,0.9323,1.37,3.34
2014.09.10,00:38:19.917,0.93243,0.9323,1.37,3.34
2014.09.10,00:38:21.894,0.93243,0.9323,1.37,3.34
2014.09.10,00:38:23.102,0.93243,0.9323,1.37,3.34
2014.09.10,00:38:24.283,0.93243,0.9323,1.37,3.34
2014.09.10,00:38:24.795,0.93243,0.9323,1.37,3.34
2014.09.10,00:38:24.897,0.93243,0.9323,1,3.34
2014.09.10,00:38:25.049,0.93243,0.93232,1,1.17
2014.09.10,00:38:25.506,0.93245,0.93232,1.12,2.59
2014.09.10,00:38:26.420,0.93248,0.93235,2.59,1.01
2014.09.10,00:38:26.776,0.93243,0.93231,1.37,3.34
2014.09.10,00:38:27.316,0.93243,0.93231,1.37,1.84
2014.09.10,00:38:27.840,0.93243,0.93231,1.37,1.84
2014.09.10,00:38:28.472,0.93243,0.93231,1.37,1.09
2014.09.10,00:38:28.986,0.93243,0.93231,1.37,1.32
2014.09.10,00:38:29.496,0.93243,0.93231,1.47,1.01
2014.09.10,00:38:51.077,0.93243,0.9323,1.37,2.59
2014.09.10,00:38:53.782,0.93243,0.9323,1.37,3.34
2014.09.10,00:39:10.884,0.93243,0.9323,1.37,2.59
2014.09.10,00:39:11.087,0.93243,0.93232,1.37,1.1
2014.09.10,00:39:11.593,0.93243,0.9323,1.37,2.59
2014.09.10,00:39:12.100,0.93243,0.9323,1.37,3.34
2014.09.10,00:39:13.277,0.93243,0.9323,1.37,3.34
2014.09.10,00:39:13.879,0.93243,0.9323,1.37,3.34
2014.09.10,00:39:13.981,0.93243,0.9323,1.37,3.34
2014.09.10,00:39:14.589,0.93243,0.93231,1.37,1.34
2014.09.10,00:39:17.495,0.93243,0.93231,1.37,1.34
2014.09.10,00:39:18.298,0.93243,0.93231,1.37,1.34
2014.09.10,00:39:18.847,0.93243,0.93231,1.37,1.34
2014.09.10,00:39:20.980,0.93243,0.9323,1.37,3.34
2014.09.10,00:39:21.804,0.93243,0.9323,1.37,3.34
2014.09.10,00:39:23.021,0.93243,0.9323,1.37,3.34
2014.09.10,00:39:23.890,0.93243,0.93231,1.37,1.34
2014.09.10,00:39:24.998,0.93243,0.93231,1.37,1.34
2014.09.10,00:39:25.292,0.93243,0.93231,1.37,1.34
2014.09.10,00:39:26.872,0.93245,0.9323,1.56,2.59
2014.09.10,00:39:27.542,0.93245,0.9323,1.56,2.59
2014.09.10,00:39:28.092,0.93245,0.9323,1.66,3.34
2014.09.10,00:39:29.572,0.93246,0.9323,1.46,2.59
2014.09.10,00:39:30.893,0.93246,0.9323,1.39,2.59
2014.09.10,00:39:31.453,0.93246,0.9323,1.46,2.59
2014.09.10,00:39:35.540,0.93246,0.9323,1.77,2.59
2014.09.10,00:39:38.239,0.93245,0.9323,1.66,2.59
2014.09.10,00:39:48.512,0.93246,0.9323,2.21,1.84
2014.09.10,00:39:50.330,0.93245,0.9323,1.76,2.59
2014.09.10,00:39:50.872,0.93245,0.9323,1.64,2.59
2014.09.10,00:39:51.409,0.93245,0.9323,1.66,2.59
2014.09.10,00:39:52.646,0.93245,0.9323,1.74,2.59
2014.09.10,00:39:54.660,0.93245,0.9323,1.71,2.59
2014.09.10,00:39:55.835,0.93245,0.9323,1.74,2.59
2014.09.10,00:39:56.340,0.93245,0.9323,1.74,2.51
2014.09.10,00:39:57.974,0.93245,0.9323,1.74,2.59
2014.09.10,00:39:58.568,0.93245,0.9323,1.71,2.59
2014.09.10,00:39:59.359,0.93245,0.9323,1.74,2.59
2014.09.10,00:40:00.062,0.93245,0.9323,1.71,2.59
2014.09.10,00:40:00.566,0.93245,0.9323,1.74,2.59
2014.09.10,00:40:01.073,0.93245,0.9323,1.74,2.51
2014.09.10,00:40:01.580,0.93245,0.9323,1.74,2.59
2014.09.10,00:40:06.488,0.93245,0.9323,1.74,2.51
2014.09.10,00:40:07.088,0.93245,0.9323,1.74,2.59
2014.09.10,00:40:08.310,0.93245,0.9323,1.71,2.59
2014.09.10,00:40:08.963,0.93245,0.9323,1.71,2.59
2014.09.10,00:40:09.878,0.93245,0.9323,1.71,2.59
2014.09.10,00:40:11.984,0.93245,0.9323,1.74,1.84
2014.09.10,00:40:12.493,0.93245,0.9323,1.71,1.84
2014.09.10,00:40:12.994,0.93244,0.9323,1.71,1.01
2014.09.10,00:40:13.501,0.93244,0.9323,1.64,1.32
2014.09.10,00:40:13.653,0.93244,0.9323,1.64,1.32
2014.09.10,00:40:18.706,0.93244,0.9323,1.71,1.01
2014.09.10,00:40:21.125,0.93245,0.9323,1.84,1.17
2014.09.10,00:40:21.674,0.93245,0.9323,1.84,1
2014.09.10,00:40:23.594,0.93245,0.9323,1.84,1.07
2014.09.10,00:40:24.168,0.93245,0.9323,1.71,1.76
2014.09.10,00:40:25.193,0.93246,0.9323,1.84,1.01
2014.09.10,00:40:25.696,0.93246,0.9323,1.84,1.4
2014.09.10,00:40:26.202,0.93246,0.9323,1.84,1.09
2014.09.10,00:40:28.504,0.93245,0.9323,1.09,1.09
2014.09.10,00:40:29.236,0.93246,0.9323,1.84,1.09
2014.09.10,00:40:37.494,0.93245,0.9323,1.84,1.84
2014.09.10,00:40:39.126,0.93245,0.9323,1.71,1.84
2014.09.10,00:40:42.200,0.93244,0.9323,1.74,1.09
2014.09.10,00:40:42.917,0.93244,0.9323,1.74,1.09
2014.09.10,00:40:44.920,0.93245,0.9323,2.21,1.1
2014.09.10,00:40:45.742,0.93245,0.9323,1.71,1.07
2014.09.10,00:40:46.300,0.93244,0.9323,1.71,1.01
2014.09.10,00:40:46.655,0.93244,0.9323,1.84,1.01
2014.09.10,00:40:46.757,0.93244,0.9323,1.71,1.01
2014.09.10,00:40:50.333,0.93244,0.9323,1.09,1.76
2014.09.10,00:40:50.863,0.93245,0.9323,1.84,1.76
2014.09.10,00:40:53.457,0.93245,0.9323,1.71,1.76
2014.09.10,00:40:56.423,0.93244,0.9323,1.71,1.01
2014.09.10,00:40:57.545,0.93244,0.9323,1.71,1.25
2014.09.10,00:41:01.970,0.93244,0.9323,1.84,1.01
2014.09.10,00:41:02.341,0.93241,0.93229,1.37,1.5
2014.09.10,00:41:02.442,0.9324,0.93229,1.37,1.5
2014.09.10,00:41:02.697,0.93238,0.93226,1.5,1.09
2014.09.10,00:41:02.748,0.93238,0.93225,1.65,1.5
2014.09.10,00:41:03.054,0.93233,0.93224,1,1.69
2014.09.10,00:41:03.563,0.93233,0.93222,1.47,1.69
2014.09.10,00:41:04.444,0.93233,0.93222,1.47,1
2014.09.10,00:41:05.650,0.93233,0.93222,1.2,1
2014.09.10,00:41:06.196,0.93233,0.93222,1.47,1
2014.09.10,00:41:19.612,0.93233,0.93221,1.45,2.44
2014.09.10,00:41:37.639,0.93233,0.93221,1.45,1.69
2014.09.10,00:41:53.421,0.93233,0.93221,1.7,1
2014.09.10,00:41:56.336,0.93233,0.93221,1.7,1
2014.09.10,00:41:56.641,0.9323,0.9322,1.09,1
2014.09.10,00:41:56.845,0.9323,0.93217,1.71,1
2014.09.10,00:41:57.051,0.93227,0.93217,2.25,1
2014.09.10,00:41:57.102,0.93227,0.93215,2.25,2.44
2014.09.10,00:41:57.408,0.93224,0.93212,1,1.19
2014.09.10,00:41:58.069,0.93224,0.93212,1.47,1.29
2014.09.10,00:41:58.576,0.93224,0.93211,1.47,1.09
2014.09.10,00:42:07.185,0.93224,0.93211,1.37,1.84
2014.09.10,00:42:07.288,0.93224,0.93211,1.65,1.76
2014.09.10,00:42:07.491,0.93224,0.9321,1.77,1.76
2014.09.10,00:42:07.999,0.93224,0.93209,1.84,2.59
2014.09.10,00:42:08.500,0.93224,0.93209,1.84,2.59
2014.09.10,00:42:08.703,0.93223,0.93209,1.09,1.65
2014.09.10,00:42:10.298,0.93224,0.93209,2.21,2.02
2014.09.10,00:42:10.399,0.93224,0.9321,1.46,1.36
2014.09.10,00:42:10.501,0.93224,0.9321,1.39,1.34
2014.09.10,00:42:11.008,0.93224,0.93211,1.37,1.4
2014.09.10,00:42:11.523,0.93224,0.93211,1.37,1.4
2014.09.10,00:42:12.052,0.93224,0.93212,1.12,1.36
2014.09.10,00:42:12.693,0.93224,0.93212,1.12,1.26
2014.09.10,00:42:13.352,0.93224,0.93212,1.37,1.26
2014.09.10,00:42:15.532,0.93224,0.93212,1.37,1.26
2014.09.10,00:42:17.193,0.93224,0.93211,1.37,1.84
2014.09.10,00:42:17.700,0.93224,0.93211,1.76,1.09
2014.09.10,00:42:19.522,0.93224,0.9321,1.39,2.59
2014.09.10,00:42:24.535,0.93224,0.9321,1.46,2.59
2014.09.10,00:42:30.729,0.93224,0.9321,1.46,2.59
2014.09.10,00:42:31.641,0.93224,0.93212,1.47,1.1
2014.09.10,00:42:39.150,0.93224,0.93212,1.37,1.09
2014.09.10,00:42:41.156,0.93224,0.93212,1.37,1.09
2014.09.10,00:42:41.665,0.93224,0.93211,1.55,1.76
2014.09.10,00:42:45.271,0.93224,0.93211,1.46,1.01
2014.09.10,00:42:45.777,0.93224,0.93211,1.39,1.09
2014.09.10,00:42:49.101,0.93224,0.93211,1.39,1.09
2014.09.10,00:42:49.608,0.93224,0.93211,1.62,1.4
2014.09.10,00:42:50.681,0.93224,0.93211,1.37,1.84
2014.09.10,00:42:51.261,0.93224,0.93211,1.37,1.84
2014.09.10,00:42:51.806,0.93224,0.93211,1.12,1.84
2014.09.10,00:42:52.212,0.93227,0.93215,1.7,1
2014.09.10,00:42:52.314,0.93228,0.93215,2.14,1.09
2014.09.10,00:42:52.517,0.93228,0.93215,1.95,2.96
2014.09.10,00:42:52.568,0.93228,0.93217,1.12,1.07
2014.09.10,00:42:53.176,0.9323,0.93218,1.47,1.2
2014.09.10,00:42:54.492,0.9323,0.93218,1.47,1.01
2014.09.10,00:42:54.999,0.9323,0.93218,1.1,1.76
2014.09.10,00:42:59.106,0.9323,0.93219,1.1,1.19
2014.09.10,00:43:02.316,0.9323,0.9322,1,1.76
2014.09.10,00:43:04.602,0.9323,0.9322,1,1.25
2014.09.10,00:43:06.638,0.9323,0.9322,1,1.69
2014.09.10,00:43:07.628,0.93233,0.9322,2.02,2.44
2014.09.10,00:43:27.218,0.93233,0.9322,1.46,1.76
2014.09.10,00:43:27.729,0.93233,0.9322,1.46,1.76
2014.09.10,00:43:28.236,0.93233,0.9322,1.77,1.01
2014.09.10,00:43:28.994,0.93233,0.9322,2.21,1.1
2014.09.10,00:43:40.374,0.93233,0.9322,1.39,1.09
2014.09.10,00:43:40.895,0.93233,0.9322,1.46,1.01
2014.09.10,00:43:48.386,0.93233,0.9322,1.39,1.09
2014.09.10,00:43:49.346,0.93233,0.9322,1.7,1.09
2014.09.10,00:43:49.853,0.93233,0.9322,1.46,1.32
2014.09.10,00:43:50.563,0.93233,0.9322,1.7,1.09
2014.09.10,00:43:51.474,0.93233,0.9322,1.84,1.01
2014.09.10,00:43:51.779,0.93232,0.9322,1.09,1
2014.09.10,00:43:52.287,0.93232,0.9322,1.09,1
2014.09.10,00:44:09.319,0.93231,0.93217,1.01,1.84
2014.09.10,00:44:09.928,0.93231,0.93217,1.09,1.84
2014.09.10,00:44:10.434,0.93231,0.93217,1.01,1.84
2014.09.10,00:44:10.964,0.93231,0.93217,1.09,1.84
2014.09.10,00:44:11.279,0.93232,0.93217,2.51,1.84
2014.09.10,00:44:11.860,0.93231,0.93217,1.01,1.84
2014.09.10,00:44:15.143,0.93232,0.93217,1.71,2.59
2014.09.10,00:44:15.245,0.93231,0.93217,1.01,4.09
2014.09.10,00:44:16.057,0.93232,0.93217,1.74,1.84
2014.09.10,00:44:17.341,0.93232,0.93217,1.09,1.4
2014.09.10,00:44:17.630,0.93233,0.93218,2.96,2.77
2014.09.10,00:44:17.731,0.93233,0.93218,1.25,2.59
2014.09.10,00:44:17.985,0.93235,0.9322,2.14,1.34
2014.09.10,00:44:18.491,0.93236,0.9322,2.96,1.84
2014.09.10,00:44:19.049,0.93236,0.93221,3.34,1.36
2014.09.10,00:44:29.279,0.93235,0.93222,1.74,1.1
2014.09.10,00:44:29.381,0.93236,0.93225,1.39,1
2014.09.10,00:44:29.586,0.93235,0.93222,1.55,2.51
2014.09.10,00:44:29.690,0.93235,0.93222,1.57,2.59
2014.09.10,00:44:30.201,0.93235,0.93222,1.52,2.44
2014.09.10,00:44:30.718,0.93235,0.93222,1.46,1.69
2014.09.10,00:44:31.580,0.93235,0.93222,1.77,1.69
2014.09.10,00:44:31.782,0.93235,0.93222,1.46,1.76
2014.09.10,00:44:32.470,0.93235,0.93222,1.39,1.84
2014.09.10,00:44:33.565,0.93235,0.93222,1.39,1.84
2014.09.10,00:44:34.092,0.93235,0.93222,1.46,1.76
2014.09.10,00:44:34.629,0.93235,0.93222,1.39,1.84
2014.09.10,00:44:36.864,0.93235,0.93222,1.46,1.76
2014.09.10,00:44:37.765,0.93235,0.93222,1.39,1.84
2014.09.10,00:44:59.504,0.93235,0.93222,2.14,1.65
2014.09.10,00:45:00.104,0.93235,0.93222,1.76,1.84
2014.09.10,00:45:03.534,0.93234,0.93222,1.37,1.84
2014.09.10,00:45:04.567,0.93235,0.93222,2.51,1.76
2014.09.10,00:45:06.751,0.93235,0.93222,2.14,1.76
2014.09.10,00:45:09.267,0.93235,0.93222,2.51,1.76
2014.09.10,00:45:14.063,0.93235,0.93222,2.14,1.76
2014.09.10,00:45:21.463,0.93235,0.93222,2.06,1.84
2014.09.10,00:45:21.968,0.93235,0.93222,2.14,1.84
2014.09.10,00:45:23.646,0.93235,0.93222,2.51,1.84
2014.09.10,00:45:23.960,0.93235,0.93222,2.14,1.84
2014.09.10,00:45:24.061,0.93235,0.93222,2.06,1.84
2014.09.10,00:45:24.856,0.93235,0.93222,1.37,2.59
2014.09.10,00:45:25.741,0.93235,0.93222,1.37,2.59
2014.09.10,00:45:27.171,0.93235,0.93222,1.37,2.59
2014.09.10,00:45:29.455,0.93235,0.93222,1.37,2.59
2014.09.10,00:45:30.011,0.93236,0.93222,1.39,1.34
2014.09.10,00:45:35.505,0.93237,0.93222,2.96,1.34
2014.09.10,00:45:36.009,0.93237,0.93222,2.96,1.34
2014.09.10,00:45:39.203,0.93237,0.93222,2.89,1.36
2014.09.10,00:45:39.756,0.93237,0.93222,2.89,1.34
2014.09.10,00:45:40.498,0.93237,0.93222,2.96,1.34
2014.09.10,00:45:45.577,0.93237,0.93222,2.96,1.34
2014.09.10,00:45:46.108,0.93237,0.93222,2.96,1.34
2014.09.10,00:45:48.099,0.93237,0.93222,2.89,1.34
2014.09.10,00:45:48.650,0.93237,0.93222,3.26,1.34
2014.09.10,00:45:48.954,0.93237,0.93228,2.06,1
2014.09.10,00:45:49.461,0.93237,0.93228,1.56,1
2014.09.10,00:45:50.914,0.93239,0.93228,1.66,1
2014.09.10,00:45:52.858,0.93239,0.93228,2.04,1
2014.09.10,00:45:52.960,0.93237,0.93225,1.47,1.01
2014.09.10,00:45:53.314,0.93237,0.93225,1.37,1.25
2014.09.10,00:45:53.821,0.93237,0.93225,1.37,1.09
2014.09.10,00:45:54.327,0.93237,0.93225,1.39,1.1
2014.09.10,00:45:54.848,0.93237,0.93225,1.62,1.17
2014.09.10,00:45:55.356,0.93237,0.93225,1.39,1.1
2014.09.10,00:45:55.762,0.93237,0.93225,1.39,1.1
2014.09.10,00:45:56.268,0.93237,0.93225,1.39,1.1
2014.09.10,00:45:57.129,0.93237,0.93225,1.37,1.17
2014.09.10,00:45:57.668,0.93237,0.93225,1.47,1.1
2014.09.10,00:45:59.205,0.93237,0.93225,1.37,1.17
2014.09.10,00:45:59.713,0.93237,0.93225,1.47,1.1
2014.09.10,00:46:00.240,0.93237,0.93225,1.37,1.17
2014.09.10,00:46:00.747,0.93237,0.93225,1.47,1.1
2014.09.10,00:46:01.911,0.93237,0.93225,1.37,1.17
2014.09.10,00:46:04.239,0.93237,0.93225,1.62,1.1
2014.09.10,00:46:04.849,0.93237,0.93225,1.62,1.17
2014.09.10,00:46:05.355,0.93237,0.93225,1.39,1.1
2014.09.10,00:46:05.865,0.93237,0.93225,1.39,1.1
2014.09.10,00:46:06.372,0.93237,0.93225,1.62,1.17
2014.09.10,00:46:07.554,0.93237,0.93225,1.47,1.1
2014.09.10,00:46:07.856,0.93237,0.93225,1.37,1.1
2014.09.10,00:46:08.363,0.93237,0.93225,1.37,1.17
2014.09.10,00:46:09.320,0.93237,0.93225,1.47,1.2
2014.09.10,00:46:09.928,0.93237,0.93225,2.06,1.17
2014.09.10,00:46:10.435,0.93237,0.93225,3.19,1.17
2014.09.10,00:46:11.035,0.93237,0.93225,3.26,1.2
2014.09.10,00:46:11.554,0.93237,0.93225,3.19,1.07
2014.09.10,00:46:12.083,0.93237,0.93225,3.19,1
2014.09.10,00:46:12.939,0.93237,0.93225,3.19,1.07
2014.09.10,00:46:13.446,0.93237,0.93225,3.19,1.1
2014.09.10,00:46:13.997,0.93237,0.93225,3.19,1.17
2014.09.10,00:46:14.538,0.93237,0.93225,3.26,1.1
2014.09.10,00:46:15.734,0.93237,0.93225,3.19,1.07
2014.09.10,00:46:16.241,0.93237,0.93225,2.51,1.2
2014.09.10,00:46:17.923,0.93237,0.93225,2.44,1.07
2014.09.10,00:46:18.431,0.93237,0.93225,2.51,1.1
2014.09.10,00:46:48.611,0.93237,0.93225,3.19,1.07
2014.09.10,00:46:49.198,0.93237,0.93225,3.26,1.1
2014.09.10,00:46:49.787,0.93237,0.93225,3.19,1.17
2014.09.10,00:46:50.295,0.93237,0.93225,3.19,1
2014.09.10,00:46:50.904,0.93237,0.93225,3.19,1.17
2014.09.10,00:46:51.513,0.93237,0.93225,3.26,1.1
2014.09.10,00:46:56.930,0.93237,0.93223,2.44,1.4
2014.09.10,00:46:57.451,0.93237,0.93223,2.51,1.4
2014.09.10,00:46:58.110,0.93237,0.93223,2.44,1.4
2014.09.10,00:46:58.616,0.93237,0.93223,2.14,1.4
2014.09.10,00:46:59.288,0.93237,0.93223,2.06,1.4
2014.09.10,00:46:59.794,0.93237,0.93223,2.14,1.4
2014.09.10,00:47:00.925,0.93237,0.93223,2.21,1.09
2014.09.10,00:47:01.432,0.93237,0.93223,2.59,1.09
2014.09.10,00:47:01.737,0.93237,0.93223,2.51,1.4
2014.09.10,00:47:04.057,0.93237,0.93223,2.59,1.09
2014.09.10,00:47:04.563,0.93237,0.93223,2.51,1.4
2014.09.10,00:47:05.070,0.93236,0.93223,1.66,1.17
2014.09.10,00:47:05.862,0.93236,0.93223,1.56,1.15
2014.09.10,00:47:06.364,0.93236,0.93223,1.56,1.15
2014.09.10,00:47:06.889,0.93236,0.93223,1.56,1.15
2014.09.10,00:47:07.396,0.93236,0.93223,1.76,1.17
2014.09.10,00:47:07.913,0.93236,0.93223,1.69,1.17
2014.09.10,00:47:08.695,0.93236,0.93223,1.56,1.17
2014.09.10,00:47:09.254,0.93236,0.93223,1.66,1.17
2014.09.10,00:47:10.637,0.93236,0.93223,1.56,1.17
2014.09.10,00:47:11.147,0.93236,0.93223,1.66,1.17
2014.09.10,00:47:13.280,0.93236,0.93223,1.56,1.15
2014.09.10,00:47:13.938,0.93236,0.93223,1.66,1.07
2014.09.10,00:47:14.449,0.93237,0.93223,1.76,1.4
2014.09.10,00:47:14.960,0.93237,0.93223,1.84,1.09
2014.09.10,00:47:15.467,0.93237,0.93223,1.76,1.4
2014.09.10,00:47:16.451,0.93237,0.93223,1.84,1.09
2014.09.10,00:47:17.444,0.93237,0.93223,1.76,1.4
2014.09.10,00:47:17.954,0.93237,0.93223,1.84,1.09
2014.09.10,00:47:18.953,0.93237,0.93222,1.84,1.36
2014.09.10,00:47:19.561,0.93236,0.93221,1.71,2.59
2014.09.10,00:47:20.067,0.93236,0.93221,1.64,1.84
2014.09.10,00:47:20.852,0.93236,0.93221,1.66,1.84
2014.09.10,00:47:21.357,0.93236,0.93221,1.74,1.84
2014.09.10,00:47:21.865,0.93236,0.93221,1.84,2.59
2014.09.10,00:47:22.421,0.93236,0.93221,1.74,1.84
2014.09.10,00:47:22.997,0.93236,0.93221,1.71,1.84
2014.09.10,00:47:23.518,0.93236,0.93221,1.71,2.51
2014.09.10,00:47:31.032,0.93236,0.93221,1.71,2.59
2014.09.10,00:47:32.107,0.93236,0.93221,1.71,1.76
2014.09.10,00:47:32.901,0.93236,0.93221,1.71,1.84
2014.09.10,00:47:34.212,0.93236,0.93221,1.74,1.84
2014.09.10,00:47:34.719,0.93236,0.93221,1.71,1.84
2014.09.10,00:47:35.225,0.93236,0.93221,1.71,1.84
2014.09.10,00:47:35.771,0.93236,0.93221,1.71,2.59
2014.09.10,00:47:36.985,0.93236,0.93221,2.59,2.51
2014.09.10,00:47:37.188,0.93233,0.9322,1.46,2.51
2014.09.10,00:47:37.899,0.93233,0.9322,2.02,1
2014.09.10,00:47:49.221,0.93231,0.9322,1.64,1
2014.09.10,00:47:53.307,0.93233,0.9322,2.59,1.37
2014.09.10,00:47:53.358,0.93233,0.9322,2.59,1.47
2014.09.10,00:47:53.409,0.93233,0.9322,2.59,1.2
2014.09.10,00:47:53.460,0.93233,0.9322,1.25,1.27
2014.09.10,00:47:53.562,0.93233,0.9322,1.46,1.2
2014.09.10,00:47:54.581,0.93233,0.9322,1,1.2
2014.09.10,00:47:55.197,0.93233,0.9322,1,1.46
2014.09.10,00:47:55.710,0.93233,0.9322,1,1.46
2014.09.10,00:47:56.221,0.93233,0.9322,1.1,2.21
2014.09.10,00:47:56.736,0.93233,0.9322,1,2.21
2014.09.10,00:47:57.241,0.93233,0.9322,1.1,2.21
2014.09.10,00:47:57.852,0.93233,0.9322,1,2.21
2014.09.10,00:47:58.768,0.93233,0.9322,1.1,2.21
2014.09.10,00:47:59.276,0.93233,0.9322,1,2.21
2014.09.10,00:48:01.666,0.93233,0.9322,1,2.96
2014.09.10,00:48:02.180,0.93233,0.9322,1,2.96
2014.09.10,00:48:04.725,0.93233,0.9322,1,2.96
2014.09.10,00:48:05.408,0.93233,0.9322,1,2.96
2014.09.10,00:48:07.332,0.93233,0.9322,1,2.96
2014.09.10,00:48:07.833,0.93233,0.9322,1,2.96
2014.09.10,00:48:08.779,0.93233,0.93221,1,1.46
2014.09.10,00:48:09.397,0.93233,0.93221,1,1.46
2014.09.10,00:48:19.869,0.93233,0.9322,1.2,2.21
2014.09.10,00:48:20.410,0.93233,0.9322,1.12,2.21
2014.09.10,00:48:24.407,0.93233,0.9322,1.2,2.21
2014.09.10,00:48:25.881,0.93233,0.9322,1.12,2.21
2014.09.10,00:48:26.401,0.93233,0.9322,1.2,2.21
2014.09.10,00:48:26.928,0.93233,0.93221,1.12,1.46
2014.09.10,00:48:29.396,0.93233,0.9322,1.2,2.21
2014.09.10,00:48:30.228,0.93233,0.9322,1.12,2.21
2014.09.10,00:48:33.888,0.93233,0.9322,1.2,2.02
2014.09.10,00:48:34.491,0.93233,0.9322,1.31,2.21
2014.09.10,00:48:34.994,0.93233,0.9322,1.39,2.21
2014.09.10,00:48:35.561,0.93233,0.9322,1.31,2.21
2014.09.10,00:48:39.642,0.93235,0.9322,1.71,2.21
2014.09.10,00:48:40.181,0.93235,0.9322,1.74,2.21
2014.09.10,00:48:42.001,0.93234,0.9322,1.74,1.46
2014.09.10,00:48:42.507,0.93233,0.9322,2.81,1.27
2014.09.10,00:48:43.203,0.93233,0.9322,2.89,1.27
2014.09.10,00:48:43.913,0.93233,0.9322,2.81,1.27
2014.09.10,00:48:51.254,0.93235,0.9322,1.71,2.21
2014.09.10,00:48:52.948,0.93235,0.9322,1.56,2.21
2014.09.10,00:48:53.455,0.93235,0.9322,1.66,2.21
2014.09.10,00:48:54.278,0.93235,0.9322,1.29,3.71
2014.09.10,00:48:54.836,0.93235,0.93222,1.17,2.14
2014.09.10,00:48:54.989,0.93237,0.93225,2.21,1
2014.09.10,00:48:55.496,0.93237,0.93225,1.29,1.1
2014.09.10,00:48:56.004,0.93238,0.93225,1.46,1.1
2014.09.10,00:49:00.472,0.93238,0.93225,1.46,1.1
2014.09.10,00:49:00.979,0.93238,0.93225,2.21,1
2014.09.10,00:49:01.485,0.93237,0.93225,1.71,1
2014.09.10,00:49:02.095,0.93237,0.93225,1.74,1
2014.09.10,00:49:02.248,0.93237,0.93225,1.74,1
2014.09.10,00:49:02.877,0.93238,0.93225,1.77,1
2014.09.10,00:49:04.152,0.93237,0.93225,1.74,1
2014.09.10,00:49:04.658,0.93238,0.93225,2.21,1
2014.09.10,00:49:05.191,0.93238,0.93225,2.21,1
2014.09.10,00:49:05.754,0.93238,0.93225,2.21,1
2014.09.10,00:49:07.451,0.93238,0.93225,2.21,1
2014.09.10,00:49:09.911,0.93238,0.93225,1.84,1.37
2014.09.10,00:49:10.013,0.93238,0.93225,1.1,1.55
2014.09.10,00:49:10.318,0.9324,0.93228,1.69,1.27
2014.09.10,00:49:10.677,0.93242,0.9323,1.2,1.1
2014.09.10,00:49:11.655,0.93242,0.9323,1.07,1
2014.09.10,00:49:12.162,0.93242,0.9323,1,1.09
2014.09.10,00:49:13.499,0.93242,0.9323,1,1.46
2014.09.10,00:49:14.056,0.93242,0.9323,1,2.21
2014.09.10,00:49:14.158,0.93245,0.93233,1.25,1.55
2014.09.10,00:49:14.664,0.93247,0.93235,2.51,1.1
2014.09.10,00:49:15.454,0.93247,0.93235,1.76,1.1
2014.09.10,00:49:19.066,0.93247,0.93235,1.76,1.47
2014.09.10,00:49:19.422,0.93247,0.93235,1.69,1.45
2014.09.10,00:49:19.777,0.9325,0.93238,1.69,1.17
2014.09.10,00:49:19.980,0.93252,0.9324,2.96,1.1
2014.09.10,00:49:22.117,0.93252,0.9324,2.21,1
2014.09.10,00:49:22.169,0.9325,0.9324,1.2,1
2014.09.10,00:49:22.271,0.93247,0.93236,1.1,1.69
2014.09.10,00:49:22.525,0.93247,0.93235,1.55,1.69
2014.09.10,00:49:22.727,0.93245,0.93233,1.45,1.57
2014.09.10,00:49:22.779,0.93245,0.93233,1.55,1
2014.09.10,00:49:22.880,0.93242,0.9323,1.1,2.14
2014.09.10,00:49:24.967,0.93242,0.9323,1,1.09
2014.09.10,00:49:30.691,0.93242,0.9323,1.1,2.14
2014.09.10,00:49:35.196,0.93242,0.9323,1.2,1.69
2014.09.10,00:49:35.703,0.93242,0.9323,1.52,1
2014.09.10,00:49:40.087,0.93242,0.9323,1.39,1.1
2014.09.10,00:49:40.593,0.93242,0.9323,1.39,1.1
2014.09.10,00:49:42.401,0.93242,0.9323,1.39,1.1
2014.09.10,00:49:42.908,0.93242,0.9323,1.39,1.1
2014.09.10,00:49:46.201,0.93241,0.9323,1.56,1.1
2014.09.10,00:49:46.353,0.93241,0.9323,1.71,1
2014.09.10,00:49:46.506,0.93237,0.93227,1,1
2014.09.10,00:49:46.659,0.93237,0.93225,1.2,1.01
2014.09.10,00:49:47.368,0.93237,0.93225,1,1.09
2014.09.10,00:49:49.740,0.93237,0.93225,1.2,1.01
2014.09.10,00:49:51.648,0.93237,0.93225,1.31,1.17
2014.09.10,00:49:53.937,0.93237,0.93225,1.62,1.17
2014.09.10,00:49:54.484,0.93237,0.93225,1.62,1.17
2014.09.10,00:49:55.663,0.93237,0.93225,1.39,1.1
2014.09.10,00:50:00.656,0.93233,0.93223,1,1.25
2014.09.10,00:50:10.645,0.93233,0.93222,1,1.39
2014.09.10,00:50:13.218,0.93233,0.93222,1.27,1.25
2014.09.10,00:50:13.523,0.9323,0.9322,1.27,1
2014.09.10,00:50:13.828,0.9323,0.93218,1.77,1
2014.09.10,00:50:14.334,0.9323,0.93218,1.77,1
2014.09.10,00:50:14.639,0.9323,0.93218,1.1,1.76
2014.09.10,00:50:14.740,0.93232,0.9322,1.1,1.57
2014.09.10,00:50:14.943,0.93232,0.93222,1.1,1
2014.09.10,00:50:18.010,0.93232,0.93222,1,1.39
2014.09.10,00:50:18.517,0.93232,0.93222,1,1.01
2014.09.10,00:50:19.024,0.93232,0.93221,1,1.84
2014.09.10,00:50:19.575,0.93232,0.93221,1,1.32
2014.09.10,00:50:21.220,0.93232,0.93221,1,1.25
2014.09.10,00:50:25.186,0.93235,0.93229,2.21,1
2014.09.10,00:50:25.289,0.93238,0.9323,1.52,1
2014.09.10,00:50:25.391,0.93239,0.9323,1.09,1
2014.09.10,00:50:25.544,0.9324,0.93228,2.59,1.1
2014.09.10,00:50:25.645,0.93241,0.9323,2.21,1
2014.09.10,00:50:26.405,0.93241,0.9323,1.01,1
2014.09.10,00:50:26.507,0.93242,0.9323,2.21,1
2014.09.10,00:50:26.558,0.93242,0.9323,2.21,1
2014.09.10,00:50:26.659,0.9324,0.93228,2.21,1.5
2014.09.10,00:50:36.136,0.93238,0.93228,1.99,1
2014.09.10,00:50:36.187,0.93237,0.93225,1.26,1.1
2014.09.10,00:50:36.239,0.93237,0.93225,1.71,1
2014.09.10,00:50:36.645,0.93236,0.93225,1.84,1
2014.09.10,00:50:36.747,0.93236,0.93225,1.46,1
2014.09.10,00:50:38.749,0.93235,0.93225,1.64,1
2014.09.10,00:50:39.055,0.93235,0.93225,1.26,1
2014.09.10,00:50:39.360,0.93232,0.9322,1.47,2.59
2014.09.10,00:50:39.462,0.93232,0.9322,1.45,1
2014.09.10,00:50:39.614,0.93233,0.9322,1.2,1.17
2014.09.10,00:50:39.665,0.93233,0.9322,1.45,1.2
2014.09.10,00:50:44.157,0.93233,0.9322,1.46,1.01
2014.09.10,00:50:44.490,0.93233,0.9322,1.62,1.46
2014.09.10,00:50:44.997,0.93234,0.93223,1.66,1
2014.09.10,00:50:45.546,0.93235,0.93223,1.46,1.12
2014.09.10,00:50:45.699,0.93235,0.93223,1.12,1.46
2014.09.10,00:50:45.852,0.93237,0.93225,1.12,1.57
2014.09.10,00:50:48.782,0.93237,0.93225,1.37,1.09
2014.09.10,00:50:49.289,0.93237,0.93225,2.14,1.1
2014.09.10,00:50:56.501,0.93237,0.93225,1.39,1.1
2014.09.10,00:50:57.008,0.93237,0.93225,1.39,1.1
2014.09.10,00:50:58.429,0.93238,0.93228,1.56,1
2014.09.10,00:50:58.835,0.93238,0.93225,2.14,1.17
2014.09.10,00:51:01.604,0.93238,0.93224,2.06,2.59
2014.09.10,00:51:02.394,0.93238,0.93224,1.7,3.34
2014.09.10,00:51:02.996,0.93238,0.93224,1.46,3.34
2014.09.10,00:51:05.107,0.93238,0.93224,2.21,2.96
2014.09.10,00:51:05.817,0.93238,0.93225,1.62,2.59
2014.09.10,00:51:06.325,0.93237,0.93225,1.12,2.59
2014.09.10,00:51:06.832,0.93237,0.93225,1.62,1.65
2014.09.10,00:51:07.338,0.93237,0.93225,1.31,1.65
2014.09.10,00:51:08.049,0.93237,0.93225,1.39,1.57
2014.09.10,00:51:09.123,0.93237,0.93225,1.39,1.57
2014.09.10,00:51:15.311,0.93237,0.93225,1.39,1.57
2014.09.10,00:51:17.329,0.93237,0.93225,1.39,1.57
2014.09.10,00:51:19.125,0.93237,0.93225,1.1,1.76
2014.09.10,00:51:19.632,0.93237,0.93225,1.12,2.14
2014.09.10,00:51:20.550,0.93237,0.93225,1,2.14
2014.09.10,00:51:20.855,0.9324,0.93228,1.01,1.2
2014.09.10,00:51:21.160,0.9324,0.93233,1,1
2014.09.10,00:51:21.363,0.93245,0.93235,1,1.16
2014.09.10,00:51:21.465,0.93247,0.93235,2.51,1.1
2014.09.10,00:51:27.145,0.93247,0.93238,1.29,1
2014.09.10,00:51:27.349,0.93247,0.93235,2.89,1.57
2014.09.10,00:51:27.754,0.93246,0.93235,1.66,1
2014.09.10,00:51:28.007,0.93246,0.93232,3.71,1.84
2014.09.10,00:51:31.657,0.93245,0.93232,1.64,1.65
2014.09.10,00:51:35.646,0.93245,0.93232,1.76,1.07
2014.09.10,00:51:38.031,0.93242,0.93231,1,1.4
2014.09.10,00:51:38.082,0.93242,0.93231,1,1.01
2014.09.10,00:51:38.834,0.93245,0.93233,2.21,1
2014.09.10,00:51:42.776,0.93242,0.93231,1,1.57
2014.09.10,00:51:43.457,0.93242,0.93231,1,1.07
2014.09.10,00:51:44.067,0.93242,0.93231,1.12,1.2
2014.09.10,00:51:47.373,0.93242,0.93231,1.37,1.1
2014.09.10,00:51:47.886,0.93242,0.93231,1.12,1.17
2014.09.10,00:51:48.475,0.93242,0.93231,1.12,1.1
2014.09.10,00:51:51.499,0.93242,0.93231,1.12,1.17
2014.09.10,00:51:51.909,0.93242,0.93231,1.37,1.1
2014.09.10,00:51:52.416,0.93242,0.9323,2.14,1.1
2014.09.10,00:51:54.088,0.93242,0.9323,1.39,1.1
2014.09.10,00:51:55.015,0.93242,0.9323,1.39,1.1
2014.09.10,00:52:00.817,0.9324,0.9323,1,1.1
2014.09.10,00:52:01.426,0.9324,0.9323,1,1.07
2014.09.10,00:52:01.477,0.93242,0.9323,1.31,1.57
2014.09.10,00:52:04.187,0.93242,0.9323,1.2,1.76
2014.09.10,00:52:04.796,0.93242,0.9323,1.12,1.84
2014.09.10,00:52:08.126,0.93242,0.9323,1.37,1.84
2014.09.10,00:52:08.330,0.93242,0.9323,1,1.84
2014.09.10,00:52:13.345,0.93242,0.9323,1.2,1.76
2014.09.10,00:52:16.922,0.93242,0.9323,1.46,1.5
2014.09.10,00:52:21.213,0.93242,0.9323,1.2,1.76
2014.09.10,00:52:21.788,0.93242,0.9323,1.27,1.69
2014.09.10,00:52:22.535,0.93242,0.9323,1,1.09
2014.09.10,00:52:23.109,0.93242,0.9323,1.1,1.01
2014.09.10,00:52:24.033,0.93242,0.9323,1.12,1.09
2014.09.10,00:52:24.864,0.93242,0.9323,1.2,1.01
2014.09.10,00:52:29.399,0.93242,0.9323,1.47,1.01
2014.09.10,00:52:29.914,0.93242,0.9323,1.12,1.09
2014.09.10,00:52:31.386,0.93244,0.93233,2.96,1
2014.09.10,00:52:32.769,0.93245,0.93233,2.21,1
2014.09.10,00:52:33.074,0.93243,0.93233,1.66,1
2014.09.10,00:52:33.125,0.93243,0.9323,2.14,1.07
2014.09.10,00:52:33.479,0.93241,0.9323,1.39,1
2014.09.10,00:52:33.581,0.93241,0.93228,1.46,1.5
2014.09.10,00:52:35.254,0.93239,0.93227,1.46,1
2014.09.10,00:52:35.866,0.93239,0.93227,1.56,1.07
2014.09.10,00:52:36.474,0.93239,0.93227,1.56,1.17
2014.09.10,00:52:37.966,0.9324,0.93227,1.56,1.27
2014.09.10,00:52:38.605,0.9324,0.93227,1.66,1.27
2014.09.10,00:52:39.470,0.93241,0.93227,2.21,2.21
2014.09.10,00:52:39.774,0.93242,0.9323,2.21,1
2014.09.10,00:52:43.285,0.93242,0.9323,2.14,1.1
2014.09.10,00:52:43.791,0.93242,0.9323,2.14,1.1
2014.09.10,00:52:44.114,0.93242,0.9323,1.31,1.15
2014.09.10,00:52:45.761,0.93242,0.9323,1.12,1.09
2014.09.10,00:52:46.065,0.93242,0.9323,1.37,1.09
2014.09.10,00:52:46.575,0.93242,0.9323,1.37,1.09
2014.09.10,00:52:49.625,0.93242,0.9323,1.62,1.17
2014.09.10,00:52:51.782,0.93242,0.9323,1.62,1
2014.09.10,00:52:52.359,0.93242,0.9323,1.39,1.1
2014.09.10,00:52:52.870,0.93242,0.9323,1.39,1.1
2014.09.10,00:52:54.093,0.93242,0.9323,1.39,1.1
2014.09.10,00:52:54.635,0.93242,0.9323,1.39,1.1
2014.09.10,00:52:55.901,0.93242,0.9323,1,1.09
2014.09.10,00:52:56.205,0.93245,0.93233,2.21,1
2014.09.10,00:52:57.938,0.93245,0.93233,2.21,1
2014.09.10,00:52:58.451,0.93245,0.93233,2.21,1
2014.09.10,00:52:58.757,0.93247,0.93235,1.5,1.35
2014.09.10,00:52:59.061,0.9325,0.93238,1.25,1.15
2014.09.10,00:53:00.022,0.93253,0.93239,2.59,1.17
2014.09.10,00:53:00.564,0.93253,0.93239,2.51,1.15
2014.09.10,00:53:01.146,0.93253,0.93239,2.89,2.02
2014.09.10,00:53:02.008,0.93253,0.93239,2.89,2.21
2014.09.10,00:53:02.571,0.93253,0.93239,2.89,2.21
2014.09.10,00:53:03.079,0.93253,0.93239,2.81,2.21
2014.09.10,00:53:04.073,0.93253,0.93239,2.06,2.96
2014.09.10,00:53:05.944,0.93253,0.93239,1.87,2.21
2014.09.10,00:53:06.665,0.93253,0.93239,2.06,2.96
2014.09.10,00:53:07.382,0.93253,0.93239,2.06,2.96
2014.09.10,00:53:07.990,0.93253,0.93239,2.06,2.96
2014.09.10,00:53:08.506,0.93253,0.9324,1.87,1.74
2014.09.10,00:53:09.078,0.93253,0.9324,1.87,1.71
2014.09.10,00:53:09.585,0.93253,0.93239,1.87,2.21
2014.09.10,00:53:10.648,0.93253,0.9324,1.87,1.71
2014.09.10,00:53:11.260,0.93253,0.9324,1.37,1.71
2014.09.10,00:53:11.768,0.93255,0.93243,2.06,1.17
2014.09.10,00:53:12.296,0.93255,0.93243,2.14,1.1
2014.09.10,00:53:12.896,0.93255,0.93243,2.06,1.17
2014.09.10,00:53:13.405,0.93255,0.93243,2.14,1.1
2014.09.10,00:53:14.675,0.93255,0.93243,2.06,1.17
2014.09.10,00:53:16.190,0.93255,0.93243,2.06,1.2
2014.09.10,00:53:17.098,0.93255,0.93243,1.62,1.07
2014.09.10,00:53:17.872,0.93255,0.93243,1.39,1.1
2014.09.10,00:53:18.394,0.93255,0.93243,1.62,1.17
2014.09.10,00:53:18.902,0.93255,0.93243,1.62,1
2014.09.10,00:53:19.208,0.93255,0.93244,1,1.65
2014.09.10,00:53:19.513,0.93258,0.9325,1.12,1
2014.09.10,00:53:19.986,0.93258,0.9325,1.37,1
2014.09.10,00:53:20.189,0.93258,0.9325,1,1
2014.09.10,00:53:20.306,0.93257,0.93248,2.4,1
2014.09.10,00:53:20.408,0.93255,0.93246,1,1
2014.09.10,00:53:20.611,0.93254,0.93243,1,1.17
2014.09.10,00:53:21.017,0.93254,0.93245,1.37,1.1
2014.09.10,00:53:21.523,0.93256,0.93245,1.66,1
2014.09.10,00:53:32.848,0.93256,0.93245,1.74,1
2014.09.10,00:53:33.304,0.93256,0.93245,1.74,1
2014.09.10,00:53:34.749,0.93255,0.93245,1.66,1
2014.09.10,00:53:35.926,0.93257,0.93246,1.71,1
2014.09.10,00:53:36.028,0.93257,0.93246,1.29,1
2014.09.10,00:53:40.201,0.93257,0.93247,1.29,1.1
2014.09.10,00:53:40.252,0.93258,0.93249,1,1
2014.09.10,00:53:40.759,0.9326,0.93249,1.46,1
2014.09.10,00:53:42.146,0.9326,0.93249,1.74,1
2014.09.10,00:53:42.197,0.9326,0.93247,1.74,1.1
2014.09.10,00:53:43.056,0.9326,0.93247,1.74,1.1
2014.09.10,00:53:43.563,0.9326,0.93247,1.46,1.76
2014.09.10,00:53:43.665,0.93261,0.9325,1.26,1
2014.09.10,00:53:44.639,0.93262,0.9325,1.71,1
2014.09.10,00:53:45.150,0.93262,0.9325,1.71,1
2014.09.10,00:53:46.149,0.93262,0.93251,1.74,1
2014.09.10,00:53:46.656,0.93262,0.93251,1.74,1
2014.09.10,00:53:46.920,0.93262,0.93251,1.74,1
