Time,Ask,Bid,AskVolume,BidVolume,
2014.09.10,00:00:00.287,106.123,106.122,1,1
2014.09.10,00:00:00.844,106.124,106.122,1.5,1
2014.09.10,00:00:01.551,106.124,106.121,1,1
2014.09.10,00:00:01.957,106.124,106.119,1.5,6.75
2014.09.10,00:00:03.201,106.124,106.12,6.75,1
2014.09.10,00:00:03.706,106.123,106.119,1,1.5
2014.09.10,00:00:04.692,106.122,106.119,1,1.5
2014.09.10,00:00:05.512,106.121,106.119,1,1.5
2014.09.10,00:00:07.369,106.121,106.12,1,1
2014.09.10,00:00:07.470,106.123,106.122,1,1
2014.09.10,00:00:07.622,106.125,106.122,1.5,1
2014.09.10,00:00:08.128,106.125,106.123,2.25,1
2014.09.10,00:00:08.280,106.125,106.121,2.25,1.5
2014.09.10,00:00:08.381,106.125,106.124,1.5,1
2014.09.10,00:00:09.039,106.125,106.122,2.25,1
2014.09.10,00:00:09.594,106.123,106.122,1,1
2014.09.10,00:00:10.100,106.122,106.121,1,1.5
2014.09.10,00:00:11.441,106.124,106.121,2.25,1.5
2014.09.10,00:00:11.946,106.125,106.121,3,1.5
2014.09.10,00:00:12.805,106.125,106.122,1.5,1.5
2014.09.10,00:00:14.622,106.125,106.123,1,1
2014.09.10,00:00:16.487,106.127,106.125,3,1
2014.09.10,00:00:16.791,106.129,106.127,1,2.25
2014.09.10,00:00:17.297,106.13,106.128,1,1
2014.09.10,00:00:17.500,106.132,106.128,3,1.5
2014.09.10,00:00:18.008,106.131,106.128,4.5,1
2014.09.10,00:00:18.922,106.132,106.129,2.25,1
2014.09.10,00:00:19.439,106.131,106.128,1,1.5
2014.09.10,00:00:19.894,106.133,106.129,2.25,2.25
2014.09.10,00:00:22.676,106.133,106.13,1,1
2014.09.10,00:00:24.141,106.134,106.131,3.75,1
2014.09.10,00:00:24.646,106.135,106.131,6.75,1.5
2014.09.10,00:00:25.148,106.134,106.131,1,1.5
2014.09.10,00:00:25.653,106.135,106.131,6.94,1.5
2014.09.10,00:00:27.145,106.135,106.132,6.19,1
2014.09.10,00:00:27.660,106.135,106.131,6.94,1.5
2014.09.10,00:00:28.421,106.134,106.131,3.75,1.25
2014.09.10,00:00:30.424,106.135,106.131,3.94,1.69
2014.09.10,00:00:30.929,106.135,106.132,1.5,1.69
2014.09.10,00:00:31.232,106.134,106.131,2.44,1.5
2014.09.10,00:00:31.737,106.133,106.13,1.25,1.5
2014.09.10,00:00:34.094,106.133,106.129,2.44,3.19
2014.09.10,00:00:35.112,106.133,106.129,3.19,2.25
2014.09.10,00:00:35.621,106.133,106.13,3.19,1
2014.09.10,00:00:36.818,106.133,106.13,3.19,1
2014.09.10,00:00:39.140,106.132,106.13,1.25,1
2014.09.10,00:00:41.517,106.131,106.13,1,1
2014.09.10,00:00:43.488,106.133,106.13,3.19,1
2014.09.10,00:00:43.791,106.131,106.128,1.5,2.44
2014.09.10,00:00:49.403,106.132,106.129,2.44,1
2014.09.10,00:00:49.909,106.132,106.129,2.44,1
2014.09.10,00:00:50.428,106.132,106.13,1,1
2014.09.10,00:00:53.106,106.133,106.13,1.5,1
2014.09.10,00:00:57.303,106.134,106.131,5.44,1
2014.09.10,00:00:57.844,106.134,106.13,5.44,2.44
2014.09.10,00:01:01.349,106.134,106.131,5.44,1
2014.09.10,00:01:02.532,106.134,106.13,5.44,3.19
2014.09.10,00:01:02.835,106.134,106.132,5.44,1
2014.09.10,00:01:03.339,106.134,106.131,5.44,1
2014.09.10,00:01:04.152,106.133,106.132,1,1
2014.09.10,00:01:04.656,106.134,106.132,3.75,1
2014.09.10,00:01:05.557,106.133,106.132,1,1
2014.09.10,00:01:06.755,106.134,106.132,3.94,1
2014.09.10,00:01:07.282,106.135,106.132,1,1
2014.09.10,00:01:09.174,106.136,106.132,2.25,1
2014.09.10,00:01:09.681,106.135,106.132,1,1.69
2014.09.10,00:01:10.452,106.134,106.131,1,3.94
2014.09.10,00:01:11.190,106.134,106.131,1,3.19
2014.09.10,00:01:12.182,106.136,106.131,8.44,3.19
2014.09.10,00:01:15.919,106.136,106.132,6.94,1
2014.09.10,00:01:20.609,106.136,106.132,6,1
2014.09.10,00:01:25.223,106.137,106.132,9.19,2.25
2014.09.10,00:01:25.739,106.137,106.133,8.44,1
2014.09.10,00:01:26.921,106.137,106.134,6.19,1.5
2014.09.10,00:01:27.225,106.141,106.14,4.5,1.5
2014.09.10,00:01:27.276,106.143,106.141,1.5,1
2014.09.10,00:01:27.377,106.144,106.142,3.75,1
2014.09.10,00:01:27.529,106.146,106.144,5.25,1
2014.09.10,00:01:27.630,106.147,106.144,5.25,2.69
2014.09.10,00:01:27.732,106.15,106.147,6,2.69
2014.09.10,00:01:27.934,106.152,106.148,5.44,3.19
2014.09.10,00:01:28.187,106.153,106.15,1.69,1.5
2014.09.10,00:01:28.894,106.154,106.15,5.44,1
2014.09.10,00:01:29.198,106.153,106.15,2.44,1
2014.09.10,00:01:29.702,106.153,106.15,1.25,1
2014.09.10,00:01:30.207,106.154,106.151,2.44,1
2014.09.10,00:01:33.319,106.153,106.151,1,1
2014.09.10,00:01:33.825,106.153,106.15,1,1.5
2014.09.10,00:01:35.663,106.152,106.15,1.25,1
2014.09.10,00:01:36.675,106.153,106.15,1.69,1
2014.09.10,00:01:37.914,106.152,106.15,1,1
2014.09.10,00:01:38.267,106.151,106.148,2.25,1.5
2014.09.10,00:01:38.822,106.15,106.148,1.5,1
2014.09.10,00:01:38.924,106.152,106.149,5.62,1.25
2014.09.10,00:01:39.025,106.152,106.151,1.5,1
2014.09.10,00:01:39.126,106.154,106.151,1.69,1
2014.09.10,00:01:39.631,106.154,106.15,1.25,1.69
2014.09.10,00:01:40.137,106.153,106.148,3.75,1.69
2014.09.10,00:01:40.188,106.152,106.15,1,1
2014.09.10,00:01:40.695,106.153,106.15,1,1.5
2014.09.10,00:01:40.999,106.151,106.149,1.5,1.25
2014.09.10,00:01:41.504,106.152,106.149,2.25,1.25
2014.09.10,00:01:42.010,106.154,106.15,3.94,1
2014.09.10,00:01:45.487,106.154,106.15,3.75,1
2014.09.10,00:01:48.184,106.154,106.15,4.69,1
2014.09.10,00:01:49.206,106.154,106.15,3,1.5
2014.09.10,00:01:50.529,106.153,106.15,1,1.5
2014.09.10,00:01:53.277,106.154,106.15,1.5,1.5
2014.09.10,00:01:53.783,106.154,106.15,2.25,2.44
2014.09.10,00:01:54.291,106.154,106.15,3.19,1.69
2014.09.10,00:01:55.393,106.154,106.149,2.44,1.5
2014.09.10,00:01:56.837,106.154,106.15,2.44,1
2014.09.10,00:01:57.342,106.154,106.151,2.44,1
2014.09.10,00:02:06.168,106.155,106.151,1,1
2014.09.10,00:02:06.673,106.154,106.151,1,1.69
2014.09.10,00:02:07.567,106.155,106.152,1.25,1
2014.09.10,00:02:08.078,106.156,106.153,2.44,1
2014.09.10,00:02:08.584,106.156,106.152,2.44,1.69
2014.09.10,00:02:09.257,106.156,106.153,1.69,1.5
2014.09.10,00:02:10.859,106.157,106.153,3.94,1.69
2014.09.10,00:02:11.371,106.157,106.154,1.25,1
2014.09.10,00:02:14.080,106.157,106.155,1,1
2014.09.10,00:02:14.585,106.158,106.154,1.5,2.25
2014.09.10,00:02:15.292,106.158,106.155,1,1
2014.09.10,00:02:15.819,106.158,106.154,1.5,2.25
2014.09.10,00:02:18.392,106.157,106.154,1,1.5
2014.09.10,00:02:19.177,106.157,106.155,1,1
2014.09.10,00:02:19.581,106.158,106.156,1.25,1
2014.09.10,00:02:20.288,106.158,106.157,1,1.5
2014.09.10,00:02:20.792,106.159,106.157,1,1.69
2014.09.10,00:02:21.297,106.16,106.157,1.5,1.69
2014.09.10,00:02:23.393,106.161,106.157,3.75,1.5
2014.09.10,00:02:23.696,106.159,106.157,1,2.25
2014.09.10,00:02:24.657,106.16,106.156,3,3.94
2014.09.10,00:02:29.109,106.16,106.156,2.44,4.69
2014.09.10,00:02:29.615,106.16,106.157,1.5,1
2014.09.10,00:02:30.224,106.16,106.156,1.5,3.19
2014.09.10,00:02:31.196,106.16,106.157,1.69,1
2014.09.10,00:02:31.608,106.162,106.158,2.44,1
2014.09.10,00:02:32.122,106.162,106.159,1,1.5
2014.09.10,00:02:32.650,106.162,106.16,1,1
2014.09.10,00:02:33.214,106.164,106.16,1.69,3
2014.09.10,00:02:33.619,106.162,106.16,1,1.5
2014.09.10,00:02:34.124,106.162,106.159,1.5,1.25
2014.09.10,00:02:34.650,106.162,106.158,2.44,4.69
2014.09.10,00:02:35.520,106.162,106.158,1.5,5.44
2014.09.10,00:02:36.128,106.163,106.159,2.25,2.44
2014.09.10,00:02:36.431,106.163,106.161,2.25,1
2014.09.10,00:02:36.533,106.163,106.159,2.25,3.19
2014.09.10,00:02:36.887,106.164,106.162,2.25,1
2014.09.10,00:02:37.392,106.163,106.162,1,1
2014.09.10,00:02:37.899,106.164,106.162,2.44,1
2014.09.10,00:02:38.404,106.163,106.162,1,1
2014.09.10,00:02:38.909,106.164,106.162,1.5,1
2014.09.10,00:02:39.418,106.163,106.161,1,1.5
2014.09.10,00:02:46.222,106.164,106.161,1.5,1.5
2014.09.10,00:02:48.020,106.164,106.16,1,3.19
2014.09.10,00:02:49.472,106.164,106.161,1,1.25
2014.09.10,00:02:50.228,106.164,106.16,1,2.25
2014.09.10,00:02:50.748,106.164,106.161,1.5,1.25
2014.09.10,00:02:52.067,106.164,106.162,1,1
2014.09.10,00:02:52.571,106.165,106.162,1.25,1
2014.09.10,00:02:52.934,106.166,106.165,2.25,1
2014.09.10,00:02:53.187,106.169,106.165,3.94,2.44
2014.09.10,00:02:54.246,106.168,106.165,1,3.19
2014.09.10,00:02:54.751,106.169,106.166,1,2.44
2014.09.10,00:02:55.962,106.17,106.167,1,1
2014.09.10,00:02:57.072,106.17,106.166,3,3
2014.09.10,00:02:57.577,106.169,106.166,1,2.25
2014.09.10,00:02:58.166,106.17,106.166,2.25,2.25
2014.09.10,00:02:58.856,106.169,106.166,1,2.44
2014.09.10,00:03:00.973,106.168,106.166,1,1.69
2014.09.10,00:03:01.851,106.167,106.165,1,2.44
2014.09.10,00:03:01.953,106.166,106.164,1,1.69
2014.09.10,00:03:02.105,106.164,106.161,1,1.5
2014.09.10,00:03:02.610,106.164,106.16,3.19,1.69
2014.09.10,00:03:03.872,106.164,106.161,2.44,1
2014.09.10,00:03:04.175,106.163,106.159,1.5,2.25
2014.09.10,00:03:04.377,106.159,106.157,1,1.25
2014.09.10,00:03:05.134,106.159,106.156,1.5,1
2014.09.10,00:03:05.438,106.157,106.154,3,1
2014.09.10,00:03:05.943,106.156,106.153,1,1.69
2014.09.10,00:03:06.700,106.155,106.152,1,2.44
2014.09.10,00:03:07.585,106.155,106.152,1.5,2.44
2014.09.10,00:03:09.671,106.154,106.152,1,3.19
2014.09.10,00:03:14.067,106.155,106.152,1,2.44
2014.09.10,00:03:22.709,106.156,106.152,2.44,3.19
2014.09.10,00:03:31.547,106.155,106.151,1,2.44
2014.09.10,00:03:32.061,106.155,106.151,2.44,1.25
2014.09.10,00:03:32.729,106.155,106.151,2.44,1
2014.09.10,00:03:33.248,106.155,106.151,2.44,1.5
2014.09.10,00:03:34.780,106.154,106.151,1,1.5
2014.09.10,00:03:35.295,106.154,106.152,1,1
2014.09.10,00:03:38.473,106.154,106.151,1.25,1
2014.09.10,00:03:40.115,106.154,106.152,1.25,1
2014.09.10,00:03:40.619,106.154,106.151,1.25,1.5
2014.09.10,00:03:43.323,106.154,106.152,1.25,1
2014.09.10,00:03:44.087,106.154,106.151,1.25,1
2014.09.10,00:03:47.519,106.153,106.151,1,1.69
2014.09.10,00:03:49.128,106.153,106.15,1.25,2.25
2014.09.10,00:03:49.432,106.152,106.149,3.19,1
2014.09.10,00:03:49.786,106.151,106.147,2.44,2.44
2014.09.10,00:03:49.887,106.149,106.146,1.69,2.25
2014.09.10,00:03:49.988,106.148,106.144,2.44,3.94
2014.09.10,00:03:50.493,106.147,106.145,1,1
2014.09.10,00:03:50.998,106.147,106.144,1,1.25
2014.09.10,00:03:53.035,106.146,106.144,1,1
2014.09.10,00:03:54.516,106.147,106.144,1.25,1
2014.09.10,00:03:55.076,106.147,106.145,1.25,1
2014.09.10,00:03:55.581,106.148,106.144,1.69,4.69
2014.09.10,00:03:56.087,106.15,106.147,1.5,1.5
2014.09.10,00:03:56.289,106.152,106.149,1.5,1
2014.09.10,00:03:56.542,106.154,106.15,1.5,3.75
2014.09.10,00:03:56.694,106.156,106.152,1,1
2014.09.10,00:03:57.200,106.156,106.153,1.25,1
2014.09.10,00:03:57.708,106.157,106.153,3.19,1.25
2014.09.10,00:04:00.613,106.157,106.154,1.5,1.25
2014.09.10,00:04:01.118,106.158,106.154,1.69,1.69
2014.09.10,00:04:03.521,106.157,106.154,1,1.69
2014.09.10,00:04:07.192,106.156,106.154,1,1
2014.09.10,00:04:11.552,106.157,106.154,1.5,1
2014.09.10,00:04:13.335,106.156,106.154,1,1
2014.09.10,00:04:13.845,106.156,106.153,1,1.25
2014.09.10,00:04:14.552,106.156,106.152,1,3
2014.09.10,00:04:15.713,106.155,106.152,1,1.5
2014.09.10,00:04:16.218,106.154,106.152,1,1
2014.09.10,00:04:16.724,106.154,106.151,1,1
2014.09.10,00:04:17.239,106.156,106.152,2.44,1
2014.09.10,00:04:17.779,106.155,106.151,1.69,3.94
2014.09.10,00:04:18.284,106.155,106.152,1.69,1
2014.09.10,00:04:27.155,106.155,106.151,1.69,3.94
2014.09.10,00:04:28.875,106.155,106.151,1.5,3.94
2014.09.10,00:04:29.798,106.155,106.151,1,2.25
2014.09.10,00:04:31.470,106.155,106.152,1,1
2014.09.10,00:04:31.981,106.156,106.152,3.19,1.5
2014.09.10,00:04:41.093,106.155,106.152,1,3.19
2014.09.10,00:04:42.504,106.156,106.153,1,1
2014.09.10,00:04:44.814,106.156,106.152,1.5,2.25
2014.09.10,00:04:45.590,106.155,106.152,1.5,1
2014.09.10,00:04:46.095,106.156,106.152,1.25,1.25
2014.09.10,00:04:47.859,106.157,106.152,3.19,1.69
2014.09.10,00:04:48.942,106.157,106.152,2.44,1
2014.09.10,00:04:52.404,106.157,106.153,1.69,1
2014.09.10,00:04:52.920,106.157,106.152,2.44,1
2014.09.10,00:04:53.769,106.157,106.153,1.25,1
2014.09.10,00:04:54.816,106.156,106.153,1,1
2014.09.10,00:04:55.321,106.156,106.152,1.5,2.25
2014.09.10,00:04:56.043,106.156,106.153,1.5,1
2014.09.10,00:04:57.421,106.156,106.152,2.44,2.44
2014.09.10,00:04:57.954,106.156,106.153,1.69,1
2014.09.10,00:04:59.309,106.156,106.152,1.5,2.25
2014.09.10,00:04:59.826,106.156,106.153,1,1
2014.09.10,00:05:00.335,106.157,106.153,2.44,1
2014.09.10,00:05:00.688,106.155,106.152,1,1.5
2014.09.10,00:05:01.615,106.155,106.151,1.69,2.44
2014.09.10,00:05:02.027,106.156,106.153,1,1
2014.09.10,00:05:02.533,106.157,106.152,3.19,2.25
2014.09.10,00:05:03.059,106.156,106.152,1.25,2.44
2014.09.10,00:05:05.828,106.156,106.153,1,1
2014.09.10,00:05:06.440,106.156,106.154,1,1
2014.09.10,00:05:06.957,106.157,106.153,3.19,2.25
2014.09.10,00:05:07.663,106.157,106.153,2.25,2.25
2014.09.10,00:05:08.236,106.157,106.154,1.5,1
2014.09.10,00:05:08.740,106.158,106.154,3.19,1.5
2014.09.10,00:05:09.816,106.158,106.154,2.44,1.5
2014.09.10,00:05:12.775,106.158,106.155,2.44,1
2014.09.10,00:05:13.281,106.158,106.156,1.25,1.5
2014.09.10,00:05:14.493,106.159,106.156,2.44,1
2014.09.10,00:05:14.838,106.16,106.158,1.25,1
2014.09.10,00:05:15.093,106.162,106.158,1,2.25
2014.09.10,00:05:18.321,106.162,106.158,3.19,1
2014.09.10,00:05:20.606,106.16,106.158,1,1
2014.09.10,00:05:21.112,106.16,106.157,1,2.44
2014.09.10,00:05:21.619,106.16,106.156,3.19,1.69
2014.09.10,00:05:22.755,106.16,106.157,1.69,1
2014.09.10,00:05:22.957,106.161,106.159,1.5,1
2014.09.10,00:05:23.109,106.163,106.161,2.25,2.25
2014.09.10,00:05:23.261,106.165,106.162,1.25,1
2014.09.10,00:05:23.854,106.164,106.162,1,1
2014.09.10,00:05:23.955,106.164,106.16,2.44,2.44
2014.09.10,00:05:24.461,106.165,106.161,3.19,2.25
2014.09.10,00:05:24.965,106.164,106.162,1,1
2014.09.10,00:05:25.480,106.164,106.161,1.5,1.5
2014.09.10,00:05:27.723,106.164,106.162,1,1
2014.09.10,00:05:28.228,106.165,106.16,4.69,1.69
2014.09.10,00:05:28.481,106.163,106.16,1,1.19
2014.09.10,00:05:28.595,106.165,106.161,4.69,1.25
2014.09.10,00:05:30.017,106.165,106.159,4.69,4.69
2014.09.10,00:05:30.124,106.162,106.159,1,2.25
2014.09.10,00:05:30.630,106.163,106.16,1,1
2014.09.10,00:05:31.149,106.163,106.159,1.5,1
2014.09.10,00:05:32.477,106.163,106.159,1,3.94
2014.09.10,00:05:33.889,106.163,106.161,1.69,1
2014.09.10,00:05:34.611,106.163,106.16,2.44,1
2014.09.10,00:05:35.122,106.163,106.161,1.69,1
2014.09.10,00:05:36.637,106.163,106.16,1.5,1
2014.09.10,00:05:37.181,106.163,106.161,1,1
2014.09.10,00:05:38.086,106.158,106.157,1,2.25
2014.09.10,00:05:38.239,106.156,106.155,1.69,1
2014.09.10,00:05:38.290,106.154,106.152,1,1.69
2014.09.10,00:05:38.544,106.154,106.15,1,1.25
2014.09.10,00:05:39.418,106.154,106.151,1,1
2014.09.10,00:05:39.938,106.154,106.15,1.5,1.5
2014.09.10,00:05:43.641,106.154,106.152,2.44,1
2014.09.10,00:05:43.742,106.157,106.154,4.69,1
2014.09.10,00:05:43.843,106.156,106.152,1,6
2014.09.10,00:05:44.349,106.154,106.152,1,1
2014.09.10,00:05:46.103,106.154,106.15,1,2.44
2014.09.10,00:05:46.609,106.154,106.15,1,1.69
2014.09.10,00:05:47.265,106.154,106.151,1.69,1
2014.09.10,00:05:47.913,106.154,106.15,1.69,1.25
2014.09.10,00:05:48.217,106.15,106.148,1.25,1
2014.09.10,00:05:48.469,106.149,106.146,1,3.94
2014.09.10,00:05:49.290,106.15,106.146,2.25,2.25
2014.09.10,00:05:49.930,106.15,106.147,1.5,1
2014.09.10,00:05:51.467,106.15,106.148,1.5,1
2014.09.10,00:05:51.619,106.15,106.149,1,1.5
2014.09.10,00:05:51.771,106.154,106.151,1.69,1
2014.09.10,00:05:52.446,106.153,106.151,1,1
2014.09.10,00:05:52.956,106.153,106.15,1,3.19
2014.09.10,00:05:53.472,106.154,106.15,1.69,3.19
2014.09.10,00:05:54.128,106.154,106.151,1,1
2014.09.10,00:05:54.634,106.154,106.15,1.5,2.44
2014.09.10,00:05:55.753,106.154,106.151,1,1
2014.09.10,00:05:56.358,106.154,106.15,1.5,2.44
2014.09.10,00:05:56.862,106.155,106.15,1.69,4.69
2014.09.10,00:05:57.171,106.155,106.153,1.25,1
2014.09.10,00:05:57.677,106.155,106.152,1,4.5
2014.09.10,00:05:59.855,106.155,106.151,1,2.44
2014.09.10,00:06:00.158,106.155,106.153,1,1
2014.09.10,00:06:00.775,106.155,106.152,1,4.5
2014.09.10,00:06:05.552,106.154,106.151,1,6.56
2014.09.10,00:06:06.063,106.155,106.151,1,7.31
2014.09.10,00:06:06.750,106.154,106.151,1,7.31
2014.09.10,00:06:11.061,106.154,106.151,1,2.25
2014.09.10,00:06:14.276,106.153,106.151,1,1
2014.09.10,00:06:15.031,106.153,106.15,1.5,2.44
2014.09.10,00:06:15.551,106.153,106.149,2.25,1.69
2014.09.10,00:06:16.986,106.153,106.15,2.25,1
2014.09.10,00:06:18.161,106.153,106.151,1,1
2014.09.10,00:06:21.071,106.154,106.151,1.69,1
2014.09.10,00:06:21.586,106.153,106.15,1,2.44
2014.09.10,00:06:22.451,106.153,106.15,1,1.25
2014.09.10,00:06:23.127,106.154,106.15,1,1.25
2014.09.10,00:06:25.915,106.153,106.15,1,1.25
2014.09.10,00:06:30.334,106.154,106.151,1,1
2014.09.10,00:06:30.847,106.154,106.15,1,2.25
2014.09.10,00:06:33.641,106.154,106.151,1,1
2014.09.10,00:06:34.310,106.153,106.151,1,1
2014.09.10,00:06:34.512,106.155,106.151,2.44,1.69
2014.09.10,00:06:34.714,106.155,106.154,1,1.25
2014.09.10,00:06:34.816,106.158,106.154,3.19,1.25
2014.09.10,00:06:35.320,106.158,106.155,1,1.69
2014.09.10,00:06:35.623,106.16,106.156,2.25,1.5
2014.09.10,00:06:36.811,106.158,106.156,1,1
2014.09.10,00:06:37.227,106.162,106.159,1.69,1
2014.09.10,00:06:42.636,106.162,106.158,1,3
2014.09.10,00:06:43.163,106.162,106.159,1,1
2014.09.10,00:06:43.687,106.162,106.158,1,2.25
2014.09.10,00:06:43.738,106.16,106.158,1,1.5
2014.09.10,00:06:44.041,106.159,106.155,1.5,5.44
2014.09.10,00:06:44.244,106.158,106.154,1.5,3
2014.09.10,00:06:44.749,106.157,106.154,1,1.25
2014.09.10,00:06:45.354,106.158,106.154,4.69,1.25
2014.09.10,00:06:48.340,106.158,106.154,3.94,1
2014.09.10,00:06:49.668,106.158,106.154,3.94,1.25
2014.09.10,00:06:50.082,106.159,106.156,1.25,1
2014.09.10,00:06:50.386,106.161,106.156,4.69,1
2014.09.10,00:06:50.891,106.161,106.157,3.19,1.69
2014.09.10,00:06:50.942,106.161,106.159,1.69,1
2014.09.10,00:06:51.195,106.164,106.161,3.19,1
2014.09.10,00:06:51.652,106.161,106.159,1,3.19
2014.09.10,00:06:51.957,106.159,106.157,1.25,1
2014.09.10,00:06:52.159,106.158,106.155,1.5,6.94
2014.09.10,00:06:52.580,106.155,106.154,1.25,1
2014.09.10,00:06:52.883,106.154,106.151,2.5,6.19
2014.09.10,00:06:53.438,106.152,106.149,1,1
2014.09.10,00:06:53.944,106.153,106.149,2.44,1
2014.09.10,00:06:56.578,106.154,106.152,1,2.5
2014.09.10,00:06:56.629,106.156,106.153,3,1
2014.09.10,00:06:57.137,106.155,106.152,1,2.44
2014.09.10,00:06:59.396,106.152,106.151,1.5,4.12
2014.09.10,00:06:59.907,106.152,106.15,1.5,5.25
2014.09.10,00:07:01.672,106.152,106.149,2.44,1.5
2014.09.10,00:07:06.289,106.152,106.15,1,1
2014.09.10,00:07:07.124,106.153,106.15,1,2.44
2014.09.10,00:07:07.665,106.152,106.15,1,1.69
2014.09.10,00:07:08.224,106.154,106.15,3.94,1.5
2014.09.10,00:07:08.729,106.154,106.151,2.44,1
2014.09.10,00:07:14.432,106.155,106.151,2.44,1.25
2014.09.10,00:07:14.948,106.155,106.152,1,1
2014.09.10,00:07:17.182,106.156,106.152,3,1.5
2014.09.10,00:07:24.055,106.157,106.153,3.19,1
2014.09.10,00:07:26.223,106.156,106.153,1,1.25
2014.09.10,00:07:30.772,106.155,106.152,1,2.44
2014.09.10,00:07:31.288,106.154,106.152,1,1.69
2014.09.10,00:07:31.796,106.154,106.152,1,1.69
2014.09.10,00:07:32.856,106.155,106.152,1,1
2014.09.10,00:07:44.756,106.154,106.151,1.5,1.5
2014.09.10,00:07:44.807,106.153,106.151,1,1
2014.09.10,00:07:44.960,106.147,106.142,5.75,1
2014.09.10,00:07:45.062,106.144,106.14,1.25,1.69
2014.09.10,00:07:45.566,106.143,106.14,1.69,1
2014.09.10,00:07:46.273,106.144,106.14,3.19,1.69
2014.09.10,00:07:46.774,106.143,106.14,1,1.25
2014.09.10,00:07:47.279,106.144,106.141,1,1
2014.09.10,00:07:49.565,106.144,106.139,1.25,3.19
2014.09.10,00:07:50.103,106.144,106.141,1.25,1
2014.09.10,00:07:51.510,106.145,106.141,3.19,1
2014.09.10,00:07:52.575,106.144,106.141,1.25,1
2014.09.10,00:07:54.717,106.145,106.141,3.19,1
2014.09.10,00:07:56.698,106.144,106.14,1,1.5
2014.09.10,00:07:58.718,106.145,106.141,2.44,1
2014.09.10,00:07:59.222,106.145,106.141,3.19,1
2014.09.10,00:07:59.978,106.144,106.14,1.25,1.69
2014.09.10,00:08:00.484,106.144,106.141,1.25,1
2014.09.10,00:08:01.005,106.144,106.14,1.25,1.25
2014.09.10,00:08:01.509,106.145,106.141,2.44,1
2014.09.10,00:08:02.072,106.144,106.14,1,1
2014.09.10,00:08:02.609,106.142,106.139,1.5,1
2014.09.10,00:08:02.912,106.139,106.138,1,1.25
2014.09.10,00:08:03.064,106.139,106.135,1.5,2.25
2014.09.10,00:08:03.569,106.139,106.136,1.5,1
2014.09.10,00:08:04.101,106.138,106.136,1,1
2014.09.10,00:08:04.607,106.138,106.135,1.5,1.25
2014.09.10,00:08:05.818,106.139,106.135,3.19,1.69
2014.09.10,00:08:08.030,106.138,106.135,1,1.69
2014.09.10,00:08:08.744,106.139,106.135,1.69,1.69
2014.09.10,00:08:08.997,106.139,106.137,2.44,1
2014.09.10,00:08:09.149,106.142,106.139,1,1.25
2014.09.10,00:08:09.301,106.144,106.14,2.44,1.69
2014.09.10,00:08:11.288,106.143,106.14,1,1.25
2014.09.10,00:08:12.629,106.143,106.139,1.5,1
2014.09.10,00:08:12.730,106.14,106.138,1,1
2014.09.10,00:08:12.781,106.139,106.137,1.5,1.5
2014.09.10,00:08:12.984,106.138,106.135,1,1.69
2014.09.10,00:08:13.488,106.139,106.135,3.94,1.69
2014.09.10,00:08:15.340,106.138,106.135,1,1
2014.09.10,00:08:15.778,106.139,106.137,1,1
2014.09.10,00:08:15.981,106.143,106.14,1,2.44
2014.09.10,00:08:16.486,106.144,106.141,1.69,1
2014.09.10,00:08:17.975,106.145,106.141,3.19,1.69
2014.09.10,00:08:18.077,106.145,106.143,1,1
2014.09.10,00:08:18.178,106.147,106.144,2.44,1
2014.09.10,00:08:20.275,106.149,106.147,2.25,1
2014.09.10,00:08:20.427,106.151,106.148,1,2.25
2014.09.10,00:08:20.478,106.151,106.15,1,1
2014.09.10,00:08:20.731,106.15,106.148,1,1
2014.09.10,00:08:21.236,106.149,106.147,1,1
2014.09.10,00:08:22.050,106.149,106.146,1,2.44
2014.09.10,00:08:22.730,106.148,106.145,1,1.69
2014.09.10,00:08:23.244,106.149,106.146,1,1.25
2014.09.10,00:08:25.631,106.15,106.146,3.19,1.69
2014.09.10,00:08:26.835,106.15,106.148,1.25,1
2014.09.10,00:08:27.038,106.154,106.15,3,1.5
2014.09.10,00:08:27.543,106.153,106.15,1,7.69
2014.09.10,00:08:28.048,106.154,106.15,1.5,9.19
2014.09.10,00:08:28.250,106.152,106.15,1,7.5
2014.09.10,00:08:28.402,106.153,106.15,1.5,1
2014.09.10,00:08:28.453,106.151,106.149,1,1
2014.09.10,00:08:28.554,106.151,106.147,1,2.44
2014.09.10,00:08:28.807,106.152,106.148,1.5,1.69
2014.09.10,00:08:29.110,106.15,106.149,1,1.5
2014.09.10,00:08:29.313,106.147,106.144,1.5,1
2014.09.10,00:08:29.364,106.144,106.143,1,1
2014.09.10,00:08:29.515,106.144,106.141,1,1.25
2014.09.10,00:08:30.020,106.144,106.14,3.94,1.25
2014.09.10,00:08:30.071,106.142,106.139,1,1.19
2014.09.10,00:08:30.778,106.142,106.139,1,1.25
2014.09.10,00:08:31.488,106.142,106.138,3.19,3
2014.09.10,00:08:31.791,106.139,106.136,1.5,1
2014.09.10,00:08:32.316,106.139,106.135,1.5,5.25
2014.09.10,00:08:33.566,106.139,106.136,1,1
2014.09.10,00:08:33.718,106.141,106.137,3.94,1.5
2014.09.10,00:08:33.869,106.141,106.139,1.5,1
2014.09.10,00:08:34.223,106.143,106.14,1,1
2014.09.10,00:08:34.728,106.142,106.14,1,1.5
2014.09.10,00:08:35.133,106.144,106.14,1.69,1.5
2014.09.10,00:08:39.055,106.142,106.14,1,1.5
2014.09.10,00:08:39.802,106.142,106.141,1,1
2014.09.10,00:08:40.357,106.143,106.141,1,1
2014.09.10,00:08:40.862,106.143,106.14,1,1.5
2014.09.10,00:08:41.720,106.143,106.141,1,1
2014.09.10,00:08:42.224,106.144,106.14,1.25,3.19
2014.09.10,00:08:44.541,106.145,106.14,3.19,3.94
2014.09.10,00:08:45.046,106.144,106.142,1,1
2014.09.10,00:08:46.397,106.145,106.142,3.19,1.5
2014.09.10,00:08:47.104,106.145,106.143,1,1.5
2014.09.10,00:08:47.407,106.15,106.145,3,1
2014.09.10,00:08:47.508,106.151,106.148,1.5,1
2014.09.10,00:08:47.559,106.151,106.149,1.5,1
2014.09.10,00:08:48.099,106.152,106.15,1,2.25
2014.09.10,00:08:49.824,106.152,106.15,1,2.44
2014.09.10,00:08:51.925,106.151,106.148,2.25,3
2014.09.10,00:08:52.127,106.151,106.15,1,1
2014.09.10,00:08:52.330,106.154,106.152,1,1.69
2014.09.10,00:08:52.431,106.157,106.153,2.44,2.69
2014.09.10,00:08:52.936,106.154,106.153,1,1
2014.09.10,00:08:54.098,106.155,106.151,1,2.25
2014.09.10,00:08:57.078,106.153,106.151,1,1.25
2014.09.10,00:08:57.609,106.155,106.152,1,1
2014.09.10,00:09:12.507,106.153,106.151,1,1
2014.09.10,00:09:12.811,106.148,106.144,1.25,2.44
2014.09.10,00:09:12.862,106.148,106.144,1.69,1.69
2014.09.10,00:09:13.366,106.146,106.143,1,1.25
2014.09.10,00:09:13.873,106.147,106.143,3.19,1.69
2014.09.10,00:09:14.383,106.147,106.143,3.19,1.5
2014.09.10,00:09:16.172,106.147,106.144,1.69,1.5
2014.09.10,00:09:16.324,106.148,106.144,1.5,1.5
2014.09.10,00:09:16.375,106.148,106.145,1,1
2014.09.10,00:09:16.426,106.15,106.149,1,1.25
2014.09.10,00:09:16.931,106.151,106.15,1,1.25
2014.09.10,00:09:18.348,106.151,106.149,1,1
2014.09.10,00:09:18.853,106.151,106.148,2.25,1.25
2014.09.10,00:09:19.004,106.151,106.15,1.5,1
2014.09.10,00:09:25.652,106.152,106.15,1,2.44
2014.09.10,00:09:27.302,106.151,106.15,1,1.25
2014.09.10,00:09:27.403,106.15,106.148,1,2.25
2014.09.10,00:09:27.505,106.152,106.149,2.25,1
2014.09.10,00:09:27.556,106.152,106.15,1,1
2014.09.10,00:09:28.061,106.153,106.15,1.5,1
2014.09.10,00:09:29.756,106.153,106.149,1.5,1
2014.09.10,00:09:29.857,106.15,106.147,1.5,1.5
2014.09.10,00:09:30.009,106.143,106.141,2.5,1.69
2014.09.10,00:09:30.161,106.141,106.139,1,1
2014.09.10,00:09:30.212,106.14,106.136,2.25,1.69
2014.09.10,00:09:30.364,106.141,106.138,1.5,2.44
2014.09.10,00:09:30.566,106.143,106.139,1,1
2014.09.10,00:09:31.071,106.142,106.139,1.5,1.69
2014.09.10,00:09:31.576,106.142,106.138,1.69,2.44
2014.09.10,00:09:32.181,106.142,106.138,1.5,2.44
2014.09.10,00:09:37.320,106.143,106.14,1.69,1
2014.09.10,00:09:37.371,106.144,106.14,3.94,1.25
2014.09.10,00:09:38.901,106.143,106.139,1,3.19
2014.09.10,00:09:42.346,106.143,106.141,1.5,1
2014.09.10,00:09:42.852,106.143,106.14,1,1.5
2014.09.10,00:09:43.455,106.141,106.139,1,1.5
2014.09.10,00:09:43.607,106.14,106.138,1,2.44
2014.09.10,00:09:43.860,106.139,106.136,1,1.69
2014.09.10,00:09:44.366,106.139,106.135,1,1
2014.09.10,00:09:44.870,106.139,106.136,1,1
2014.09.10,00:09:45.022,106.141,106.137,1.5,3.75
2014.09.10,00:09:45.073,106.142,106.14,1.69,1
2014.09.10,00:09:45.175,106.144,106.14,3,2.25
2014.09.10,00:09:45.680,106.144,106.141,3,1
2014.09.10,00:09:45.882,106.142,106.14,1,1.5
2014.09.10,00:09:46.980,106.143,106.141,1.69,1
2014.09.10,00:09:47.149,106.142,106.139,1,2.44
2014.09.10,00:09:47.453,106.14,106.138,1,2.44
2014.09.10,00:09:47.958,106.14,106.137,3,1
2014.09.10,00:09:48.261,106.142,106.14,1.25,1
2014.09.10,00:09:49.724,106.143,106.14,1,1
2014.09.10,00:09:52.044,106.144,106.14,4.69,1.25
2014.09.10,00:09:52.549,106.143,106.141,1,1
2014.09.10,00:09:53.511,106.144,106.141,3,1.5
2014.09.10,00:09:58.414,106.143,106.141,1.5,2.25
2014.09.10,00:09:58.667,106.139,106.136,1,3.19
2014.09.10,00:09:59.172,106.14,106.136,3.19,3.19
2014.09.10,00:09:59.223,106.14,106.138,1,1
2014.09.10,00:09:59.324,106.142,106.139,1.25,1.5
2014.09.10,00:09:59.829,106.143,106.14,2.44,1
2014.09.10,00:10:00.283,106.144,106.14,2.44,1.69
2014.09.10,00:10:00.335,106.144,106.142,1.69,1
2014.09.10,00:10:04.442,106.144,106.141,1,1.25
2014.09.10,00:10:04.947,106.146,106.143,2.25,1
2014.09.10,00:10:05.452,106.147,106.144,1.69,1
2014.09.10,00:10:14.781,106.148,106.144,3.19,2.44
2014.09.10,00:10:24.156,106.148,106.144,3.19,1.5
2014.09.10,00:10:28.554,106.148,106.144,2.44,1.5
2014.09.10,00:10:29.059,106.147,106.144,1.5,1
2014.09.10,00:10:40.475,106.147,106.143,1.25,3.19
2014.09.10,00:10:40.778,106.145,106.143,1,1.5
2014.09.10,00:10:42.426,106.145,106.144,1,1
2014.09.10,00:10:42.936,106.145,106.143,1,1.5
2014.09.10,00:10:44.814,106.145,106.142,1,4.69
2014.09.10,00:10:45.520,106.145,106.142,1,4.69
2014.09.10,00:10:46.906,106.145,106.144,1,1
2014.09.10,00:10:47.413,106.147,106.145,1.25,1
2014.09.10,00:11:07.041,106.147,106.145,1.25,1
2014.09.10,00:11:07.648,106.148,106.145,2.44,1.5
2014.09.10,00:11:14.478,106.148,106.145,3.19,1.5
2014.09.10,00:11:21.098,106.148,106.145,1.69,1
2014.09.10,00:11:21.351,106.149,106.147,1.5,2.5
2014.09.10,00:11:21.604,106.151,106.149,1,2.5
2014.09.10,00:11:22.109,106.152,106.15,1,1.5
2014.09.10,00:11:22.362,106.15,106.147,1,9.19
2014.09.10,00:11:22.564,106.15,106.146,2.25,2.25
2014.09.10,00:11:23.072,106.149,106.145,1.5,2.25
2014.09.10,00:11:23.685,106.149,106.145,1.69,1.5
2014.09.10,00:11:26.921,106.148,106.144,1.69,8.44
2014.09.10,00:11:30.604,106.147,106.144,1.25,3
2014.09.10,00:11:30.806,106.145,106.142,4.75,2.25
2014.09.10,00:11:31.110,106.14,106.138,1.5,1.25
2014.09.10,00:11:31.211,106.138,106.136,1,1
2014.09.10,00:11:31.716,106.138,106.135,1,2.25
2014.09.10,00:11:32.221,106.138,106.136,1,1
2014.09.10,00:11:32.474,106.14,106.137,1.25,1.5
2014.09.10,00:11:32.575,106.141,106.139,1.5,1
2014.09.10,00:11:33.231,106.143,106.139,3.94,2.25
2014.09.10,00:11:33.756,106.143,106.139,3,2.25
2014.09.10,00:11:37.371,106.143,106.14,1,1.5
2014.09.10,00:11:37.875,106.142,106.139,1,1
2014.09.10,00:11:38.388,106.142,106.14,1,1
2014.09.10,00:11:40.041,106.143,106.14,1.5,1
2014.09.10,00:11:44.264,106.144,106.14,3,1.5
2014.09.10,00:11:50.015,106.144,106.141,3,1
2014.09.10,00:11:53.186,106.144,106.14,3,1
2014.09.10,00:11:53.541,106.143,106.14,1.19,1.5
2014.09.10,00:11:53.743,106.141,106.138,1.5,2.44
2014.09.10,00:11:54.602,106.142,106.14,1.5,1
2014.09.10,00:11:55.106,106.142,106.139,2.25,1
2014.09.10,00:11:56.487,106.14,106.138,1,3.19
2014.09.10,00:11:56.588,106.142,106.139,1.5,1.25
2014.09.10,00:11:58.547,106.14,106.139,1,1
2014.09.10,00:11:59.051,106.14,106.137,1,3.19
2014.09.10,00:11:59.412,106.142,106.139,1.69,1
2014.09.10,00:12:00.366,106.143,106.139,4.5,1.5
2014.09.10,00:12:01.334,106.143,106.14,3.75,1
2014.09.10,00:12:02.041,106.143,106.141,1.5,1
2014.09.10,00:12:02.294,106.145,106.142,1.69,1
2014.09.10,00:12:06.931,106.145,106.141,1.25,2.44
2014.09.10,00:12:09.431,106.144,106.141,1,1
2014.09.10,00:12:09.962,106.143,106.141,1.5,1
2014.09.10,00:12:10.417,106.145,106.142,1.5,1
2014.09.10,00:12:10.922,106.144,106.142,1,1.5
2014.09.10,00:12:11.327,106.146,106.142,3.19,1
2014.09.10,00:12:11.841,106.146,106.142,3.19,1
2014.09.10,00:12:12.355,106.146,106.143,2.44,1
2014.09.10,00:12:12.861,106.146,106.143,2.44,1
2014.09.10,00:12:13.382,106.146,106.142,3.19,1.69
2014.09.10,00:12:15.230,106.145,106.142,1,1.25
2014.09.10,00:12:20.127,106.146,106.142,1.5,1.5
2014.09.10,00:12:21.029,106.145,106.142,1,1
2014.09.10,00:12:25.342,106.144,106.142,1.5,1
2014.09.10,00:12:25.645,106.142,106.139,1.5,1
2014.09.10,00:12:25.849,106.138,106.136,1,1
2014.09.10,00:12:25.900,106.138,106.134,1,3.75
2014.09.10,00:12:26.406,106.137,106.133,1,3.19
2014.09.10,00:12:27.227,106.136,106.133,1,1.69
2014.09.10,00:12:28.784,106.136,106.132,3.19,2.44
2014.09.10,00:12:29.188,106.134,106.13,1,3.94
2014.09.10,00:12:29.491,106.131,106.129,1,1.25
2014.09.10,00:12:29.996,106.132,106.128,1,2.44
2014.09.10,00:12:30.350,106.13,106.128,1.5,2.25
2014.09.10,00:12:30.401,106.13,106.126,3.75,1
2014.09.10,00:12:30.553,106.128,106.125,1,1
2014.09.10,00:12:31.058,106.129,106.124,1.25,4.5
2014.09.10,00:12:31.462,106.129,106.126,1.69,1
2014.09.10,00:12:31.968,106.13,106.127,1.69,1.5
2014.09.10,00:12:32.876,106.13,106.127,1,1.69
2014.09.10,00:12:36.380,106.129,106.127,1,1.5
2014.09.10,00:12:36.683,106.132,106.129,2.44,1
2014.09.10,00:12:36.734,106.133,106.129,4.69,1.5
2014.09.10,00:12:37.239,106.133,106.13,1.5,1.25
2014.09.10,00:12:39.854,106.133,106.131,1,1
2014.09.10,00:12:40.379,106.133,106.13,1,2.44
2014.09.10,00:12:41.085,106.133,106.131,1.5,1
2014.09.10,00:12:41.590,106.133,106.13,1,1.69
2014.09.10,00:12:41.792,106.131,106.13,1,1
2014.09.10,00:12:42.095,106.13,106.127,1,1.25
2014.09.10,00:12:42.600,106.131,106.128,1.69,1
2014.09.10,00:12:42.650,106.131,106.128,1.69,1
2014.09.10,00:12:43.407,106.131,106.129,1.25,1
2014.09.10,00:12:43.928,106.132,106.128,2.44,2.44
2014.09.10,00:12:45.602,106.132,106.129,2.44,1
2014.09.10,00:12:46.107,106.134,106.13,3.94,1
2014.09.10,00:12:46.612,106.133,106.129,3,3
2014.09.10,00:12:46.713,106.131,106.129,1,1
2014.09.10,00:12:47.712,106.131,106.128,1.5,1
2014.09.10,00:12:50.526,106.131,106.127,1.5,5.44
2014.09.10,00:12:51.423,106.131,106.128,1.5,1.25
2014.09.10,00:12:56.820,106.132,106.128,1.25,4.69
2014.09.10,00:12:57.330,106.133,106.129,1.5,1
2014.09.10,00:12:58.958,106.131,106.129,1,1
2014.09.10,00:12:59.211,106.128,106.125,1,1
2014.09.10,00:12:59.463,106.127,106.123,1.5,2.25
2014.09.10,00:12:59.868,106.125,106.122,1,1.69
2014.09.10,00:13:00.373,106.125,106.121,1,2.25
2014.09.10,00:13:01.293,106.124,106.121,1,1.5
2014.09.10,00:13:01.799,106.123,106.12,1,1
2014.09.10,00:13:03.805,106.124,106.12,2.25,4.5
2014.09.10,00:13:04.322,106.123,106.121,1,1.25
2014.09.10,00:13:04.529,106.125,106.121,3.19,1.69
2014.09.10,00:13:06.329,106.124,106.121,1,1.69
2014.09.10,00:13:06.833,106.124,106.12,1.69,1.69
2014.09.10,00:13:09.864,106.124,106.121,1.69,1
2014.09.10,00:13:12.197,106.122,106.121,1,1
2014.09.10,00:13:12.248,106.121,106.119,1,1
2014.09.10,00:13:12.400,106.12,106.117,2.25,2.25
2014.09.10,00:13:12.551,106.117,106.116,1,1
2014.09.10,00:13:12.653,106.116,106.114,1,1
2014.09.10,00:13:13.158,106.116,106.113,1,1
2014.09.10,00:13:13.662,106.116,106.112,1,1
2014.09.10,00:13:14.168,106.116,106.113,1,1.5
2014.09.10,00:13:14.270,106.116,106.115,1,1
2014.09.10,00:13:14.572,106.12,106.118,1.5,1
2014.09.10,00:13:14.674,106.12,106.117,1,1
2014.09.10,00:13:17.108,106.12,106.116,1.5,2.25
2014.09.10,00:13:17.563,106.118,106.116,1,1.5
2014.09.10,00:13:18.069,106.12,106.116,3.19,1
2014.09.10,00:13:18.593,106.12,106.115,3.19,2.44
2014.09.10,00:13:18.896,106.12,106.117,2.44,1
2014.09.10,00:13:19.401,106.12,106.117,1.25,1
2014.09.10,00:13:23.115,106.12,106.118,1,1
2014.09.10,00:13:23.620,106.122,106.119,3.19,1
2014.09.10,00:13:24.129,106.122,106.119,1.5,1
2014.09.10,00:13:25.668,106.122,106.117,1,1.69
2014.09.10,00:13:26.233,106.121,106.117,1,1.25
2014.09.10,00:13:26.796,106.12,106.117,1,1.25
2014.09.10,00:13:28.393,106.122,106.117,2.44,1.5
2014.09.10,00:13:28.444,106.122,106.119,1.25,1.5
2014.09.10,00:13:28.748,106.123,106.121,1.19,1
2014.09.10,00:13:29.260,106.124,106.12,2.44,4.5
2014.09.10,00:13:30.119,106.124,106.12,1.69,4.69
2014.09.10,00:13:30.775,106.124,106.121,1.69,1
2014.09.10,00:13:31.279,106.124,106.122,1.5,1
2014.09.10,00:13:32.388,106.126,106.122,7.69,1
2014.09.10,00:13:32.692,106.124,106.122,4.5,1
2014.09.10,00:13:32.743,106.124,106.12,5.25,2.25
2014.09.10,00:13:33.281,106.124,106.121,6.19,1
2014.09.10,00:13:34.498,106.124,106.12,5.44,1
2014.09.10,00:13:36.832,106.124,106.12,4.69,1
2014.09.10,00:13:37.842,106.124,106.12,1.69,2.25
2014.09.10,00:13:38.433,106.124,106.121,1.69,1
2014.09.10,00:13:38.685,106.125,106.123,1,1
2014.09.10,00:13:39.190,106.126,106.122,2.44,3.19
2014.09.10,00:13:39.494,106.126,106.124,1.25,1
2014.09.10,00:13:42.687,106.127,106.124,1.69,1
2014.09.10,00:13:44.102,106.127,106.126,1.69,1
2014.09.10,00:13:44.153,106.129,106.127,2.25,1
2014.09.10,00:13:44.204,106.13,106.128,1,1
2014.09.10,00:13:44.305,106.132,106.129,3,1.5
2014.09.10,00:13:44.507,106.133,106.131,1.69,1
2014.09.10,00:13:45.367,106.134,106.131,1,1
2014.09.10,00:13:45.872,106.136,106.132,3.94,1
2014.09.10,00:13:46.797,106.134,106.132,1,1
2014.09.10,00:13:47.303,106.134,106.131,1,1.69
2014.09.10,00:13:52.419,106.132,106.13,1,1
2014.09.10,00:13:52.722,106.124,106.122,1,1
2014.09.10,00:13:52.773,106.123,106.119,1.5,3.94
2014.09.10,00:13:54.237,106.123,106.12,1.69,1
2014.09.10,00:13:54.742,106.123,106.121,1.69,1
2014.09.10,00:13:56.177,106.124,106.121,1.5,1
2014.09.10,00:13:56.278,106.122,106.12,1,1
2014.09.10,00:13:56.380,106.121,106.118,1,1.5
2014.09.10,00:13:58.555,106.12,106.118,1,3.19
2014.09.10,00:14:01.587,106.121,106.119,1,1.5
2014.09.10,00:14:01.638,106.122,106.12,1,1
2014.09.10,00:14:02.143,106.121,106.119,1,1.69
2014.09.10,00:14:02.648,106.121,106.118,1,2.44
2014.09.10,00:14:04.620,106.12,106.117,1,3.19
2014.09.10,00:14:07.183,106.119,106.116,2.25,1
2014.09.10,00:14:07.689,106.116,106.114,1,1.5
2014.09.10,00:14:07.891,106.115,106.111,2.44,1.5
2014.09.10,00:14:08.244,106.115,106.113,1.19,1
2014.09.10,00:14:08.346,106.116,106.113,3.19,1
2014.09.10,00:14:09.967,106.115,106.113,1,1
2014.09.10,00:14:10.119,106.114,106.111,1,1.69
2014.09.10,00:14:13.560,106.115,106.111,2.25,1.5
2014.09.10,00:14:14.065,106.116,106.112,1.5,1.5
2014.09.10,00:14:14.569,106.117,106.112,3.19,2.25
2014.09.10,00:14:14.621,106.114,106.112,1,2.25
2014.09.10,00:14:15.133,106.113,106.11,1,3.19
2014.09.10,00:14:15.922,106.113,106.11,1,3.19
2014.09.10,00:14:17.715,106.113,106.111,1,1
2014.09.10,00:14:18.225,106.114,106.111,1,1
2014.09.10,00:14:19.605,106.114,106.112,1,1
2014.09.10,00:14:20.508,106.114,106.111,1,1.5
2014.09.10,00:14:22.711,106.114,106.11,1,4.69
2014.09.10,00:14:23.998,106.113,106.11,1,2.44
2014.09.10,00:14:24.720,106.114,106.11,1.69,2.25
2014.09.10,00:14:27.033,106.114,106.112,1,1
2014.09.10,00:14:27.538,106.115,106.111,1,3.19
2014.09.10,00:14:28.147,106.116,106.111,2.25,3.94
2014.09.10,00:14:29.476,106.116,106.112,2.25,2.44
2014.09.10,00:14:29.985,106.116,106.112,2.25,1.25
2014.09.10,00:14:32.674,106.115,106.112,1,1.25
2014.09.10,00:14:35.691,106.115,106.111,1,1.5
2014.09.10,00:14:36.197,106.114,106.111,1.5,1.25
2014.09.10,00:14:37.076,106.114,106.11,1,1.5
2014.09.10,00:14:37.583,106.113,106.109,1.25,1.69
2014.09.10,00:14:38.128,106.113,106.11,1.25,1
2014.09.10,00:14:43.241,106.112,106.11,1,1.5
2014.09.10,00:14:45.146,106.111,106.11,1,1
2014.09.10,00:14:45.197,106.111,106.108,1.5,3
2014.09.10,00:14:46.415,106.111,106.107,3.19,2.44
2014.09.10,00:14:49.478,106.11,106.107,1,2.44
2014.09.10,00:14:49.982,106.109,106.107,1,1.69
2014.09.10,00:14:51.596,106.11,106.108,1,1
2014.09.10,00:14:51.697,106.111,106.109,2.44,1
2014.09.10,00:14:52.202,106.113,106.109,1.69,3
2014.09.10,00:14:52.722,106.113,106.11,1.25,1
2014.09.10,00:14:54.145,106.113,106.111,1,1
2014.09.10,00:14:56.225,106.114,106.111,2.44,1
2014.09.10,00:14:58.766,106.115,106.113,1.25,1
2014.09.10,00:14:58.868,106.115,106.111,1.25,2.44
2014.09.10,00:14:59.401,106.116,106.112,2.44,1.5
2014.09.10,00:14:59.939,106.116,106.112,1,1.5
2014.09.10,00:15:00.446,106.116,106.113,1,1.25
2014.09.10,00:15:00.496,106.117,106.115,1.5,1
2014.09.10,00:15:00.699,106.119,106.116,5.44,1
2014.09.10,00:15:04.687,106.118,106.116,1,1.5
2014.09.10,00:15:04.788,106.116,106.114,1,2.25
2014.09.10,00:15:05.296,106.116,106.113,1.25,1
2014.09.10,00:15:05.865,106.117,106.113,3.19,1.69
2014.09.10,00:15:09.552,106.117,106.115,1,1.5
2014.09.10,00:15:09.855,106.119,106.116,1.25,1.5
2014.09.10,00:15:12.292,106.119,106.117,1,1.25
2014.09.10,00:15:12.595,106.12,106.119,1,1
2014.09.10,00:15:12.696,106.12,106.117,1,1.25
2014.09.10,00:15:14.794,106.12,106.116,3.19,2.44
2014.09.10,00:15:15.359,106.119,106.116,1,1.69
2014.09.10,00:15:20.752,106.119,106.117,1.5,1
2014.09.10,00:15:21.317,106.119,106.116,1.5,2.25
2014.09.10,00:15:26.033,106.118,106.116,1,1
2014.09.10,00:15:26.538,106.118,106.115,2.25,1.25
2014.09.10,00:15:26.841,106.116,106.114,1,1
2014.09.10,00:15:27.346,106.116,106.113,1,1.5
2014.09.10,00:15:30.169,106.115,106.113,1,1
2014.09.10,00:15:30.674,106.116,106.112,3.94,3.19
2014.09.10,00:15:32.949,106.115,106.112,1,2.25
2014.09.10,00:15:33.453,106.114,106.111,2.25,1
2014.09.10,00:15:35.248,106.114,106.11,3,2.25
2014.09.10,00:15:35.970,106.113,106.111,1,1
2014.09.10,00:15:38.289,106.113,106.11,1.5,1
2014.09.10,00:15:38.795,106.112,106.109,1.69,1
2014.09.10,00:15:39.316,106.113,106.109,4.69,2.44
2014.09.10,00:15:40.301,106.113,106.11,2.44,1
2014.09.10,00:15:41.210,106.112,106.11,1,1
2014.09.10,00:15:42.009,106.113,106.11,1.5,1
2014.09.10,00:15:44.187,106.112,106.11,1.5,1.25
2014.09.10,00:15:44.490,106.11,106.107,1.5,1.19
2014.09.10,00:15:45.434,106.11,106.106,1.5,1.69
2014.09.10,00:15:46.092,106.109,106.106,1,1.25
2014.09.10,00:15:47.685,106.11,106.107,2.25,1.69
2014.09.10,00:15:48.341,106.11,106.108,1,1.25
2014.09.10,00:15:49.177,106.111,106.108,3.75,2.44
2014.09.10,00:15:49.901,106.112,106.108,1.69,3.94
2014.09.10,00:15:50.758,106.112,106.109,1,2.44
2014.09.10,00:15:55.209,106.111,106.109,1,2.44
2014.09.10,00:15:57.164,106.111,106.108,1,1.69
2014.09.10,00:15:58.938,106.112,106.108,4.69,3.19
2014.09.10,00:15:59.465,106.112,106.109,4.5,1.25
2014.09.10,00:16:00.510,106.112,106.108,3.75,1.69
2014.09.10,00:16:01.140,106.111,106.108,1,1.69
2014.09.10,00:16:03.438,106.11,106.108,1,3.94
2014.09.10,00:16:03.490,106.109,106.106,1,1.5
2014.09.10,00:16:03.592,106.107,106.104,4,3.75
2014.09.10,00:16:03.643,106.105,106.102,1.5,4.5
2014.09.10,00:16:03.694,106.103,106.102,2.25,4.5
2014.09.10,00:16:03.796,106.103,106.099,2.25,5.81
2014.09.10,00:16:04.302,106.103,106.101,2.44,1
2014.09.10,00:16:05.569,106.103,106.1,1.69,1
2014.09.10,00:16:06.735,106.102,106.1,1.25,1
2014.09.10,00:16:07.240,106.101,106.099,1,1
2014.09.10,00:16:07.768,106.102,106.099,2.44,1
2014.09.10,00:16:08.302,106.101,106.098,1,1
2014.09.10,00:16:08.757,106.1,106.096,1,3.94
2014.09.10,00:16:09.262,106.101,106.097,1.5,1.5
2014.09.10,00:16:09.817,106.102,106.1,1.69,1
2014.09.10,00:16:10.375,106.102,106.099,1.5,1.69
2014.09.10,00:16:10.894,106.103,106.101,2.25,1
2014.09.10,00:16:10.995,106.103,106.099,4.87,1.5
2014.09.10,00:16:11.500,106.103,106.1,1,1
2014.09.10,00:16:12.030,106.104,106.1,3,2.25
2014.09.10,00:16:15.530,106.104,106.101,3,1.25
2014.09.10,00:16:21.758,106.102,106.101,1.5,1.69
2014.09.10,00:16:21.859,106.101,106.099,1,1.69
2014.09.10,00:16:22.364,106.102,106.099,3,1.25
2014.09.10,00:16:22.919,106.102,106.1,1.5,1
2014.09.10,00:16:23.020,106.104,106.1,2.25,2.25
2014.09.10,00:16:23.272,106.105,106.102,1.69,1.5
2014.09.10,00:16:23.779,106.105,106.103,1.19,1
2014.09.10,00:16:24.629,106.106,106.103,3.94,1
2014.09.10,00:16:25.899,106.106,106.104,1.19,1.5
2014.09.10,00:16:25.950,106.107,106.105,1,1
2014.09.10,00:16:26.103,106.108,106.107,1,1.5
2014.09.10,00:16:26.487,106.111,106.108,1.25,1
2014.09.10,00:16:40.817,106.112,106.109,3.19,2.25
2014.09.10,00:16:41.019,106.113,106.111,1.69,1
2014.09.10,00:16:41.171,106.114,106.111,2.25,1.25
2014.09.10,00:16:41.677,106.115,106.112,1.25,1.5
2014.09.10,00:16:42.263,106.116,106.112,2.44,1
2014.09.10,00:16:44.052,106.115,106.111,1,1.5
2014.09.10,00:16:44.775,106.114,106.111,1.25,1
2014.09.10,00:16:45.280,106.114,106.11,2.44,1.25
2014.09.10,00:16:45.792,106.114,106.11,3.19,1
2014.09.10,00:16:48.940,106.113,106.109,1.25,1.69
2014.09.10,00:16:49.477,106.114,106.109,3.94,1.5
2014.09.10,00:16:50.848,106.114,106.11,2.44,1.5
2014.09.10,00:16:51.412,106.113,106.11,1,1.5
2014.09.10,00:16:51.917,106.114,106.11,1.69,2.25
2014.09.10,00:16:53.424,106.113,106.11,1,2.44
2014.09.10,00:16:54.131,106.114,106.11,2.44,2.44
2014.09.10,00:16:57.023,106.114,106.111,3.75,1.25
2014.09.10,00:16:57.897,106.114,106.11,3.75,1.5
2014.09.10,00:16:58.827,106.113,106.11,1,1.69
2014.09.10,00:17:01.078,106.115,106.11,5.44,1.69
2014.09.10,00:17:01.584,106.115,106.11,4.69,1
2014.09.10,00:17:02.089,106.115,106.111,2.44,1.25
2014.09.10,00:17:02.291,106.115,106.113,1.25,1
2014.09.10,00:17:02.494,106.117,106.115,2.25,1
2014.09.10,00:17:03.152,106.117,106.114,2.44,1
2014.09.10,00:17:04.380,106.117,106.115,1.25,1
2014.09.10,00:17:04.834,106.121,106.117,1.69,1.69
2014.09.10,00:17:05.751,106.121,106.117,3.19,1.5
2014.09.10,00:17:06.778,106.119,106.116,1,1
2014.09.10,00:17:06.879,106.117,106.116,4.12,1
2014.09.10,00:17:06.930,106.117,106.114,5.62,1
2014.09.10,00:17:07.033,106.116,106.112,1.5,1.5
2014.09.10,00:17:07.538,106.117,106.112,5.44,1
2014.09.10,00:17:07.791,106.117,106.115,3.94,1
2014.09.10,00:17:08.295,106.118,106.115,3.19,1
2014.09.10,00:17:09.097,106.118,106.116,1,1
2014.09.10,00:17:09.249,106.12,106.117,1,1
2014.09.10,00:17:09.654,106.117,106.115,5.5,1
2014.09.10,00:17:09.907,106.116,106.112,1.5,1
2014.09.10,00:17:10.159,106.114,106.112,1,1
2014.09.10,00:17:10.462,106.114,106.11,1.69,5.44
2014.09.10,00:17:11.382,106.111,106.11,1,2.25
2014.09.10,00:17:11.483,106.111,106.108,1,1
2014.09.10,00:17:11.988,106.112,106.108,3.19,1
2014.09.10,00:17:14.186,106.111,106.107,1,1.5
2014.09.10,00:17:14.388,106.109,106.107,1,1
2014.09.10,00:17:14.897,106.109,106.106,1,2.44
2014.09.10,00:17:15.769,106.11,106.106,3.19,2.25
2014.09.10,00:17:16.494,106.109,106.106,1,1.5
2014.09.10,00:17:17.567,106.109,106.105,4.69,2.25
2014.09.10,00:17:18.275,106.11,106.105,7.69,2.25
2014.09.10,00:17:18.779,106.11,106.106,7.31,1
2014.09.10,00:17:19.284,106.11,106.105,8.06,3.19
2014.09.10,00:17:19.790,106.11,106.106,7.31,1
2014.09.10,00:17:21.169,106.107,106.106,2.25,1
2014.09.10,00:17:21.220,106.106,106.103,4,1
2014.09.10,00:17:21.372,106.102,106.098,1,2.25
2014.09.10,00:17:21.423,106.101,106.098,1,2.25
2014.09.10,00:17:21.625,106.103,106.099,2.44,1.5
2014.09.10,00:17:22.127,106.103,106.1,1.25,1
2014.09.10,00:17:22.631,106.103,106.099,1.69,3.94
2014.09.10,00:17:25.405,106.101,106.098,1,1.5
2014.09.10,00:17:25.909,106.102,106.097,1,5.44
2014.09.10,00:17:26.431,106.101,106.097,2.44,2.44
2014.09.10,00:17:26.734,106.099,106.097,1,1
2014.09.10,00:17:27.427,106.099,106.096,1,3.19
2014.09.10,00:17:27.783,106.097,106.095,1,1
2014.09.10,00:17:27.936,106.096,106.093,1,2.25
2014.09.10,00:17:28.037,106.097,106.095,1.5,1.5
2014.09.10,00:17:28.542,106.099,106.096,1.19,2.25
2014.09.10,00:17:29.048,106.099,106.096,1,3
2014.09.10,00:17:29.552,106.099,106.097,1,1.5
2014.09.10,00:17:30.057,106.099,106.096,1,1.25
2014.09.10,00:17:31.483,106.099,106.096,1.69,1
2014.09.10,00:17:31.786,106.094,106.092,1.69,1
2014.09.10,00:17:31.888,106.094,106.09,2.44,1.5
2014.09.10,00:17:32.392,106.093,106.089,1.69,2.44
2014.09.10,00:17:33.151,106.093,106.09,1,1
2014.09.10,00:17:34.872,106.092,106.089,1,1.25
2014.09.10,00:17:35.377,106.092,106.088,1.25,3.19
2014.09.10,00:17:35.883,106.093,106.089,2.44,1.5
2014.09.10,00:17:40.367,106.091,106.089,1,1.5
2014.09.10,00:17:40.872,106.092,106.089,1,1.5
2014.09.10,00:17:41.910,106.092,106.09,1,1.5
2014.09.10,00:17:42.986,106.093,106.09,1.5,1
2014.09.10,00:17:47.914,106.093,106.089,1.5,1
2014.09.10,00:17:48.431,106.093,106.09,1.5,1
2014.09.10,00:17:49.303,106.094,106.09,2.44,1.5
2014.09.10,00:17:53.131,106.095,106.091,3.94,1
2014.09.10,00:17:53.232,106.095,106.094,1.5,1.5
2014.09.10,00:17:53.334,106.097,106.094,1.5,1
2014.09.10,00:17:53.435,106.1,106.097,4.5,1
2014.09.10,00:17:53.940,106.1,106.097,2.44,1
2014.09.10,00:17:54.444,106.1,106.097,1.69,2.25
2014.09.10,00:17:54.648,106.099,106.095,3.19,3.94
2014.09.10,00:17:55.170,106.099,106.096,2.44,1
2014.09.10,00:17:55.675,106.099,106.096,2.44,1
2014.09.10,00:17:56.689,106.099,106.096,2.44,1
2014.09.10,00:17:56.842,106.099,106.095,2.44,2.25
2014.09.10,00:17:57.353,106.099,106.096,1.19,1
2014.09.10,00:17:57.858,106.099,106.095,1.69,2.44
2014.09.10,00:17:59.710,106.099,106.096,1,1
2014.09.10,00:17:59.912,106.101,106.098,1.5,1
2014.09.10,00:18:00.166,106.102,106.1,1.25,1
2014.09.10,00:18:00.267,106.102,106.098,1.25,1
2014.09.10,00:18:03.783,106.102,106.1,1.69,1
2014.09.10,00:18:05.202,106.103,106.1,3.19,1
2014.09.10,00:18:05.730,106.103,106.1,3.19,1
2014.09.10,00:18:07.179,106.103,106.101,1.69,1
2014.09.10,00:18:08.199,106.104,106.102,1.25,1
2014.09.10,00:18:09.263,106.105,106.102,1.25,2.25
2014.09.10,00:18:10.465,106.106,106.102,3.19,2.25
2014.09.10,00:18:11.302,106.106,106.103,2.44,1
2014.09.10,00:18:12.685,106.105,106.103,1.25,1
2014.09.10,00:18:13.190,106.105,106.102,1.69,1.5
2014.09.10,00:18:14.052,106.104,106.102,1,2.25
2014.09.10,00:18:17.139,106.104,106.101,1,3
2014.09.10,00:18:20.206,106.104,106.103,1,1.5
2014.09.10,00:18:20.509,106.108,106.104,1,2.25
2014.09.10,00:18:20.914,106.109,106.107,1,1
2014.09.10,00:18:21.418,106.11,106.107,1.69,1.5
2014.09.10,00:18:21.924,106.111,106.109,1,1.25
2014.09.10,00:18:22.075,106.113,106.11,1.69,1
2014.09.10,00:18:22.580,106.114,106.11,3.19,1.69
2014.09.10,00:18:23.512,106.114,106.111,1.69,1
2014.09.10,00:18:24.030,106.114,106.11,1.69,3.19
2014.09.10,00:18:26.114,106.114,106.111,2.25,1
2014.09.10,00:18:26.619,106.114,106.11,3,3
2014.09.10,00:18:27.174,106.112,106.11,1,2.25
2014.09.10,00:18:31.844,106.113,106.11,1.5,2.25
2014.09.10,00:18:32.349,106.112,106.108,2.44,3.19
2014.09.10,00:18:32.451,106.112,106.11,2.44,1
2014.09.10,00:18:32.955,106.112,106.109,1,2.25
2014.09.10,00:18:33.680,106.112,106.11,1,1
2014.09.10,00:18:34.565,106.113,106.11,1.5,1
2014.09.10,00:18:37.266,106.113,106.109,1.5,3
2014.09.10,00:18:45.723,106.112,106.109,1,1
2014.09.10,00:18:46.230,106.112,106.108,4.69,1
2014.09.10,00:18:46.861,106.112,106.108,4.69,1.25
2014.09.10,00:18:50.088,106.111,106.109,1.5,1
2014.09.10,00:18:50.291,106.111,106.107,1.69,3.94
2014.09.10,00:18:52.303,106.11,106.107,1,3.19
2014.09.10,00:18:52.354,106.112,106.109,1.69,1
2014.09.10,00:18:52.455,106.112,106.108,3.94,1
2014.09.10,00:18:52.960,106.111,106.107,1.25,1.69
2014.09.10,00:18:54.481,106.111,106.109,1.25,1
2014.09.10,00:18:54.994,106.11,106.108,1,1
2014.09.10,00:18:55.312,106.111,106.109,1.69,1
2014.09.10,00:18:55.413,106.112,106.108,2.44,1
2014.09.10,00:18:55.923,106.11,106.108,1.5,1
2014.09.10,00:18:56.884,106.111,106.109,2.25,1
2014.09.10,00:18:57.402,106.112,106.11,1.69,1
2014.09.10,00:19:01.108,106.111,106.109,1,1
2014.09.10,00:19:01.209,106.111,106.107,1.5,3.19
2014.09.10,00:19:01.714,106.111,106.109,1,1.5
2014.09.10,00:19:02.227,106.112,106.109,1.25,2.25
2014.09.10,00:19:03.434,106.112,106.108,4.69,2.44
2014.09.10,00:19:07.370,106.111,106.108,1,1.69
2014.09.10,00:19:07.879,106.11,106.107,1,1.25
2014.09.10,00:19:09.266,106.11,106.108,1.25,1
2014.09.10,00:19:09.831,106.111,106.109,2.25,1
2014.09.10,00:19:14.339,106.112,106.109,2.44,1
2014.09.10,00:19:15.861,106.111,106.109,1,1
2014.09.10,00:19:16.165,106.11,106.107,1,2.44
2014.09.10,00:19:16.771,106.109,106.106,1,1.25
2014.09.10,00:19:17.175,106.108,106.106,1,1.5
2014.09.10,00:19:17.427,106.106,106.105,1,1
2014.09.10,00:19:17.478,106.106,106.103,1.69,1
2014.09.10,00:19:17.529,106.104,106.101,1,3.19
2014.09.10,00:19:17.782,106.103,106.099,1.25,3.19
2014.09.10,00:19:18.035,106.1,106.097,1,2.44
2014.09.10,00:19:18.543,106.1,106.096,3.19,1.5
2014.09.10,00:19:19.063,106.1,106.097,2.44,1
2014.09.10,00:19:19.575,106.1,106.098,1.69,1
2014.09.10,00:19:20.055,106.1,106.096,2.44,3.94
2014.09.10,00:19:23.578,106.1,106.097,1.5,1.25
2014.09.10,00:19:24.090,106.101,106.097,2.44,2.44
2014.09.10,00:19:25.838,106.099,106.097,1,1.69
2014.09.10,00:19:26.040,106.098,106.095,1,1
2014.09.10,00:19:27.051,106.099,106.094,2.44,1.5
2014.09.10,00:19:27.361,106.098,106.096,1.25,1.5
2014.09.10,00:19:27.463,106.1,106.096,2.44,2.44
2014.09.10,00:19:27.514,106.1,106.098,2.44,1
2014.09.10,00:19:27.869,106.102,106.098,1,1.5
2014.09.10,00:19:28.879,106.102,106.099,1.69,1
2014.09.10,00:19:29.881,106.104,106.1,3.19,1
2014.09.10,00:19:30.184,106.104,106.102,1,1.5
2014.09.10,00:19:30.588,106.104,106.1,2.25,2.25
2014.09.10,00:19:30.993,106.102,106.098,1,1.69
2014.09.10,00:19:31.498,106.103,106.099,1,2.25
2014.09.10,00:19:31.952,106.101,106.098,1,1.69
2014.09.10,00:19:33.774,106.102,106.098,1.5,1.5
2014.09.10,00:19:34.492,106.101,106.098,1,1.5
2014.09.10,00:19:34.999,106.1,106.097,1,1
2014.09.10,00:19:35.503,106.099,106.095,2.44,1.69
2014.09.10,00:19:36.315,106.1,106.096,1.5,1.5
2014.09.10,00:19:36.571,106.101,106.098,2.25,1
2014.09.10,00:19:37.132,106.102,106.098,3.75,1
2014.09.10,00:19:37.644,106.101,106.098,1.5,1
2014.09.10,00:19:38.180,106.101,106.097,1.5,1.69
2014.09.10,00:19:38.643,106.099,106.096,1,1.69
2014.09.10,00:19:39.163,106.099,106.097,1,1.5
2014.09.10,00:19:40.400,106.1,106.096,1,1.25
2014.09.10,00:19:40.906,106.1,106.097,1,1
2014.09.10,00:19:42.517,106.101,106.097,3.19,2.44
2014.09.10,00:19:44.950,106.101,106.098,1.5,1.25
2014.09.10,00:19:50.004,106.102,106.099,1.69,1
2014.09.10,00:19:50.308,106.105,106.101,3.75,1.5
2014.09.10,00:19:50.813,106.105,106.102,1.5,1.25
2014.09.10,00:19:51.533,106.104,106.102,1,1.25
2014.09.10,00:19:52.441,106.104,106.101,1,1
2014.09.10,00:19:52.969,106.104,106.1,1,3.19
2014.09.10,00:19:59.373,106.104,106.101,1,2.44
2014.09.10,00:20:00.295,106.104,106.102,1,1.25
2014.09.10,00:20:00.751,106.106,106.104,1,1
2014.09.10,00:20:00.852,106.108,106.105,1,1
2014.09.10,00:20:01.054,106.11,106.107,3,2.44
2014.09.10,00:20:01.560,106.11,106.106,1.5,5.44
2014.09.10,00:20:02.084,106.11,106.108,1.5,1.25
2014.09.10,00:20:07.882,106.111,106.108,1,1.25
2014.09.10,00:20:08.881,106.111,106.107,1,4.69
2014.09.10,00:20:09.421,106.112,106.107,7.5,5.44
2014.09.10,00:20:09.878,106.112,106.108,7.5,2.44
2014.09.10,00:20:10.912,106.112,106.107,8.44,3.19
2014.09.10,00:20:11.472,106.112,106.107,8.44,1.5
2014.09.10,00:20:14.163,106.112,106.108,6.19,1
2014.09.10,00:20:14.264,106.113,106.11,3.19,1
2014.09.10,00:20:14.417,106.114,106.112,2.44,1
2014.09.10,00:20:14.670,106.116,106.113,1.69,1
2014.09.10,00:20:14.822,106.118,106.113,5.44,1
2014.09.10,00:20:14.923,106.118,106.115,3.19,1
2014.09.10,00:20:15.433,106.118,106.114,3.19,1
2014.09.10,00:20:15.937,106.118,106.114,4.69,1.5
2014.09.10,00:20:16.515,106.118,106.114,3.75,2.25
2014.09.10,00:20:16.819,106.121,106.117,1.69,2.44
2014.09.10,00:20:17.324,106.121,106.118,1.5,1.5
2014.09.10,00:20:18.464,106.122,106.118,3,1.5
2014.09.10,00:20:19.323,106.122,106.119,2.25,1
2014.09.10,00:20:19.626,106.123,106.121,1,2.25
2014.09.10,00:20:20.131,106.124,106.121,1.25,1
2014.09.10,00:20:21.360,106.122,106.121,1,1
2014.09.10,00:20:21.764,106.123,106.119,2.25,3
2014.09.10,00:20:21.966,106.123,106.119,3.44,1.5
2014.09.10,00:20:22.514,106.123,106.118,3.94,1.5
2014.09.10,00:20:39.834,106.12,106.117,1,3.19
2014.09.10,00:20:41.534,106.119,106.117,1.5,1.69
2014.09.10,00:20:41.636,106.118,106.115,1.5,1.5
2014.09.10,00:20:41.686,106.116,106.113,2.5,5.25
2014.09.10,00:20:41.788,106.114,106.111,2.25,1
2014.09.10,00:20:42.092,106.111,106.109,1,1
2014.09.10,00:20:42.597,106.111,106.108,1,3.19
2014.09.10,00:20:43.616,106.111,106.11,1,1
2014.09.10,00:20:44.132,106.112,106.11,1.5,1
2014.09.10,00:20:47.396,106.114,106.11,3.94,1
2014.09.10,00:20:48.106,106.114,106.11,1.5,1.69
2014.09.10,00:20:51.765,106.114,106.11,1,1
2014.09.10,00:20:56.070,106.113,106.11,1,1
2014.09.10,00:20:56.619,106.114,106.111,1,1.69
2014.09.10,00:20:57.120,106.113,106.111,1,1.25
2014.09.10,00:20:57.625,106.113,106.109,2.25,3.19
2014.09.10,00:20:58.181,106.112,106.109,1.5,2.44
2014.09.10,00:20:59.688,106.112,106.108,1,2.44
2014.09.10,00:21:03.187,106.112,106.108,1.5,2.44
2014.09.10,00:21:04.621,106.112,106.11,1,1
2014.09.10,00:21:04.671,106.114,106.11,2.25,1.69
2014.09.10,00:21:07.497,106.112,106.11,1,1
2014.09.10,00:21:08.016,106.112,106.108,1.5,1.69
2014.09.10,00:21:08.581,106.111,106.108,1,1
2014.09.10,00:21:08.885,106.107,106.104,3.75,1
2014.09.10,00:21:09.189,106.102,106.098,1,1.69
2014.09.10,00:21:09.290,106.101,106.098,1,1.69
2014.09.10,00:21:09.796,106.102,106.098,1,2.44
2014.09.10,00:21:10.307,106.102,106.099,1,1
2014.09.10,00:21:10.812,106.103,106.099,1,1
2014.09.10,00:21:11.317,106.103,106.1,1.25,1
2014.09.10,00:21:12.609,106.103,106.099,2.44,1.69
2014.09.10,00:21:13.333,106.103,106.098,2.44,3.19
2014.09.10,00:21:14.688,106.103,106.099,1.69,1.25
2014.09.10,00:21:16.985,106.103,106.1,1,1
2014.09.10,00:21:17.713,106.102,106.098,1,4.69
2014.09.10,00:21:19.145,106.102,106.098,1,4.69
2014.09.10,00:21:19.705,106.103,106.099,1.5,1
2014.09.10,00:21:20.060,106.101,106.099,1,1
2014.09.10,00:21:20.212,106.1,106.097,1,1
2014.09.10,00:21:20.717,106.099,106.096,1,2.44
2014.09.10,00:21:21.222,106.1,106.097,1.5,1
2014.09.10,00:21:21.726,106.101,106.097,1.5,2.25
2014.09.10,00:21:25.001,106.101,106.098,1,1
2014.09.10,00:21:25.506,106.101,106.097,1.5,1
2014.09.10,00:21:26.781,106.101,106.098,1.5,1
2014.09.10,00:21:27.287,106.102,106.098,1,1.5
2014.09.10,00:21:27.801,106.103,106.098,2.44,1
2014.09.10,00:21:29.021,106.103,106.098,2.44,1.69
2014.09.10,00:21:30.031,106.101,106.098,1,1.25
2014.09.10,00:21:30.538,106.1,106.096,1,3.19
2014.09.10,00:21:31.121,106.1,106.096,1.69,2.44
2014.09.10,00:21:33.814,106.1,106.097,1.69,1
2014.09.10,00:21:35.932,106.101,106.098,2.44,1
2014.09.10,00:21:36.881,106.101,106.098,1.5,1
2014.09.10,00:21:37.845,106.1,106.098,1,1
2014.09.10,00:21:38.198,106.102,106.098,3.94,1
2014.09.10,00:21:38.704,106.102,106.097,3.19,1
2014.09.10,00:21:40.297,106.102,106.096,4.69,3.94
2014.09.10,00:21:40.348,106.102,106.098,4.69,1
2014.09.10,00:21:40.919,106.101,106.097,1,1
2014.09.10,00:21:41.222,106.102,106.099,4.69,1.5
2014.09.10,00:21:41.626,106.101,106.097,1.25,2.44
2014.09.10,00:21:42.665,106.101,106.097,3.19,2.25
2014.09.10,00:21:43.672,106.101,106.097,3.19,2.44
2014.09.10,00:21:44.183,106.1,106.097,1,2.44
2014.09.10,00:21:49.055,106.099,106.096,1,1
2014.09.10,00:21:50.218,106.099,106.095,2.44,2.44
2014.09.10,00:21:50.723,106.099,106.096,1.25,1
2014.09.10,00:21:51.309,106.1,106.096,2.25,1
2014.09.10,00:21:52.550,106.099,106.096,1,1
2014.09.10,00:21:55.961,106.1,106.096,3.19,1
2014.09.10,00:21:57.116,106.1,106.096,3.19,1
2014.09.10,00:21:57.632,106.1,106.097,3.19,1
2014.09.10,00:21:58.206,106.1,106.097,3.19,1
2014.09.10,00:22:02.695,106.101,106.097,2.25,2.25
2014.09.10,00:22:02.796,106.101,106.099,2.25,1
2014.09.10,00:22:03.301,106.102,106.1,1.25,1
2014.09.10,00:22:04.693,106.103,106.1,2.44,1.5
2014.09.10,00:22:05.291,106.103,106.1,2.44,1.5
2014.09.10,00:22:05.759,106.101,106.097,2.44,3.19
2014.09.10,00:22:06.265,106.1,106.097,1,1
2014.09.10,00:22:09.404,106.1,106.097,1.25,1
2014.09.10,00:22:09.811,106.098,106.096,1.25,1
2014.09.10,00:22:10.316,106.099,106.096,2.44,1
2014.09.10,00:22:10.834,106.099,106.096,1.5,1
2014.09.10,00:22:11.550,106.098,106.096,1.25,1
2014.09.10,00:22:11.757,106.096,106.093,1.5,1
2014.09.10,00:22:12.319,106.097,106.093,1.5,6.75
2014.09.10,00:22:12.371,106.097,106.095,1,1
2014.09.10,00:22:12.876,106.098,106.096,1.25,1
2014.09.10,00:22:14.533,106.1,106.096,1,2.25
2014.09.10,00:22:15.291,106.1,106.097,1,1
2014.09.10,00:22:15.696,106.1,106.095,1,3.19
2014.09.10,00:22:16.560,106.1,106.095,1.69,3.94
2014.09.10,00:22:17.217,106.1,106.097,2.44,1
2014.09.10,00:22:17.319,106.1,106.095,2.44,3.94
2014.09.10,00:22:17.694,106.099,106.097,1.25,1
2014.09.10,00:22:18.553,106.1,106.097,1.69,1
2014.09.10,00:22:19.058,106.1,106.096,3.19,1
2014.09.10,00:22:19.562,106.099,106.095,1.5,1.5
2014.09.10,00:22:20.066,106.098,106.094,3.19,3.19
2014.09.10,00:22:20.370,106.093,106.092,1,1
2014.09.10,00:22:20.875,106.093,106.091,3.19,1
2014.09.10,00:22:21.127,106.091,106.088,2.25,1.25
2014.09.10,00:22:21.482,106.092,106.09,1,1
2014.09.10,00:22:21.583,106.091,106.089,1,1.25
2014.09.10,00:22:21.634,106.094,106.089,1.5,1.69
2014.09.10,00:22:21.736,106.093,106.091,1,2.25
2014.09.10,00:22:22.242,106.094,106.091,1,1
2014.09.10,00:22:22.747,106.093,106.091,1,1
2014.09.10,00:22:23.252,106.093,106.09,2.44,1.5
2014.09.10,00:22:24.117,106.091,106.09,1,1
2014.09.10,00:22:24.219,106.091,106.088,1.5,1
2014.09.10,00:22:24.320,106.091,106.089,1.5,1
2014.09.10,00:22:26.634,106.092,106.09,1.5,1
2014.09.10,00:22:28.002,106.091,106.09,1,1
2014.09.10,00:22:28.053,106.091,106.088,1,1.5
2014.09.10,00:22:29.209,106.092,106.088,3.19,1.69
2014.09.10,00:22:30.897,106.092,106.089,2.44,1
2014.09.10,00:22:31.400,106.092,106.088,2.44,1.69
2014.09.10,00:22:33.603,106.092,106.089,2.44,1
2014.09.10,00:22:34.109,106.091,106.088,1,1
2014.09.10,00:22:35.644,106.092,106.088,3.19,1
2014.09.10,00:22:36.460,106.091,106.088,1,1
2014.09.10,00:22:38.972,106.09,106.088,1,1
2014.09.10,00:22:39.276,106.092,106.088,5.44,1
2014.09.10,00:22:39.791,106.092,106.087,6.19,1
2014.09.10,00:22:40.196,106.091,106.089,1,1
2014.09.10,00:22:42.447,106.092,106.089,2.44,1
2014.09.10,00:22:44.245,106.091,106.089,1,1
2014.09.10,00:22:44.750,106.092,106.089,3.19,1
2014.09.10,00:22:45.876,106.091,106.089,1,1
2014.09.10,00:22:47.768,106.091,106.089,1,1
2014.09.10,00:22:50.366,106.09,106.089,1,1
2014.09.10,00:22:50.625,106.09,106.087,1.25,1.5
2014.09.10,00:22:50.829,106.089,106.085,2.44,3.94
2014.09.10,00:22:50.981,106.087,106.085,1,1.69
2014.09.10,00:22:51.486,106.088,106.085,2.44,1.5
2014.09.10,00:22:53.910,106.086,106.085,1,1.5
2014.09.10,00:22:54.063,106.084,106.082,2.25,2.25
2014.09.10,00:22:54.114,106.082,106.081,1,1
2014.09.10,00:22:54.215,106.082,106.079,1.5,1.69
2014.09.10,00:22:54.721,106.082,106.08,1,1
2014.09.10,00:22:55.199,106.083,106.082,1,1.5
2014.09.10,00:22:55.301,106.085,106.082,4.5,1.69
2014.09.10,00:22:55.605,106.086,106.084,1,1
2014.09.10,00:22:56.111,106.087,106.084,1,2.25
2014.09.10,00:22:57.796,106.087,106.085,1,1
2014.09.10,00:22:59.646,106.087,106.084,1.5,1.69
2014.09.10,00:22:59.950,106.082,106.08,1,1.5
2014.09.10,00:23:00.052,106.082,106.078,3.19,3.19
2014.09.10,00:23:02.519,106.082,106.079,3,1
2014.09.10,00:23:05.119,106.081,106.079,1,1
2014.09.10,00:23:05.523,106.08,106.077,1,2.44
2014.09.10,00:23:06.028,106.08,106.076,2.25,2.44
2014.09.10,00:23:06.533,106.079,106.075,2.25,1.5
2014.09.10,00:23:07.280,106.079,106.075,1.69,1.5
2014.09.10,00:23:07.988,106.079,106.076,1.69,1
2014.09.10,00:23:08.191,106.078,106.076,1.25,1
2014.09.10,00:23:08.242,106.077,106.073,6.25,3.75
2014.09.10,00:23:08.393,106.073,106.069,1,1.5
2014.09.10,00:23:08.495,106.071,106.067,1,1.5
2014.09.10,00:23:08.799,106.073,106.069,3,1
2014.09.10,00:23:09.204,106.074,106.071,1.25,1
2014.09.10,00:23:09.507,106.076,106.072,3,1.5
2014.09.10,00:23:10.214,106.074,106.072,1,1
2014.09.10,00:23:10.518,106.072,106.069,1,1.5
2014.09.10,00:23:10.821,106.07,106.067,1,1.69
2014.09.10,00:23:11.429,106.069,106.066,1.5,1.5
2014.09.10,00:23:12.602,106.069,106.067,1.69,1
2014.09.10,00:23:13.119,106.067,106.066,1,1
2014.09.10,00:23:13.221,106.065,106.062,1,3.19
2014.09.10,00:23:13.322,106.063,106.06,1,1.5
2014.09.10,00:23:13.424,106.061,106.059,1,1.69
2014.09.10,00:23:13.575,106.061,106.057,2.25,2.25
2014.09.10,00:23:15.341,106.061,106.058,2.25,1
2014.09.10,00:23:15.746,106.063,106.06,1,1
2014.09.10,00:23:16.051,106.065,106.061,3.19,1.5
2014.09.10,00:23:16.556,106.064,106.061,1,1
2014.09.10,00:23:17.466,106.065,106.061,3.19,1.69
2014.09.10,00:23:17.971,106.065,106.062,2.44,1
2014.09.10,00:23:18.527,106.065,106.061,2.44,2.25
2014.09.10,00:23:19.066,106.065,106.062,1,1
2014.09.10,00:23:19.370,106.066,106.064,1.25,1
2014.09.10,00:23:20.229,106.067,106.064,1.25,1
2014.09.10,00:23:21.238,106.068,106.065,3.37,1
2014.09.10,00:23:21.743,106.069,106.065,3.94,1.5
2014.09.10,00:23:23.863,106.072,106.068,1,1.5
2014.09.10,00:23:24.116,106.077,106.072,3.94,1.5
2014.09.10,00:23:24.268,106.077,106.076,1.5,1.5
2014.09.10,00:23:24.370,106.079,106.077,1.25,1
2014.09.10,00:23:24.775,106.081,106.077,1.69,1.5
2014.09.10,00:23:24.876,106.082,106.079,1.69,1
2014.09.10,00:23:24.977,106.084,106.08,2.25,1.5
2014.09.10,00:23:25.180,106.084,106.083,1.5,1
2014.09.10,00:23:25.332,106.086,106.081,3.19,3.94
2014.09.10,00:23:25.382,106.084,106.081,1.5,3.19
2014.09.10,00:23:25.585,106.083,106.08,1,1
2014.09.10,00:23:25.888,106.085,106.082,1.69,1
2014.09.10,00:23:26.093,106.085,106.079,2.44,6.19
2014.09.10,00:23:26.149,106.083,106.079,1.25,5.44
2014.09.10,00:23:27.060,106.082,106.079,1,1.25
2014.09.10,00:23:27.597,106.084,106.081,1,1
2014.09.10,00:23:27.901,106.085,106.083,1,1.5
2014.09.10,00:23:28.103,106.088,106.084,3,2.25
2014.09.10,00:23:28.356,106.088,106.086,1,1
2014.09.10,00:23:28.508,106.087,106.084,1,1.25
2014.09.10,00:23:28.761,106.085,106.083,1,1.25
2014.09.10,00:23:28.863,106.087,106.083,3.19,1.69
2014.09.10,00:23:28.965,106.085,106.082,1,1.69
2014.09.10,00:23:29.269,106.083,106.079,1,1.5
2014.09.10,00:23:29.994,106.081,106.078,1.5,1.69
2014.09.10,00:23:30.500,106.081,106.076,2.44,4.69
2014.09.10,00:23:31.106,106.081,106.076,1.5,3.94
2014.09.10,00:23:32.216,106.08,106.076,1,3.19
2014.09.10,00:23:32.721,106.079,106.076,1.5,1.69
2014.09.10,00:23:35.180,106.079,106.075,1.5,6.37
2014.09.10,00:23:36.194,106.078,106.075,1.5,2.44
2014.09.10,00:23:36.498,106.076,106.074,3,1
2014.09.10,00:23:36.550,106.076,106.073,3,1
2014.09.10,00:23:36.601,106.073,106.071,1,1
2014.09.10,00:23:36.652,106.073,106.071,1.5,1
2014.09.10,00:23:36.804,106.073,106.069,1.5,3
2014.09.10,00:23:37.107,106.072,106.067,3.19,2.44
2014.09.10,00:23:37.914,106.07,106.067,1,1.69
2014.09.10,00:23:38.167,106.072,106.067,3.19,2.44
2014.09.10,00:23:38.419,106.072,106.07,1.5,1
2014.09.10,00:23:38.672,106.075,106.071,2.25,3
2014.09.10,00:23:39.631,106.072,106.071,1,1
2014.09.10,00:23:39.733,106.071,106.069,1,1
2014.09.10,00:23:40.237,106.071,106.068,1.25,1.5
2014.09.10,00:23:40.743,106.071,106.069,1.25,1
2014.09.10,00:23:41.248,106.071,106.068,1,1.69
2014.09.10,00:23:41.602,106.073,106.069,1.25,2.44
2014.09.10,00:23:41.804,106.075,106.071,2.25,1
2014.09.10,00:23:42.814,106.074,106.071,2.25,1.5
2014.09.10,00:23:43.118,106.071,106.067,1.5,3.94
2014.09.10,00:23:43.725,106.072,106.069,1.69,1.5
2014.09.10,00:23:44.029,106.074,106.071,6,1
2014.09.10,00:23:44.534,106.075,106.071,2.25,1.5
2014.09.10,00:23:45.140,106.074,106.071,1,1.5
2014.09.10,00:23:45.645,106.073,106.069,3.19,2.44
2014.09.10,00:23:45.696,106.071,106.069,1,2.44
2014.09.10,00:23:46.201,106.072,106.069,1.69,1
2014.09.10,00:23:46.505,106.074,106.072,1,1
2014.09.10,00:23:47.010,106.075,106.072,1.69,2.25
2014.09.10,00:23:47.516,106.076,106.073,1.69,1
2014.09.10,00:23:53.347,106.074,106.072,2.25,1.5
2014.09.10,00:23:53.650,106.07,106.067,1.25,1
2014.09.10,00:23:54.055,106.069,106.066,1.19,1.5
2014.09.10,00:23:54.158,106.068,106.064,1.69,2.44
2014.09.10,00:23:54.720,106.069,106.067,2.44,1
2014.09.10,00:23:54.821,106.07,106.067,2.44,1
2014.09.10,00:23:55.327,106.07,106.066,1.69,1
2014.09.10,00:23:57.340,106.07,106.067,2.44,1
2014.09.10,00:23:57.872,106.069,106.066,1,1.25
2014.09.10,00:23:58.414,106.07,106.066,3.19,1.69
2014.09.10,00:23:59.383,106.07,106.066,3.19,1.5
2014.09.10,00:24:00.769,106.07,106.067,1.69,1
2014.09.10,00:24:01.124,106.071,106.069,1,1.5
2014.09.10,00:24:01.377,106.075,106.073,1,1.69
2014.09.10,00:24:01.478,106.077,106.075,1.69,1
2014.09.10,00:24:01.529,106.077,106.075,1.69,1
2014.09.10,00:24:02.363,106.078,106.074,2.44,1
2014.09.10,00:24:02.666,106.074,106.072,5.5,1
2014.09.10,00:24:02.768,106.072,106.071,1.5,1
2014.09.10,00:24:02.869,106.071,106.068,1,2.44
2014.09.10,00:24:03.172,106.073,106.071,1.69,1
2014.09.10,00:24:03.274,106.074,106.07,1.69,1
2014.09.10,00:24:03.427,106.072,106.07,1,1.69
2014.09.10,00:24:03.883,106.071,106.067,1,4.69
2014.09.10,00:24:04.389,106.07,106.067,1.25,1.5
2014.09.10,00:24:04.541,106.07,106.069,1.25,1
2014.09.10,00:24:04.692,106.072,106.068,1.25,3.19
2014.09.10,00:24:04.845,106.073,106.07,1.69,1
2014.09.10,00:24:05.148,106.075,106.073,1,1
2014.09.10,00:24:05.653,106.076,106.074,1.69,1
2014.09.10,00:24:06.326,106.075,106.074,3.37,1
2014.09.10,00:24:06.629,106.074,106.07,6.56,3.75
2014.09.10,00:24:06.680,106.072,106.071,1,1
2014.09.10,00:24:07.235,106.072,106.07,1.25,1.5
2014.09.10,00:24:07.741,106.072,106.069,1.69,1
2014.09.10,00:24:07.987,106.07,106.068,1,2.25
2014.09.10,00:24:08.796,106.071,106.068,1,2.25
2014.09.10,00:24:09.100,106.074,106.071,3.19,1
2014.09.10,00:24:09.404,106.073,106.069,3,1
2014.09.10,00:24:09.861,106.074,106.071,1.5,1
2014.09.10,00:24:10.366,106.073,106.07,2.25,1
2014.09.10,00:24:10.872,106.073,106.069,1.5,2.25
2014.09.10,00:24:11.377,106.072,106.069,1,1.5
2014.09.10,00:24:12.289,106.073,106.069,2.25,2.25
2014.09.10,00:24:12.593,106.075,106.073,1.5,1.5
2014.09.10,00:24:12.644,106.077,106.073,4.69,1.5
2014.09.10,00:24:13.148,106.077,106.074,1.25,1
2014.09.10,00:24:18.706,106.076,106.074,1,1
2014.09.10,00:24:19.211,106.077,106.074,1.25,1
2014.09.10,00:24:20.888,106.076,106.074,1,1
2014.09.10,00:24:21.393,106.077,106.074,2.44,1
2014.09.10,00:24:23.986,106.076,106.073,1,3.19
2014.09.10,00:24:24.500,106.075,106.072,1,3.19
2014.09.10,00:24:25.315,106.075,106.073,1,1
2014.09.10,00:24:26.834,106.075,106.072,1,1.69
2014.09.10,00:24:33.706,106.074,106.072,3.75,1.69
2014.09.10,00:24:36.569,106.075,106.072,3.37,3.19
2014.09.10,00:24:37.764,106.074,106.072,3.75,3.19
2014.09.10,00:24:38.218,106.076,106.073,1.69,1
2014.09.10,00:24:38.996,106.076,106.074,1.69,1
2014.09.10,00:24:39.502,106.077,106.074,1.69,1.5
2014.09.10,00:24:40.007,106.077,106.075,1.69,1
2014.09.10,00:24:40.513,106.077,106.074,1.69,1
2014.09.10,00:24:40.614,106.077,106.076,1.69,1
2014.09.10,00:24:40.766,106.077,106.074,1.69,1.5
2014.09.10,00:24:40.968,106.077,106.076,1.69,1
2014.09.10,00:24:41.170,106.077,106.074,1.25,1.5
2014.09.10,00:24:41.675,106.078,106.075,1.69,1
2014.09.10,00:24:43.247,106.078,106.074,1.69,1
2014.09.10,00:24:43.752,106.078,106.075,1.69,1.5
2014.09.10,00:24:44.765,106.078,106.074,1.69,1
2014.09.10,00:24:46.570,106.078,106.075,1.69,1
2014.09.10,00:24:47.494,106.077,106.074,1,1.25
2014.09.10,00:24:48.002,106.077,106.073,1.25,3.19
2014.09.10,00:24:49.897,106.078,106.073,1.25,4.69
2014.09.10,00:24:54.694,106.079,106.074,5.44,1
2014.09.10,00:24:55.350,106.078,106.074,1.25,1.25
2014.09.10,00:24:57.114,106.079,106.075,3.94,1
2014.09.10,00:24:57.620,106.078,106.074,2.44,1.5
2014.09.10,00:25:04.861,106.078,106.075,1,1
2014.09.10,00:25:05.627,106.079,106.075,3.19,1.5
2014.09.10,00:25:06.133,106.079,106.075,3.19,2.25
2014.09.10,00:25:06.677,106.079,106.076,2.44,1
2014.09.10,00:25:09.811,106.08,106.076,6.19,1.5
2014.09.10,00:25:10.321,106.08,106.076,6.94,1.5
2014.09.10,00:25:11.003,106.08,106.077,5.44,1
2014.09.10,00:25:13.575,106.08,106.076,6.19,1.5
2014.09.10,00:25:14.757,106.08,106.076,6.19,1.5
2014.09.10,00:25:15.297,106.08,106.077,1.69,1.5
2014.09.10,00:25:15.807,106.079,106.075,2.44,2.44
2014.09.10,00:25:18.600,106.078,106.075,1,3.19
2014.09.10,00:25:18.803,106.075,106.074,1.5,1
2014.09.10,00:25:19.056,106.071,106.068,1.69,1
2014.09.10,00:25:19.561,106.07,106.067,1,2.44
2014.09.10,00:25:20.066,106.071,106.068,2.44,1.5
2014.09.10,00:25:20.621,106.071,106.069,1.25,1
2014.09.10,00:25:20.774,106.072,106.071,1,1
2014.09.10,00:25:20.976,106.076,106.073,2.25,1
2014.09.10,00:25:21.917,106.074,106.072,1,2.44
2014.09.10,00:25:22.252,106.062,106.059,1.69,1
2014.09.10,00:25:22.303,106.061,106.057,2.44,1.5
2014.09.10,00:25:22.809,106.061,106.058,2.44,1
2014.09.10,00:25:23.062,106.059,106.058,1,1
2014.09.10,00:25:23.602,106.06,106.058,1.5,1
2014.09.10,00:25:23.854,106.06,106.056,1.5,1
2014.09.10,00:25:24.852,106.06,106.057,2.44,1
2014.09.10,00:25:25.368,106.06,106.058,1.25,1
2014.09.10,00:25:25.419,106.061,106.058,1.5,1
2014.09.10,00:25:25.723,106.06,106.054,4.75,2.25
2014.09.10,00:25:25.774,106.056,106.054,1,1
2014.09.10,00:25:25.977,106.057,106.053,1.69,1.5
2014.09.10,00:25:26.482,106.056,106.052,1.25,2.44
2014.09.10,00:25:26.986,106.057,106.053,2.44,1
2014.09.10,00:25:27.491,106.056,106.052,1,1
2014.09.10,00:25:28.670,106.055,106.052,1,1
2014.09.10,00:25:28.873,106.054,106.05,1.69,4.69
2014.09.10,00:25:29.390,106.056,106.052,2.44,1.5
2014.09.10,00:25:29.693,106.056,106.054,1,1
2014.09.10,00:25:29.997,106.054,106.05,2.5,2.25
2014.09.10,00:25:30.098,106.054,106.052,1,1
2014.09.10,00:25:30.402,106.055,106.05,1,3.19
2014.09.10,00:25:30.755,106.056,106.052,6.56,1
2014.09.10,00:25:31.210,106.054,106.052,1,1
2014.09.10,00:25:31.412,106.056,106.052,3,1.5
2014.09.10,00:25:31.463,106.056,106.054,1.5,1.5
2014.09.10,00:25:31.969,106.056,106.053,1,1
2014.09.10,00:25:33.080,106.056,106.052,1.5,1
2014.09.10,00:25:34.189,106.054,106.052,3.75,1
2014.09.10,00:25:34.291,106.056,106.053,4.5,1
2014.09.10,00:25:34.594,106.055,106.053,1,1.5
2014.09.10,00:25:34.745,106.053,106.051,3.37,1.5
2014.09.10,00:25:34.847,106.055,106.05,1.5,2.44
2014.09.10,00:25:35.354,106.055,106.051,3.94,1.25
2014.09.10,00:25:36.806,106.054,106.051,1,1
2014.09.10,00:25:37.517,106.054,106.05,1.5,2.25
2014.09.10,00:25:38.032,106.054,106.051,1,1
2014.09.10,00:25:40.018,106.055,106.051,2.25,2.25
2014.09.10,00:25:40.321,106.056,106.054,1.5,1
2014.09.10,00:25:41.344,106.057,106.054,1,1.5
2014.09.10,00:25:41.647,106.058,106.056,1.5,1
2014.09.10,00:25:42.152,106.059,106.057,1,1
2014.09.10,00:25:42.657,106.058,106.057,1,1
2014.09.10,00:25:43.162,106.058,106.056,1,1
2014.09.10,00:25:43.717,106.058,106.057,1,1
2014.09.10,00:25:44.937,106.058,106.055,1,2.25
2014.09.10,00:25:45.342,106.058,106.057,1,1
2014.09.10,00:25:45.852,106.059,106.057,1,1.5
2014.09.10,00:25:48.132,106.059,106.058,1,1
2014.09.10,00:25:48.544,106.063,106.059,3.94,4.94
2014.09.10,00:25:48.646,106.064,106.061,5.25,1
2014.09.10,00:25:48.799,106.066,106.061,5.44,1.5
2014.09.10,00:25:48.951,106.067,106.063,2.25,1.5
2014.09.10,00:25:49.052,106.066,106.061,1.5,1.69
2014.09.10,00:25:49.103,106.064,106.062,1,1
2014.09.10,00:25:49.205,106.066,106.062,1,2.25
2014.09.10,00:25:49.458,106.067,106.064,1,1.69
2014.09.10,00:25:49.761,106.068,106.066,1.25,1
2014.09.10,00:25:50.270,106.069,106.066,1,1
2014.09.10,00:25:50.775,106.069,106.067,1,1
2014.09.10,00:25:51.775,106.069,106.067,1.25,1
2014.09.10,00:25:51.880,106.066,106.061,5.5,1
2014.09.10,00:25:51.981,106.065,106.063,1,1
2014.09.10,00:25:52.032,106.067,106.063,1.5,1.5
2014.09.10,00:25:52.436,106.068,106.066,1.69,1
2014.09.10,00:25:53.143,106.068,106.067,1,1
2014.09.10,00:25:53.648,106.069,106.067,1,1.5
2014.09.10,00:25:54.153,106.07,106.067,4.5,1.5
2014.09.10,00:25:54.659,106.07,106.066,4.5,2.44
2014.09.10,00:25:55.063,106.07,106.068,4.5,1.25
2014.09.10,00:25:55.367,106.072,106.07,1,3.19
2014.09.10,00:25:55.670,106.075,106.073,1,3.19
2014.09.10,00:25:55.721,106.077,106.073,1,3.94
2014.09.10,00:25:55.772,106.078,106.075,2.25,1.5
2014.09.10,00:25:56.127,106.079,106.077,1.5,1.5
2014.09.10,00:25:56.431,106.081,106.079,1,1.5
2014.09.10,00:25:56.936,106.08,106.078,4.5,3.94
2014.09.10,00:25:56.987,106.079,106.077,4.75,1
2014.09.10,00:25:57.088,106.078,106.075,3.37,2.25
2014.09.10,00:25:57.392,106.077,106.076,3.75,1
2014.09.10,00:25:57.494,106.076,106.073,1.5,1
2014.09.10,00:25:57.595,106.074,106.071,1,2.25
2014.09.10,00:25:57.697,106.071,106.07,1,1
2014.09.10,00:25:57.798,106.07,106.068,1,1.25
2014.09.10,00:25:58.000,106.069,106.066,3.75,2.44
2014.09.10,00:25:58.417,106.067,106.064,4.12,3.19
2014.09.10,00:25:58.921,106.066,106.065,3.75,1
2014.09.10,00:26:02.105,106.067,106.065,4.12,1
2014.09.10,00:26:03.910,106.066,106.065,3.75,1
2014.09.10,00:26:10.454,106.066,106.064,4.12,1.69
2014.09.10,00:26:10.959,106.066,106.062,6.75,3
2014.09.10,00:26:11.111,106.064,106.061,1.5,3.19
2014.09.10,00:26:11.313,106.063,106.06,1.5,1.5
2014.09.10,00:26:12.070,106.063,106.06,1.5,1.69
2014.09.10,00:26:12.574,106.064,106.06,3.19,1.25
2014.09.10,00:26:13.079,106.064,106.061,3.94,1
2014.09.10,00:26:14.564,106.062,106.06,1,1
2014.09.10,00:26:14.615,106.061,106.059,1,1.5
2014.09.10,00:26:15.322,106.059,106.056,1,1
2014.09.10,00:26:19.360,106.06,106.056,3.19,1
2014.09.10,00:26:22.612,106.06,106.055,2.44,1.5
2014.09.10,00:26:23.707,106.06,106.057,2.44,1
2014.09.10,00:26:26.103,106.06,106.056,2.44,1.5
2014.09.10,00:26:26.608,106.06,106.057,1.25,1.5
2014.09.10,00:26:29.064,106.06,106.058,1,1
2014.09.10,00:26:29.368,106.064,106.06,1.69,2.44
2014.09.10,00:26:29.873,106.064,106.061,1.25,1
2014.09.10,00:26:29.924,106.064,106.062,1.25,1
2014.09.10,00:26:30.428,106.066,106.062,1.69,1.5
2014.09.10,00:26:30.933,106.067,106.063,3.56,1
2014.09.10,00:26:31.930,106.067,106.063,1.25,1.5
2014.09.10,00:26:33.990,106.068,106.063,7.69,1.5
2014.09.10,00:26:37.100,106.067,106.063,1.19,1.5
2014.09.10,00:26:38.317,106.067,106.063,1.25,1.69
2014.09.10,00:26:39.450,106.067,106.062,6.94,2.44
2014.09.10,00:26:39.753,106.064,106.061,1,1
2014.09.10,00:26:40.056,106.062,106.06,1,1
2014.09.10,00:26:40.360,106.06,106.058,1,1
2014.09.10,00:26:40.865,106.059,106.057,1,2.44
2014.09.10,00:26:41.404,106.058,106.056,1.5,1
2014.09.10,00:26:41.910,106.057,106.055,2.25,1
2014.09.10,00:26:42.215,106.056,106.053,1,2.44
2014.09.10,00:26:42.720,106.055,106.052,1.5,3.19
2014.09.10,00:26:43.242,106.054,106.052,1,3.19
2014.09.10,00:26:43.445,106.055,106.052,1.69,1
2014.09.10,00:26:43.849,106.054,106.05,2.44,2.44
2014.09.10,00:26:44.355,106.053,106.05,1.5,2.44
2014.09.10,00:26:44.859,106.052,106.049,1,1.69
2014.09.10,00:26:46.122,106.053,106.049,1.5,1.5
2014.09.10,00:26:46.172,106.052,106.049,1,1.5
2014.09.10,00:26:46.425,106.046,106.043,1.5,1
2014.09.10,00:26:46.728,106.044,106.043,1,1
2014.09.10,00:26:46.830,106.044,106.041,1,2.44
2014.09.10,00:26:47.335,106.044,106.042,1,1
2014.09.10,00:26:47.840,106.045,106.041,1.25,2.44
2014.09.10,00:26:48.344,106.045,106.042,1.25,1
2014.09.10,00:26:48.884,106.045,106.041,2.44,1.5
2014.09.10,00:26:49.389,106.045,106.042,1.69,1.5
2014.09.10,00:26:50.855,106.046,106.042,2.44,1.5
2014.09.10,00:26:51.360,106.045,106.043,1,1
2014.09.10,00:26:52.837,106.046,106.043,1.69,1
2014.09.10,00:26:53.140,106.049,106.045,6,1.5
2014.09.10,00:26:53.242,106.05,106.047,4.12,1
2014.09.10,00:26:53.343,106.049,106.047,1,2.25
2014.09.10,00:26:53.444,106.051,106.047,1,3
2014.09.10,00:26:53.950,106.052,106.048,3.94,1
2014.09.10,00:26:54.455,106.053,106.049,3.19,1.5
2014.09.10,00:26:54.707,106.053,106.051,1.69,1
2014.09.10,00:26:55.212,106.055,106.051,2.44,1
2014.09.10,00:26:55.717,106.054,106.052,1.25,1.5
2014.09.10,00:26:56.926,106.053,106.052,1,1
2014.09.10,00:26:57.028,106.052,106.05,1,2.25
2014.09.10,00:26:57.534,106.054,106.051,1.19,1.5
2014.09.10,00:26:58.186,106.055,106.051,3.94,1.5
2014.09.10,00:26:59.668,106.055,106.051,3,1.5
2014.09.10,00:27:00.628,106.055,106.052,2.44,1
2014.09.10,00:27:01.234,106.055,106.053,1.69,1
2014.09.10,00:27:01.437,106.055,106.052,1.5,2.25
2014.09.10,00:27:01.942,106.056,106.052,2.44,2.25
2014.09.10,00:27:02.450,106.055,106.052,1.25,1.5
2014.09.10,00:27:02.804,106.053,106.051,1,1
2014.09.10,00:27:03.309,106.052,106.05,1,1
2014.09.10,00:27:05.125,106.052,106.05,1,1
2014.09.10,00:27:06.503,106.052,106.049,1,1.25
2014.09.10,00:27:07.010,106.053,106.049,3.19,1.69
2014.09.10,00:27:08.390,106.053,106.05,1,1
2014.09.10,00:27:08.895,106.053,106.049,2.44,3.19
2014.09.10,00:27:10.517,106.053,106.05,1.69,1
2014.09.10,00:27:13.121,106.054,106.05,3.19,2.25
2014.09.10,00:27:13.652,106.054,106.05,3.94,2.25
2014.09.10,00:27:14.157,106.054,106.051,3.19,1
2014.09.10,00:27:15.318,106.054,106.051,2.25,1
2014.09.10,00:27:15.989,106.054,106.05,2.25,2.25
2014.09.10,00:27:18.137,106.054,106.051,1.25,1
2014.09.10,00:27:19.558,106.055,106.051,2.25,1
2014.09.10,00:27:20.064,106.055,106.052,1,1
2014.09.10,00:27:20.737,106.055,106.051,1,1
2014.09.10,00:27:21.246,106.055,106.052,1,1
2014.09.10,00:27:21.449,106.057,106.053,1.25,1.5
2014.09.10,00:27:21.954,106.058,106.054,2.44,1
2014.09.10,00:27:22.468,106.058,106.055,1.69,3
2014.09.10,00:27:22.974,106.059,106.056,1.25,3
2014.09.10,00:27:23.479,106.059,106.057,1.25,1
2014.09.10,00:27:23.733,106.061,106.058,5.06,2.25
2014.09.10,00:27:23.834,106.062,106.06,1.5,2.25
2014.09.10,00:27:24.138,106.065,106.062,5.25,2.5
2014.09.10,00:27:24.644,106.067,106.064,4.69,1.5
2014.09.10,00:27:25.149,106.067,106.065,3.94,2.5
2014.09.10,00:27:25.857,106.067,106.065,3.94,2.25
2014.09.10,00:27:30.972,106.067,106.064,3.75,1.5
2014.09.10,00:27:31.754,106.067,106.063,5.25,3
2014.09.10,00:27:34.932,106.067,106.064,4.5,1
2014.09.10,00:27:37.278,106.067,106.064,4.5,3.19
2014.09.10,00:27:38.291,106.067,106.064,4.5,1
2014.09.10,00:27:39.253,106.066,106.064,1,1
2014.09.10,00:27:41.818,106.066,106.065,1,1
2014.09.10,00:27:42.324,106.067,106.065,1.69,1
2014.09.10,00:27:43.184,106.066,106.064,1.69,1
2014.09.10,00:27:43.386,106.062,106.06,1.69,1
2014.09.10,00:27:43.437,106.061,106.059,1,1
2014.09.10,00:27:43.488,106.06,106.058,1,1.5
2014.09.10,00:27:43.641,106.059,106.056,1.5,1.5
2014.09.10,00:27:44.145,106.059,106.055,1.5,1
2014.09.10,00:27:45.311,106.058,106.055,1,1
2014.09.10,00:27:45.815,106.058,106.054,2.25,1.5
2014.09.10,00:27:46.320,106.057,106.055,1,1
2014.09.10,00:27:46.825,106.058,106.056,1.5,1
2014.09.10,00:27:46.926,106.057,106.054,1,3
2014.09.10,00:27:47.431,106.058,106.054,1.5,3
2014.09.10,00:27:48.037,106.057,106.054,1,2.25
2014.09.10,00:27:48.696,106.057,106.055,1,1
2014.09.10,00:27:49.605,106.057,106.054,1,3
2014.09.10,00:27:50.244,106.058,106.054,1.5,2.25
2014.09.10,00:27:56.508,106.058,106.055,2.44,1
2014.09.10,00:27:57.013,106.058,106.056,2.44,1
2014.09.10,00:27:57.165,106.058,106.054,2.44,2.25
2014.09.10,00:27:58.421,106.058,106.055,1.69,1
2014.09.10,00:28:01.154,106.057,106.055,1,1
2014.09.10,00:28:01.306,106.056,106.053,1,1
2014.09.10,00:28:01.813,106.057,106.054,1.25,2.25
2014.09.10,00:28:02.318,106.057,106.055,1.25,1
2014.09.10,00:28:02.823,106.058,106.055,1.69,1
2014.09.10,00:28:04.325,106.058,106.054,1.25,1.25
2014.09.10,00:28:04.848,106.057,106.054,1.25,1.5
2014.09.10,00:28:08.272,106.058,106.055,1.19,1
2014.09.10,00:28:08.424,106.057,106.053,1.25,1.69
2014.09.10,00:28:08.929,106.056,106.053,1.69,1
2014.09.10,00:28:09.687,106.056,106.053,1.69,1
2014.09.10,00:28:10.347,106.056,106.052,3.19,2.25
2014.09.10,00:28:14.073,106.056,106.055,1.5,1
2014.09.10,00:28:14.175,106.056,106.053,1.5,1.5
2014.09.10,00:28:14.679,106.057,106.053,1.69,1
2014.09.10,00:28:15.306,106.057,106.054,1.25,1
2014.09.10,00:28:15.817,106.057,106.055,1.25,1.5
2014.09.10,00:28:18.626,106.056,106.055,1,1.5
2014.09.10,00:28:19.221,106.056,106.053,1,1.5
2014.09.10,00:28:28.254,106.057,106.055,1.69,1
2014.09.10,00:28:32.322,106.058,106.055,1.5,1
2014.09.10,00:28:33.545,106.058,106.055,3.19,1
2014.09.10,00:28:54.679,106.058,106.055,1.69,1
2014.09.10,00:28:54.982,106.056,106.055,1,1
2014.09.10,00:28:57.841,106.057,106.055,1.5,1
2014.09.10,00:29:00.802,106.057,106.056,1,1
2014.09.10,00:29:01.055,106.059,106.056,1.5,1.69
2014.09.10,00:29:01.106,106.059,106.058,1,1.5
2014.09.10,00:29:01.359,106.062,106.06,1,1
2014.09.10,00:29:01.461,106.064,106.06,3.19,1.69
2014.09.10,00:29:01.664,106.064,106.062,1,1
2014.09.10,00:29:02.471,106.063,106.06,1.25,1
2014.09.10,00:29:02.572,106.064,106.062,3.19,1
2014.09.10,00:29:02.775,106.065,106.062,1.25,1
2014.09.10,00:29:03.281,106.066,106.063,1.69,1
2014.09.10,00:29:03.382,106.064,106.063,1,1
2014.09.10,00:29:03.485,106.064,106.061,5.81,1.5
2014.09.10,00:29:04.498,106.065,106.061,3.19,2.25
2014.09.10,00:29:05.194,106.065,106.062,2.44,1
2014.09.10,00:29:05.734,106.066,106.062,1.69,1
2014.09.10,00:29:05.886,106.063,106.062,1,1
2014.09.10,00:29:05.987,106.063,106.059,1.69,2.25
2014.09.10,00:29:06.492,106.062,106.059,1.25,1
2014.09.10,00:29:11.302,106.063,106.059,3.19,2.25
2014.09.10,00:29:15.029,106.064,106.062,1.69,1
2014.09.10,00:29:15.080,106.064,106.06,1.69,2.44
2014.09.10,00:29:15.130,106.064,106.062,1.25,1
2014.09.10,00:29:15.637,106.065,106.063,4.69,1
2014.09.10,00:29:16.195,106.065,106.061,5.44,3.75
2014.09.10,00:29:25.077,106.065,106.062,1.69,1
2014.09.10,00:29:25.585,106.065,106.061,1.69,1.5
2014.09.10,00:29:25.686,106.062,106.061,1,1
2014.09.10,00:29:25.737,106.062,106.059,1.5,1
2014.09.10,00:29:25.889,106.06,106.058,1,1.69
2014.09.10,00:29:26.393,106.06,106.057,1,2.44
2014.09.10,00:29:26.916,106.061,106.057,1.69,3.19
2014.09.10,00:29:28.649,106.06,106.057,1,3.19
2014.09.10,00:29:30.133,106.06,106.057,1.69,1
2014.09.10,00:29:30.184,106.059,106.055,3.56,4.69
2014.09.10,00:29:30.690,106.058,106.055,1.69,1
2014.09.10,00:29:31.196,106.057,106.055,1,1
2014.09.10,00:29:46.199,106.058,106.057,3.75,1
2014.09.10,00:29:46.352,106.061,106.058,5.25,1.5
2014.09.10,00:29:46.857,106.061,106.059,3.75,1
2014.09.10,00:29:47.768,106.062,106.059,1.5,1
2014.09.10,00:29:48.276,106.062,106.06,1.5,1
2014.09.10,00:29:48.388,106.062,106.058,1.5,2.44
2014.09.10,00:29:50.100,106.062,106.059,1.5,1.25
2014.09.10,00:29:50.909,106.062,106.058,1.5,3.19
2014.09.10,00:29:54.405,106.06,106.058,1,1.69
2014.09.10,00:29:54.709,106.062,106.058,2.25,2.44
2014.09.10,00:29:55.116,106.06,106.058,1,1.25
2014.09.10,00:29:55.621,106.059,106.057,1.5,1.69
2014.09.10,00:29:55.924,106.059,106.056,1.5,1.5
2014.09.10,00:29:56.278,106.059,106.058,3.75,1
2014.09.10,00:29:56.329,106.061,106.058,2.25,1
2014.09.10,00:30:00.557,106.061,106.059,3.75,1
2014.09.10,00:30:01.389,106.062,106.059,4.12,1
2014.09.10,00:30:01.957,106.062,106.06,4.12,1
2014.09.10,00:30:02.361,106.065,106.062,1,1
2014.09.10,00:30:02.866,106.066,106.063,1,1
2014.09.10,00:30:02.967,106.067,106.065,1,1
2014.09.10,00:30:03.221,106.069,106.066,1,1
2014.09.10,00:30:03.676,106.071,106.066,6.75,1.69
2014.09.10,00:30:03.727,106.071,106.07,5.25,1
2014.09.10,00:30:03.879,106.073,106.069,3,1.5
2014.09.10,00:30:03.930,106.073,106.071,1.5,1.5
2014.09.10,00:30:03.980,106.075,106.071,1.5,2.25
2014.09.10,00:30:04.082,106.075,106.073,1.5,1
2014.09.10,00:30:04.183,106.075,106.071,1,3.75
2014.09.10,00:30:04.436,106.073,106.071,1,1.5
2014.09.10,00:30:04.841,106.072,106.069,1,1
2014.09.10,00:30:06.848,106.072,106.068,1,1
2014.09.10,00:30:07.356,106.072,106.069,1,1
2014.09.10,00:30:07.659,106.073,106.071,1,1
2014.09.10,00:30:08.142,106.075,106.072,4.5,1.25
2014.09.10,00:30:08.899,106.075,106.073,3.75,1
2014.09.10,00:30:09.253,106.077,106.073,6.19,1.25
2014.09.10,00:30:09.354,106.074,106.071,1.5,4.5
2014.09.10,00:30:09.506,106.072,106.069,1,2.44
2014.09.10,00:30:10.011,106.071,106.069,1.5,1.25
2014.09.10,00:30:10.516,106.071,106.068,1.69,1
2014.09.10,00:30:11.021,106.071,106.067,2.44,2.44
2014.09.10,00:30:11.769,106.07,106.066,1,3.19
2014.09.10,00:30:12.178,106.071,106.069,2.44,1
2014.09.10,00:30:14.286,106.073,106.07,1,2.25
2014.09.10,00:30:14.387,106.073,106.072,1,1
2014.09.10,00:30:14.541,106.075,106.072,6.19,1
2014.09.10,00:30:15.046,106.075,106.071,6.94,1
2014.09.10,00:30:15.560,106.074,106.07,6.56,1.5
2014.09.10,00:30:15.867,106.072,106.07,1,1.5
2014.09.10,00:30:16.321,106.074,106.07,6.19,1.5
2014.09.10,00:30:16.826,106.074,106.07,5.44,1.5
2014.09.10,00:30:17.332,106.074,106.07,3.94,3.19
2014.09.10,00:30:17.384,106.076,106.071,4.69,1.19
2014.09.10,00:30:17.687,106.073,106.07,1,2.25
2014.09.10,00:30:18.204,106.073,106.069,1.25,2.44
2014.09.10,00:30:18.921,106.073,106.071,1,1
2014.09.10,00:30:19.426,106.074,106.07,1.5,3.19
2014.09.10,00:30:20.032,106.074,106.072,1.5,1
2014.09.10,00:30:20.537,106.074,106.071,1,1.25
2014.09.10,00:30:21.043,106.074,106.072,1.5,1
2014.09.10,00:30:21.580,106.075,106.072,2.44,1
2014.09.10,00:30:23.990,106.077,106.074,3.94,1
2014.09.10,00:30:24.749,106.077,106.072,2.25,3.19
2014.09.10,00:30:24.951,106.077,106.074,3.75,1
2014.09.10,00:30:25.456,106.077,106.074,3.75,1
2014.09.10,00:30:25.557,106.077,106.072,3.75,1.69
2014.09.10,00:30:26.113,106.077,106.074,3.75,1
2014.09.10,00:30:26.770,106.077,106.073,3.19,2.44
2014.09.10,00:30:27.275,106.077,106.074,3.19,1
2014.09.10,00:30:27.812,106.077,106.074,3.19,1
2014.09.10,00:30:27.963,106.077,106.073,3.19,1.69
2014.09.10,00:30:28.418,106.077,106.074,3.19,1
2014.09.10,00:30:29.378,106.076,106.073,3.75,1.69
2014.09.10,00:30:29.428,106.074,106.071,8,1.5
2014.09.10,00:30:29.530,106.071,106.069,1,2.25
2014.09.10,00:30:29.732,106.069,106.066,1,3.19
2014.09.10,00:30:29.934,106.071,106.069,1.5,1
2014.09.10,00:30:30.441,106.073,106.07,1.25,1
2014.09.10,00:30:30.946,106.075,106.07,4.69,1.69
2014.09.10,00:30:31.451,106.075,106.071,3.94,1
2014.09.10,00:30:31.958,106.075,106.071,2.44,2.44
2014.09.10,00:30:32.471,106.074,106.071,1,1.69
2014.09.10,00:30:32.624,106.072,106.069,1.5,1.5
2014.09.10,00:30:32.675,106.071,106.067,1.5,3.19
2014.09.10,00:30:33.181,106.071,106.069,1.5,1
2014.09.10,00:30:33.333,106.073,106.069,5.44,1.69
2014.09.10,00:30:33.434,106.073,106.071,1.69,1
2014.09.10,00:30:33.969,106.074,106.07,5.25,2.44
2014.09.10,00:30:35.821,106.073,106.07,1,3.19
2014.09.10,00:30:36.530,106.074,106.07,1.25,2.44
2014.09.10,00:30:37.134,106.075,106.07,2.44,4.69
2014.09.10,00:30:38.182,106.075,106.073,1.5,1.25
2014.09.10,00:30:38.541,106.075,106.071,1.5,1
2014.09.10,00:30:39.188,106.075,106.072,1.25,1
2014.09.10,00:30:39.340,106.078,106.074,1.5,2.44
2014.09.10,00:30:39.441,106.078,106.076,1,2.44
2014.09.10,00:30:39.947,106.079,106.076,1,2.44
2014.09.10,00:30:41.160,106.078,106.076,1,2.44
2014.09.10,00:30:41.467,106.078,106.074,1,3.94
2014.09.10,00:30:42.036,106.078,106.075,1,1
2014.09.10,00:30:42.541,106.077,106.074,1.5,1
2014.09.10,00:30:43.062,106.077,106.073,2.44,2.44
2014.09.10,00:30:43.577,106.076,106.073,1,1.69
2014.09.10,00:30:44.292,106.076,106.072,1,2.44
2014.09.10,00:30:44.802,106.076,106.073,1,1.25
2014.09.10,00:30:48.163,106.077,106.073,1.69,1.25
2014.09.10,00:30:51.966,106.078,106.074,6.94,1
2014.09.10,00:30:52.578,106.077,106.073,1.25,1.69
2014.09.10,00:30:56.213,106.078,106.073,6.19,1.5
2014.09.10,00:30:56.745,106.078,106.072,6.94,3.19
2014.09.10,00:30:56.796,106.078,106.074,6.94,1
2014.09.10,00:30:57.304,106.077,106.073,1,1
2014.09.10,00:30:58.508,106.077,106.074,1,1
2014.09.10,00:30:59.012,106.078,106.074,3.19,1.69
2014.09.10,00:31:00.296,106.077,106.074,1,1.69
2014.09.10,00:31:00.832,106.078,106.075,1.69,1
2014.09.10,00:31:01.338,106.078,106.074,1.69,2.44
2014.09.10,00:31:07.469,106.078,106.075,1.25,1.5
2014.09.10,00:31:09.122,106.079,106.075,2.44,1.69
2014.09.10,00:31:09.424,106.079,106.077,1,1
2014.09.10,00:31:10.114,106.079,106.078,1,1.5
2014.09.10,00:31:10.417,106.083,106.082,1,1.5
2014.09.10,00:31:10.468,106.087,106.083,4.69,2.25
2014.09.10,00:31:10.620,106.083,106.082,1,1
2014.09.10,00:31:10.721,106.083,106.08,1.5,1.5
2014.09.10,00:31:10.822,106.081,106.08,1.25,1
2014.09.10,00:31:10.923,106.08,106.077,1,1.5
2014.09.10,00:31:12.490,106.08,106.078,1.25,1
2014.09.10,00:31:13.012,106.08,106.077,1,2.44
2014.09.10,00:31:13.518,106.08,106.078,1,1
2014.09.10,00:31:14.380,106.08,106.077,1,2.44
2014.09.10,00:31:14.899,106.08,106.076,2.44,3.19
2014.09.10,00:31:15.409,106.08,106.077,1.69,1
2014.09.10,00:31:18.261,106.078,106.075,1,4.69
2014.09.10,00:31:18.362,106.079,106.075,1,4.69
2014.09.10,00:31:21.733,106.079,106.076,2.44,1
2014.09.10,00:31:27.290,106.078,106.076,1.69,1
2014.09.10,00:31:27.341,106.076,106.074,1,1.25
2014.09.10,00:31:27.393,106.075,106.074,1.5,1
2014.09.10,00:31:27.495,106.075,106.072,3,1
2014.09.10,00:31:27.596,106.073,106.07,1,1.25
2014.09.10,00:31:27.698,106.072,106.068,2.25,1.5
2014.09.10,00:31:28.203,106.071,106.067,1,1.25
2014.09.10,00:31:28.355,106.069,106.066,1.5,1.19
2014.09.10,00:31:29.061,106.07,106.067,1.5,1.25
2014.09.10,00:31:29.566,106.07,106.066,1.5,2.25
2014.09.10,00:31:30.071,106.069,106.066,1,2.25
2014.09.10,00:31:30.575,106.07,106.067,2.25,1
2014.09.10,00:31:40.010,106.071,106.067,2.25,2.44
2014.09.10,00:31:40.533,106.07,106.067,1,2.44
2014.09.10,00:31:41.036,106.071,106.067,3,3.19
2014.09.10,00:31:42.111,106.07,106.067,1,3.19
2014.09.10,00:31:42.628,106.071,106.068,2.25,2.44
2014.09.10,00:31:44.013,106.072,106.07,3,2.75
2014.09.10,00:31:44.134,106.074,106.072,2.25,1
2014.09.10,00:31:44.640,106.075,106.072,1.5,2.44
2014.09.10,00:31:44.993,106.073,106.072,1,1.69
2014.09.10,00:31:45.505,106.074,106.072,4.5,3.19
2014.09.10,00:31:46.013,106.073,106.072,1,1.69
2014.09.10,00:31:49.624,106.073,106.071,1,3.19
2014.09.10,00:31:50.129,106.072,106.07,1,1.25
2014.09.10,00:31:50.785,106.073,106.07,1,2.44
2014.09.10,00:31:51.290,106.074,106.071,4.87,2.44
2014.09.10,00:31:52.438,106.074,106.07,4.87,1.5
2014.09.10,00:31:52.793,106.072,106.07,1,1
2014.09.10,00:31:53.198,106.072,106.068,1,3.94
2014.09.10,00:31:53.723,106.072,106.069,1.5,1
2014.09.10,00:31:54.228,106.073,106.069,1.5,3
2014.09.10,00:31:55.465,106.072,106.069,1,3.75
2014.09.10,00:31:55.516,106.07,106.069,1.5,1.5
2014.09.10,00:31:55.617,106.07,106.067,1.5,1.5
2014.09.10,00:31:56.128,106.069,106.067,1,1.69
2014.09.10,00:31:56.738,106.069,106.066,1,1.69
2014.09.10,00:31:57.193,106.067,106.065,1.5,2.44
2014.09.10,00:31:57.345,106.067,106.063,2.44,3.19
2014.09.10,00:31:57.547,106.065,106.062,1,2.44
2014.09.10,00:31:57.850,106.063,106.061,1,1
2014.09.10,00:31:58.053,106.061,106.058,1.5,1.25
2014.09.10,00:31:58.154,106.059,106.057,1,1.25
2014.09.10,00:31:58.457,106.059,106.054,6.19,2.25
2014.09.10,00:31:58.558,106.057,106.054,1.25,1.5
2014.09.10,00:31:59.063,106.056,106.054,1,1
2014.09.10,00:31:59.164,106.054,106.05,1,4.69
2014.09.10,00:31:59.687,106.053,106.05,1.5,1.25
2014.09.10,00:32:01.354,106.054,106.05,3.19,2.44
2014.09.10,00:32:01.858,106.054,106.051,1.25,1
2014.09.10,00:32:02.263,106.055,106.053,1,1
2014.09.10,00:32:02.771,106.056,106.053,1.69,1.5
2014.09.10,00:32:05.021,106.056,106.052,1.5,3
2014.09.10,00:32:05.526,106.055,106.052,1.25,1.5
2014.09.10,00:32:07.420,106.056,106.052,2.44,1.69
2014.09.10,00:32:07.751,106.061,106.055,1,6.25
2014.09.10,00:32:07.802,106.063,106.06,1,2.69
2014.09.10,00:32:07.853,106.063,106.061,1.5,1
2014.09.10,00:32:08.005,106.063,106.059,1.5,1
2014.09.10,00:32:08.106,106.061,106.059,1,1.5
2014.09.10,00:32:08.410,106.058,106.055,1.25,1.5
2014.09.10,00:32:08.764,106.057,106.053,1.5,1
2014.09.10,00:32:09.575,106.057,106.052,1.5,3.19
2014.09.10,00:32:10.080,106.057,106.053,1.69,1
2014.09.10,00:32:10.598,106.056,106.052,1.25,5.25
2014.09.10,00:32:10.801,106.054,106.051,1,3.19
2014.09.10,00:32:11.205,106.052,106.05,1,3.37
2014.09.10,00:32:11.307,106.054,106.05,1.69,5.06
2014.09.10,00:32:11.509,106.052,106.049,1,2.25
2014.09.10,00:32:11.610,106.054,106.05,3.94,1.5
2014.09.10,00:32:12.014,106.052,106.049,1,1
2014.09.10,00:32:12.115,106.054,106.05,3.19,1.5
2014.09.10,00:32:12.317,106.052,106.049,1,1
2014.09.10,00:32:12.418,106.054,106.049,2.44,2.25
2014.09.10,00:32:12.570,106.052,106.049,1,1
2014.09.10,00:32:12.773,106.054,106.049,1.5,1.5
2014.09.10,00:32:12.874,106.054,106.051,1,1
2014.09.10,00:32:18.609,106.054,106.052,1,1
2014.09.10,00:32:19.119,106.055,106.052,1.69,1.5
2014.09.10,00:32:20.545,106.054,106.052,1.25,1
2014.09.10,00:32:20.596,106.053,106.05,1,2.25
2014.09.10,00:32:21.101,106.054,106.05,1.69,3
2014.09.10,00:32:21.606,106.053,106.05,1,1.69
2014.09.10,00:32:22.515,106.053,106.049,2.44,1.69
2014.09.10,00:32:23.020,106.053,106.05,1.25,1
2014.09.10,00:32:23.544,106.053,106.048,1.69,3.19
2014.09.10,00:32:24.677,106.053,106.05,1.69,1
2014.09.10,00:32:25.182,106.054,106.05,1.5,1.5
2014.09.10,00:32:25.334,106.052,106.049,1,1
2014.09.10,00:32:30.441,106.053,106.049,1.69,1.5
2014.09.10,00:32:31.048,106.052,106.049,1,1
2014.09.10,00:32:32.246,106.053,106.049,1.25,1
2014.09.10,00:32:32.986,106.052,106.049,1.25,1.5
2014.09.10,00:32:33.239,106.05,106.046,1,3
2014.09.10,00:32:33.391,106.048,106.046,1,1.5
2014.09.10,00:32:33.895,106.047,106.045,1.25,1
2014.09.10,00:32:34.445,106.047,106.044,1.69,4.12
2014.09.10,00:32:34.950,106.047,106.046,1,1
2014.09.10,00:32:35.051,106.049,106.046,3.19,1
2014.09.10,00:32:35.558,106.048,106.046,1,1
2014.09.10,00:32:36.232,106.049,106.046,2.44,1
2014.09.10,00:32:36.737,106.048,106.046,1,1
2014.09.10,00:32:41.890,106.049,106.047,1.69,1
2014.09.10,00:32:41.992,106.051,106.047,1.25,2.25
2014.09.10,00:32:42.144,106.052,106.049,1.69,2.25
2014.09.10,00:32:43.177,106.053,106.05,1.69,1
2014.09.10,00:32:43.689,106.053,106.049,1,1
2014.09.10,00:32:44.452,106.052,106.049,1,1
2014.09.10,00:32:46.652,106.053,106.049,1.5,2.25
2014.09.10,00:32:49.656,106.052,106.049,1,3.94
2014.09.10,00:32:50.161,106.053,106.05,1.25,1
2014.09.10,00:32:51.281,106.053,106.049,1.69,2.44
2014.09.10,00:32:51.830,106.053,106.049,1.69,2.25
2014.09.10,00:32:53.453,106.053,106.05,1.69,1
2014.09.10,00:32:53.958,106.053,106.05,1,1
2014.09.10,00:32:54.716,106.054,106.051,3.19,1
2014.09.10,00:32:54.868,106.055,106.052,1,1.5
2014.09.10,00:32:55.373,106.056,106.052,1.25,1.5
2014.09.10,00:32:55.878,106.057,106.054,2.44,1
2014.09.10,00:32:56.585,106.057,106.055,2.44,1
2014.09.10,00:32:57.102,106.057,106.055,1.69,1
2014.09.10,00:32:58.370,106.057,106.054,1.25,2.25
2014.09.10,00:32:58.875,106.058,106.055,1.25,2.25
2014.09.10,00:32:59.178,106.061,106.059,1,2.25
2014.09.10,00:32:59.280,106.064,106.061,1.25,1.5
2014.09.10,00:33:01.348,106.064,106.062,1,1
2014.09.10,00:33:01.865,106.065,106.062,1.25,2.25
2014.09.10,00:33:02.372,106.064,106.062,1.25,1
2014.09.10,00:33:02.786,106.063,106.06,2.25,1.25
2014.09.10,00:33:03.290,106.063,106.059,4.69,1.5
2014.09.10,00:33:03.492,106.063,106.061,1,1
2014.09.10,00:33:03.594,106.065,106.062,3.19,1
2014.09.10,00:33:04.098,106.065,106.063,1,1.5
2014.09.10,00:33:04.734,106.065,106.062,1,3.19
2014.09.10,00:33:05.238,106.066,106.063,1.25,1
2014.09.10,00:33:08.714,106.066,106.062,2.44,4.69
2014.09.10,00:33:09.842,106.065,106.061,1.5,3.19
2014.09.10,00:33:12.041,106.065,106.061,1.5,2.44
2014.09.10,00:33:14.344,106.065,106.062,1.25,1
2014.09.10,00:33:16.246,106.064,106.061,1.5,1.69
2014.09.10,00:33:18.358,106.065,106.061,1.25,4.69
2014.09.10,00:33:18.459,106.066,106.063,2.44,1
2014.09.10,00:33:18.862,106.066,106.061,3.19,6.19
2014.09.10,00:33:19.993,106.066,106.062,3.19,1
2014.09.10,00:33:20.631,106.066,106.063,1.5,2.44
2014.09.10,00:33:21.175,106.066,106.064,1.5,1.25
2014.09.10,00:33:22.504,106.067,106.065,1.5,2.44
2014.09.10,00:33:23.125,106.068,106.065,1.5,3.19
2014.09.10,00:33:23.661,106.067,106.065,1,3.19
2014.09.10,00:33:24.064,106.069,106.065,3.94,3.94
2014.09.10,00:33:24.907,106.069,106.066,3,1.25
2014.09.10,00:33:26.018,106.069,106.065,3,3.94
2014.09.10,00:33:31.960,106.069,106.066,2.25,2.44
2014.09.10,00:33:34.266,106.07,106.067,3,2.44
2014.09.10,00:33:36.180,106.07,106.069,1,1
2014.09.10,00:33:36.685,106.071,106.069,1,1
2014.09.10,00:33:36.988,106.074,106.073,1,1.5
2014.09.10,00:33:37.291,106.082,106.078,6.56,2.44
2014.09.10,00:33:38.553,106.082,106.079,1.5,2.44
2014.09.10,00:33:41.280,106.081,106.078,1,1.5
2014.09.10,00:33:41.785,106.08,106.077,1,1.25
2014.09.10,00:33:42.693,106.08,106.076,1.5,2.25
2014.09.10,00:33:45.197,106.078,106.075,1.5,1.5
2014.09.10,00:33:45.703,106.077,106.074,1,1.25
2014.09.10,00:33:46.411,106.076,106.073,1,1
2014.09.10,00:33:46.916,106.077,106.073,2.25,2.25
2014.09.10,00:33:47.422,106.077,106.074,1,1.25
2014.09.10,00:33:48.580,106.078,106.074,3.94,1.69
2014.09.10,00:33:50.530,106.077,106.073,1,2.44
2014.09.10,00:33:51.510,106.077,106.073,1,1
2014.09.10,00:33:52.014,106.078,106.072,3.94,5.44
2014.09.10,00:33:53.088,106.076,106.072,1,3.94
2014.09.10,00:33:53.393,106.073,106.07,1.25,2.25
2014.09.10,00:33:53.546,106.073,106.068,1.69,8.81
2014.09.10,00:33:55.100,106.071,106.068,1,1.5
2014.09.10,00:33:55.353,106.071,106.066,2.25,3.19
2014.09.10,00:33:55.865,106.071,106.067,1,1
2014.09.10,00:33:56.373,106.07,106.066,1.5,3
2014.09.10,00:33:56.886,106.07,106.067,1,1
2014.09.10,00:33:58.068,106.071,106.067,2.44,1
2014.09.10,00:33:58.573,106.071,106.067,3.19,1
2014.09.10,00:33:59.610,106.071,106.066,3.94,2.44
2014.09.10,00:34:00.612,106.071,106.067,3.94,1
2014.09.10,00:34:01.519,106.071,106.067,3.19,1
2014.09.10,00:34:01.924,106.072,106.07,1.25,1
2014.09.10,00:34:02.227,106.075,106.072,1.25,1
2014.09.10,00:34:02.631,106.075,106.072,3.19,1
2014.09.10,00:34:03.136,106.074,106.072,1.25,1
2014.09.10,00:34:04.164,106.075,106.072,2.44,1
2014.09.10,00:34:04.821,106.076,106.073,2.25,1.25
2014.09.10,00:34:05.325,106.077,106.074,1.25,1.5
2014.09.10,00:34:05.831,106.077,106.073,1.69,1.69
2014.09.10,00:34:08.455,106.076,106.073,1.25,1
2014.09.10,00:34:08.968,106.076,106.072,1.25,4.69
2014.09.10,00:34:09.469,106.077,106.073,1.69,1
2014.09.10,00:34:10.229,106.077,106.073,1,1.69
2014.09.10,00:34:10.634,106.077,106.074,1,2.75
2014.09.10,00:34:11.139,106.078,106.075,1,1.25
2014.09.10,00:34:11.644,106.078,106.074,1,2.25
2014.09.10,00:34:12.148,106.079,106.076,1.5,1
2014.09.10,00:34:12.656,106.08,106.076,2.25,1.5
2014.09.10,00:34:14.385,106.08,106.076,2.25,2.44
2014.09.10,00:34:15.168,106.081,106.077,3.19,1.69
2014.09.10,00:34:15.673,106.081,106.078,1.5,1.25
