Time,Ask,Bid,AskVolume,BidVolume,
2014.09.12,00:00:00.498,1.29228,1.29224,1,2.25
2014.09.12,00:00:01.004,1.29227,1.29224,1,2.25
2014.09.12,00:00:01.511,1.29226,1.29224,1,1
2014.09.12,00:00:01.920,1.29229,1.29224,3.19,1
2014.09.12,00:00:02.477,1.29228,1.29224,1.5,1
2014.09.12,00:00:03.185,1.29228,1.29224,1.5,1.92
2014.09.12,00:00:08.651,1.29228,1.29226,1.5,1
2014.09.12,00:00:09.978,1.29228,1.29225,1.5,1.5
2014.09.12,00:00:14.334,1.29228,1.29226,1,1
2014.09.12,00:00:14.588,1.2923,1.29226,1.69,1
2014.09.12,00:00:14.639,1.29228,1.29226,1.5,1
2014.09.12,00:00:15.149,1.29226,1.29225,1,1
2014.09.12,00:00:15.658,1.29227,1.29225,1,1
2014.09.12,00:00:16.202,1.29227,1.29224,1.5,1
2014.09.12,00:00:16.911,1.29227,1.29223,1.5,3
2014.09.12,00:00:21.357,1.29228,1.29223,1,4.5
2014.09.12,00:00:21.660,1.2923,1.29226,2.62,1
2014.09.12,00:00:21.964,1.29231,1.29229,1.87,2.5
2014.09.12,00:00:22.127,1.29233,1.2923,2.25,1.5
2014.09.12,00:00:22.532,1.29235,1.29233,1.5,1
2014.09.12,00:00:22.634,1.29237,1.29233,1.69,1
2014.09.12,00:00:23.423,1.29237,1.29236,1.5,1
2014.09.12,00:00:23.525,1.29239,1.29235,1,1.25
2014.09.12,00:00:24.751,1.2924,1.29236,5.25,1.25
2014.09.12,00:00:24.920,1.29238,1.29236,1,1.25
2014.09.12,00:00:25.439,1.29239,1.29236,1,1.69
2014.09.12,00:00:26.059,1.2924,1.29236,2.25,1.5
2014.09.12,00:00:26.573,1.29239,1.29235,2.25,1.69
2014.09.12,00:00:27.088,1.29238,1.29235,1,1.69
2014.09.12,00:00:27.601,1.29238,1.29234,1.5,1.5
2014.09.12,00:00:28.668,1.29239,1.29235,2.25,1.25
2014.09.12,00:00:32.088,1.29237,1.29235,1.5,1
2014.09.12,00:00:32.593,1.29238,1.29234,1,1.5
2014.09.12,00:00:33.724,1.29238,1.29235,2.25,1
2014.09.12,00:00:34.230,1.29238,1.29236,1,1
2014.09.12,00:00:34.736,1.29238,1.29235,1,1.69
2014.09.12,00:00:35.251,1.29239,1.29237,1,1.25
2014.09.12,00:00:35.605,1.29241,1.29238,5.25,1
2014.09.12,00:00:36.124,1.2924,1.29238,1,1
2014.09.12,00:00:37.468,1.2924,1.29238,1,1
2014.09.12,00:00:39.759,1.29241,1.29239,3,1
2014.09.12,00:00:40.283,1.2924,1.29239,1,1
2014.09.12,00:00:41.789,1.29241,1.29239,2.25,1
2014.09.12,00:00:43.981,1.29241,1.29239,2.25,1
2014.09.12,00:00:46.192,1.2924,1.29237,1,1.5
2014.09.12,00:00:46.698,1.29241,1.29239,3,1
2014.09.12,00:00:47.259,1.29242,1.2924,1.5,1
2014.09.12,00:00:47.412,1.29243,1.29242,1,1.5
2014.09.12,00:00:47.514,1.29245,1.29242,1.12,1.5
2014.09.12,00:00:47.615,1.29247,1.29244,1.5,1
2014.09.12,00:00:48.123,1.2925,1.29245,4.69,2.25
2014.09.12,00:00:49.184,1.29249,1.29245,1,1.69
2014.09.12,00:00:49.892,1.29249,1.29246,1,1.5
2014.09.12,00:00:50.702,1.29249,1.29247,1,1
2014.09.12,00:00:50.804,1.29247,1.29244,1.5,1.69
2014.09.12,00:00:51.006,1.29246,1.29242,1,7.31
2014.09.12,00:00:51.462,1.29246,1.29241,2.25,1.87
2014.09.12,00:00:51.968,1.29245,1.2924,1,4.5
2014.09.12,00:00:52.877,1.29244,1.2924,1.5,3
2014.09.12,00:00:53.383,1.29243,1.29239,2.25,1
2014.09.12,00:00:54.118,1.29241,1.29238,1,1.5
2014.09.12,00:00:54.636,1.29242,1.29238,1,3.94
2014.09.12,00:00:55.515,1.29241,1.29237,2.25,1.69
2014.09.12,00:00:55.617,1.29241,1.29235,5.62,9.19
2014.09.12,00:00:55.668,1.29241,1.29237,4.87,1
2014.09.12,00:01:00.506,1.29239,1.29237,1.5,1
2014.09.12,00:01:02.551,1.2924,1.29237,1.5,1
2014.09.12,00:01:05.024,1.29239,1.29235,1.2,2.44
2014.09.12,00:01:05.530,1.29239,1.29234,1,10.39
2014.09.12,00:01:06.035,1.29239,1.29235,2.25,2.44
2014.09.12,00:01:08.797,1.2924,1.29236,1.5,1.5
2014.09.12,00:01:09.304,1.2924,1.29237,1.5,1
2014.09.12,00:01:10.365,1.29239,1.29237,1,1
2014.09.12,00:01:10.871,1.2924,1.29237,1,1
2014.09.12,00:01:11.531,1.29238,1.29237,1,1
2014.09.12,00:01:12.073,1.29239,1.29237,1,1
2014.09.12,00:01:12.601,1.2924,1.29237,2.25,1
2014.09.12,00:01:15.775,1.29238,1.29237,1,1
2014.09.12,00:01:15.980,1.2924,1.29237,1,1
2014.09.12,00:01:18.257,1.29239,1.29237,1,1
2014.09.12,00:01:19.688,1.2924,1.29237,4.5,1
2014.09.12,00:01:20.292,1.29239,1.29237,1,1
2014.09.12,00:01:20.797,1.29239,1.29237,1,1
2014.09.12,00:01:21.376,1.29238,1.29235,1,5.51
2014.09.12,00:01:21.478,1.2924,1.29238,3.75,1
2014.09.12,00:01:22.166,1.29239,1.29237,1.5,1
2014.09.12,00:01:22.673,1.29238,1.29235,1,6.26
2014.09.12,00:01:23.221,1.29239,1.29236,1,1.25
2014.09.12,00:01:23.735,1.29238,1.29235,1,3.64
2014.09.12,00:01:27.200,1.29238,1.29236,1,1
2014.09.12,00:01:30.625,1.29238,1.29235,1,1.5
2014.09.12,00:01:32.851,1.29239,1.29238,1,1
2014.09.12,00:01:32.953,1.29239,1.29236,1.5,5.25
2014.09.12,00:01:33.106,1.29238,1.29234,1,3.56
2014.09.12,00:01:33.308,1.29235,1.29232,1.5,4.72
2014.09.12,00:01:33.359,1.29235,1.29232,1.5,3.22
2014.09.12,00:01:33.511,1.29237,1.29232,3,3.19
2014.09.12,00:01:34.503,1.29237,1.29233,1,4.12
2014.09.12,00:01:35.054,1.29238,1.29233,1.5,4.12
2014.09.12,00:01:36.321,1.29238,1.29233,1.5,4.31
2014.09.12,00:01:37.298,1.29238,1.29233,1.5,5.06
2014.09.12,00:01:38.690,1.29238,1.29233,1.5,3.94
2014.09.12,00:01:39.757,1.29238,1.29233,1.5,4.31
2014.09.12,00:01:40.267,1.29238,1.29233,1.5,4.31
2014.09.12,00:01:40.985,1.29238,1.29233,1.5,4.31
2014.09.12,00:01:41.983,1.29238,1.29233,1.5,4.31
2014.09.12,00:01:42.749,1.29238,1.29233,1.5,4.31
2014.09.12,00:01:43.404,1.29238,1.29233,1.5,4.31
2014.09.12,00:01:44.323,1.29238,1.29233,1.5,4.31
2014.09.12,00:01:44.881,1.29238,1.29233,1.5,4.31
2014.09.12,00:01:45.789,1.29238,1.29234,2.44,1.37
2014.09.12,00:01:46.298,1.29238,1.29234,2.44,1.12
2014.09.12,00:01:47.108,1.29238,1.29234,1.69,1.37
2014.09.12,00:01:47.699,1.29238,1.29234,2.44,1.12
2014.09.12,00:01:48.619,1.29238,1.29234,2.44,1.37
2014.09.12,00:01:49.422,1.29238,1.29234,2.44,1.12
2014.09.12,00:01:50.254,1.29238,1.29234,2.44,1.37
2014.09.12,00:01:50.764,1.29238,1.29234,2.44,1.12
2014.09.12,00:01:51.587,1.29238,1.29234,1,1.37
2014.09.12,00:01:52.112,1.29238,1.29234,1,1.12
2014.09.12,00:01:52.696,1.29239,1.29235,2.44,1.1
2014.09.12,00:01:53.203,1.29239,1.29234,2.44,1.12
2014.09.12,00:01:53.827,1.29239,1.29235,2.44,1.05
2014.09.12,00:01:54.371,1.29239,1.29234,2.44,1.16
2014.09.12,00:01:54.904,1.29239,1.29235,2.44,1.16
2014.09.12,00:01:56.535,1.29238,1.29235,1,2.29
2014.09.12,00:01:57.179,1.29238,1.29234,1,1.91
2014.09.12,00:01:58.423,1.29238,1.29234,1.5,1.91
2014.09.12,00:01:58.931,1.29238,1.29234,2.44,1.91
2014.09.12,00:01:59.802,1.29238,1.29234,3.19,1.41
2014.09.12,00:02:00.308,1.29238,1.29234,3.94,1.16
2014.09.12,00:02:00.849,1.29238,1.29234,3.94,1.16
2014.09.12,00:02:01.456,1.29238,1.29234,2.44,1.41
2014.09.12,00:02:01.966,1.29237,1.29234,1.25,1.16
2014.09.12,00:02:02.525,1.29237,1.29234,1.25,1.41
2014.09.12,00:02:03.131,1.29237,1.29234,1.25,1.16
2014.09.12,00:02:04.090,1.29237,1.29234,1.25,1.41
2014.09.12,00:02:04.613,1.29237,1.29234,1.25,1.16
2014.09.12,00:02:05.126,1.29237,1.29234,1.25,1.41
2014.09.12,00:02:05.690,1.29237,1.29234,1.25,1.16
2014.09.12,00:02:07.117,1.29237,1.29234,1.25,1.41
2014.09.12,00:02:07.638,1.29237,1.29234,1.25,1.16
2014.09.12,00:02:08.146,1.29238,1.29234,3.94,1.16
2014.09.12,00:02:09.278,1.29238,1.29234,2.25,1.41
2014.09.12,00:02:09.779,1.29237,1.29234,1,1.16
2014.09.12,00:02:10.495,1.29237,1.29234,1,1.41
2014.09.12,00:02:11.206,1.29237,1.29234,1,1.16
2014.09.12,00:02:11.755,1.29237,1.29234,1.5,1.41
2014.09.12,00:02:12.379,1.29237,1.29234,1.5,1.16
2014.09.12,00:02:12.939,1.29237,1.29234,1.5,1.41
2014.09.12,00:02:14.407,1.29237,1.29234,1.5,1.16
2014.09.12,00:02:15.170,1.29237,1.29234,1.5,1.41
2014.09.12,00:02:15.679,1.29237,1.29234,1.5,1.16
2014.09.12,00:02:17.559,1.29237,1.29234,1.69,1.41
2014.09.12,00:02:18.144,1.29237,1.29234,1.69,1.16
2014.09.12,00:02:19.639,1.29236,1.29234,1.25,1.16
2014.09.12,00:02:20.445,1.29236,1.29234,1.25,1.41
2014.09.12,00:02:21.025,1.29236,1.29234,1.25,1.16
2014.09.12,00:02:21.556,1.29237,1.29234,2.44,1.16
2014.09.12,00:02:22.062,1.29236,1.29232,2.25,2.66
2014.09.12,00:02:22.672,1.29236,1.29232,3.19,2.66
2014.09.12,00:02:22.824,1.29236,1.29232,2.81,2.25
2014.09.12,00:02:23.341,1.29233,1.29232,1,1.5
2014.09.12,00:02:23.545,1.2923,1.29228,1.5,1
2014.09.12,00:02:23.647,1.29228,1.29227,1,1
2014.09.12,00:02:23.750,1.29226,1.29223,1,2.25
2014.09.12,00:02:24.207,1.29224,1.29221,1.25,1.12
2014.09.12,00:02:25.166,1.29225,1.29221,1.25,1
2014.09.12,00:02:30.247,1.29225,1.29222,1.69,1
2014.09.12,00:02:33.954,1.29225,1.29223,1.69,1
2014.09.12,00:02:34.621,1.29225,1.29223,1.69,1
2014.09.12,00:02:39.139,1.29225,1.29223,2.81,1
2014.09.12,00:02:41.649,1.29226,1.29224,2.44,1
2014.09.12,00:02:41.750,1.29224,1.29222,1,1
2014.09.12,00:02:45.968,1.29224,1.29222,1.25,1.5
2014.09.12,00:02:48.544,1.29226,1.29222,2.81,1.5
2014.09.12,00:02:56.638,1.29227,1.29222,3,2.25
2014.09.12,00:02:56.942,1.29227,1.29224,1,1
2014.09.12,00:02:56.992,1.29229,1.29224,5.06,1
2014.09.12,00:02:57.094,1.29227,1.29225,1,1.5
2014.09.12,00:02:57.559,1.29225,1.29224,1,1
2014.09.12,00:02:57.661,1.29227,1.29224,4.12,1
2014.09.12,00:02:57.711,1.29224,1.29222,1,1.5
2014.09.12,00:02:57.864,1.29224,1.2922,1.5,3.19
2014.09.12,00:03:00.415,1.29225,1.29221,1.5,1
2014.09.12,00:03:01.797,1.29225,1.29223,1.12,1
2014.09.12,00:03:02.610,1.29226,1.29223,4.12,1
2014.09.12,00:03:03.118,1.29228,1.29224,1.5,2.25
2014.09.12,00:03:03.649,1.29228,1.29224,1,2.66
2014.09.12,00:03:04.106,1.29229,1.29226,2.25,1
2014.09.12,00:03:04.612,1.2923,1.29226,3,1
2014.09.12,00:03:09.292,1.2923,1.29225,3.75,1
2014.09.12,00:03:11.084,1.29229,1.29225,1,1.91
2014.09.12,00:03:12.163,1.29228,1.29224,1,3.22
2014.09.12,00:03:12.712,1.29228,1.29224,1,1.87
2014.09.12,00:03:13.218,1.29228,1.29224,1,1.87
2014.09.12,00:03:13.735,1.29228,1.29224,1,1.87
2014.09.12,00:03:14.269,1.29228,1.29224,1,1.87
2014.09.12,00:03:15.090,1.29228,1.29224,1,1.87
2014.09.12,00:03:15.601,1.29228,1.29224,1,1.87
2014.09.12,00:03:16.317,1.29228,1.29224,1,1.87
2014.09.12,00:03:16.883,1.29228,1.29224,1,2.06
2014.09.12,00:03:18.051,1.29228,1.29224,1,2.06
2014.09.12,00:03:18.554,1.29228,1.29224,1,2.06
2014.09.12,00:03:19.116,1.29228,1.29224,1,1.87
2014.09.12,00:03:19.738,1.29228,1.29224,1,2.25
2014.09.12,00:03:20.539,1.29228,1.29224,1,1.87
2014.09.12,00:03:21.074,1.29228,1.29224,1,1.87
2014.09.12,00:03:22.104,1.29228,1.29224,1,1.87
2014.09.12,00:03:22.822,1.29228,1.29224,1,1.87
2014.09.12,00:03:23.525,1.29228,1.29224,1,4.72
2014.09.12,00:03:27.275,1.29228,1.29227,1,1.5
2014.09.12,00:03:27.327,1.2923,1.29228,1,1.5
2014.09.12,00:03:27.681,1.29229,1.29225,1.5,3.56
2014.09.12,00:03:28.290,1.29229,1.29226,1,1
2014.09.12,00:03:29.092,1.29229,1.29227,1,1
2014.09.12,00:03:29.971,1.29229,1.29228,1,1
2014.09.12,00:03:33.897,1.29229,1.29226,1.5,1
2014.09.12,00:03:34.407,1.29229,1.29227,1,1
2014.09.12,00:03:34.923,1.29229,1.29226,1,1.5
2014.09.12,00:03:40.682,1.2923,1.29226,1,1.5
2014.09.12,00:03:43.379,1.29231,1.29226,5.62,1.5
2014.09.12,00:03:43.891,1.29231,1.29226,5.62,1.5
2014.09.12,00:03:44.604,1.29231,1.29226,5.62,1.5
2014.09.12,00:03:45.222,1.29231,1.29226,5.62,1.5
2014.09.12,00:03:45.988,1.29231,1.29226,5.62,1.5
2014.09.12,00:03:46.499,1.29231,1.29226,5.62,1.5
2014.09.12,00:03:47.010,1.29231,1.29226,5.62,1.5
2014.09.12,00:03:47.540,1.29231,1.29226,5.62,1.5
2014.09.12,00:03:48.253,1.29231,1.29226,5.62,1.5
2014.09.12,00:03:50.240,1.29231,1.29226,4.31,1.69
2014.09.12,00:03:50.746,1.29231,1.29226,4.31,2.06
2014.09.12,00:03:53.701,1.2923,1.29225,1,6
2014.09.12,00:03:54.328,1.29231,1.29225,3.94,3.75
2014.09.12,00:03:54.903,1.29231,1.29225,5.44,3.75
2014.09.12,00:03:59.310,1.2923,1.29226,5.44,1
2014.09.12,00:04:00.126,1.2923,1.29227,3.19,1
2014.09.12,00:04:00.228,1.2923,1.29225,2.44,2.25
2014.09.12,00:04:00.994,1.2923,1.29227,1.25,1
2014.09.12,00:04:01.203,1.2923,1.29225,1.25,2.25
2014.09.12,00:04:02.293,1.29231,1.29226,8.44,1.5
2014.09.12,00:04:05.137,1.29229,1.29226,1.25,1
2014.09.12,00:04:06.406,1.29229,1.29225,1.25,2.51
2014.09.12,00:04:07.821,1.2923,1.29225,4.69,2.51
2014.09.12,00:04:09.262,1.29229,1.29225,1.25,1.5
2014.09.12,00:04:10.927,1.2923,1.29225,1.69,1.5
2014.09.12,00:04:19.532,1.2923,1.29226,2.06,1
2014.09.12,00:04:21.158,1.29229,1.29226,1.5,1.5
2014.09.12,00:04:21.688,1.2923,1.29226,2.44,2.25
2014.09.12,00:04:33.617,1.29229,1.29226,1.25,2.62
2014.09.12,00:04:34.712,1.2923,1.29226,5.06,1.12
2014.09.12,00:04:40.146,1.2923,1.29227,4.69,1
2014.09.12,00:04:41.649,1.2923,1.29226,4.69,1.5
2014.09.12,00:04:42.196,1.2923,1.29227,4.69,1
2014.09.12,00:04:42.702,1.2923,1.29226,1.25,3
2014.09.12,00:04:45.909,1.2923,1.29226,2.44,2.25
2014.09.12,00:04:47.234,1.2923,1.29226,2.44,2.25
2014.09.12,00:04:48.347,1.2923,1.29226,2.44,3.75
2014.09.12,00:04:49.016,1.2923,1.29227,2.44,1.5
2014.09.12,00:04:50.130,1.2923,1.29228,3.19,1
2014.09.12,00:04:51.351,1.2923,1.29227,2.44,1
2014.09.12,00:04:51.880,1.2923,1.29228,3.19,1
2014.09.12,00:04:52.387,1.2923,1.29227,2.44,1
2014.09.12,00:04:52.890,1.2923,1.29226,2.44,3.75
2014.09.12,00:04:54.334,1.2923,1.29227,2.44,1
2014.09.12,00:05:04.698,1.2923,1.29227,2.44,1
2014.09.12,00:05:05.407,1.2923,1.29226,1.69,1.5
2014.09.12,00:05:06.491,1.2923,1.29227,3.19,1
2014.09.12,00:05:07.004,1.2923,1.29226,3.94,1
2014.09.12,00:05:10.210,1.29229,1.29226,2.44,1
2014.09.12,00:05:12.247,1.2923,1.29226,1.69,1
2014.09.12,00:05:15.084,1.29231,1.29226,3.37,1.5
2014.09.12,00:05:15.337,1.2923,1.29228,1.31,1
2014.09.12,00:05:15.843,1.2923,1.29229,1,1
2014.09.12,00:05:16.390,1.29234,1.29229,1.5,3.75
2014.09.12,00:05:16.441,1.29234,1.29231,1.5,1
2014.09.12,00:05:16.745,1.29237,1.29235,1.5,1
2014.09.12,00:05:17.086,1.2924,1.29236,3,1
2014.09.12,00:05:17.593,1.2924,1.29237,1.87,1
2014.09.12,00:05:18.303,1.2924,1.29236,2.25,1
2014.09.12,00:05:18.810,1.2924,1.29235,2.25,3.19
2014.09.12,00:05:21.962,1.29239,1.29235,1,5.06
2014.09.12,00:05:31.960,1.29239,1.29235,1,2.44
2014.09.12,00:05:32.659,1.29239,1.29235,1,1.5
2014.09.12,00:05:46.624,1.29239,1.29236,1.69,1
2014.09.12,00:05:47.483,1.29239,1.29235,1,3.37
2014.09.12,00:05:53.633,1.29239,1.29236,1.5,1
2014.09.12,00:06:00.200,1.29239,1.29238,1.5,1
2014.09.12,00:06:00.453,1.29239,1.29235,1,4.12
2014.09.12,00:06:01.017,1.2924,1.29235,6.94,2.25
2014.09.12,00:06:01.539,1.29239,1.29235,1.25,1.5
2014.09.12,00:06:03.369,1.29239,1.29236,1.69,1
2014.09.12,00:06:03.941,1.29239,1.29235,3.19,3
2014.09.12,00:06:04.486,1.29239,1.29236,3.94,1
2014.09.12,00:06:05.008,1.29239,1.29235,3.94,2.25
2014.09.12,00:06:05.770,1.29238,1.29235,1.25,2.25
2014.09.12,00:06:10.362,1.29238,1.29235,2.44,2.62
2014.09.12,00:06:11.375,1.29239,1.29235,2.44,2.25
2014.09.12,00:06:11.527,1.29237,1.29235,1,1.5
2014.09.12,00:06:12.956,1.29239,1.29235,6.19,1
2014.09.12,00:06:13.747,1.29237,1.29235,1,1.12
2014.09.12,00:06:15.293,1.29239,1.29235,4.69,1
2014.09.12,00:06:15.800,1.29239,1.29235,5.44,1
2014.09.12,00:06:16.915,1.29238,1.29235,1,1
2014.09.12,00:06:17.424,1.29239,1.29235,3.19,1.5
2014.09.12,00:06:19.286,1.29238,1.29235,1,1.87
2014.09.12,00:06:20.724,1.29239,1.29235,2.44,2.62
2014.09.12,00:06:24.664,1.29239,1.29236,1.25,1
2014.09.12,00:06:26.816,1.2924,1.29235,3.19,3.75
2014.09.12,00:06:29.540,1.2924,1.29236,4.69,1
2014.09.12,00:06:30.049,1.29239,1.29235,1.25,3
2014.09.12,00:06:30.715,1.29239,1.29235,3.19,4.12
2014.09.12,00:06:32.601,1.29239,1.29235,1.25,2.25
2014.09.12,00:06:34.392,1.2924,1.29238,3.75,1
2014.09.12,00:06:34.544,1.2924,1.29237,1.25,6
2014.09.12,00:06:34.848,1.29242,1.29239,3.56,1
2014.09.12,00:06:35.912,1.29243,1.2924,2.44,1
2014.09.12,00:06:36.419,1.29243,1.29241,2.44,1
2014.09.12,00:06:37.027,1.29244,1.29241,4.69,1
2014.09.12,00:06:43.164,1.29243,1.29241,1,1
2014.09.12,00:06:49.605,1.29244,1.29241,1.5,1
2014.09.12,00:06:57.043,1.29244,1.2924,1.69,1
2014.09.12,00:06:58.502,1.29242,1.2924,1,1
2014.09.12,00:06:58.957,1.29241,1.29238,1.5,2.25
2014.09.12,00:07:02.848,1.29241,1.29237,2.25,3.75
2014.09.12,00:07:04.024,1.29241,1.29238,2.25,1
2014.09.12,00:07:09.760,1.29242,1.29238,1.5,1.5
2014.09.12,00:07:10.640,1.29241,1.29238,1,1
2014.09.12,00:07:14.077,1.29241,1.29239,1,1
2014.09.12,00:07:14.536,1.29241,1.29237,1,3
2014.09.12,00:07:15.095,1.29241,1.29238,1,1
2014.09.12,00:07:15.605,1.29241,1.29237,1,2.25
2014.09.12,00:07:16.731,1.29241,1.29239,1,1
2014.09.12,00:07:17.847,1.29241,1.29238,1,1.5
2014.09.12,00:07:18.394,1.29241,1.29237,1,3.19
2014.09.12,00:07:19.498,1.29241,1.29238,1,1
2014.09.12,00:07:21.309,1.29241,1.29239,1,1
2014.09.12,00:07:22.233,1.29241,1.29239,1.5,1
2014.09.12,00:07:22.284,1.29241,1.29236,1.5,5.25
2014.09.12,00:07:22.335,1.29241,1.29238,1.5,1
2014.09.12,00:07:23.256,1.29241,1.29238,1.69,1.5
2014.09.12,00:07:23.771,1.29241,1.29238,1.31,1
2014.09.12,00:07:27.528,1.2924,1.29238,1.25,1
2014.09.12,00:07:27.630,1.2924,1.29236,1.25,3
2014.09.12,00:07:28.034,1.29238,1.29236,1,1
2014.09.12,00:07:35.961,1.2924,1.29236,3.94,1
2014.09.12,00:07:37.973,1.29239,1.29236,2.44,1
2014.09.12,00:07:39.099,1.29239,1.29236,1.25,1
2014.09.12,00:07:41.103,1.29239,1.29236,2.44,1
2014.09.12,00:07:42.410,1.29239,1.29236,1.25,1
2014.09.12,00:07:42.865,1.29238,1.29235,1,1
2014.09.12,00:07:43.017,1.29235,1.29233,1,1
2014.09.12,00:07:43.170,1.29234,1.2923,1.5,3.75
2014.09.12,00:07:43.220,1.29235,1.29232,1.12,1
2014.09.12,00:07:43.374,1.29234,1.2923,1.5,3.75
2014.09.12,00:07:45.282,1.29233,1.29229,1,2.29
2014.09.12,00:07:45.738,1.2923,1.29229,1,1.16
2014.09.12,00:07:45.840,1.29229,1.29227,1,2.25
2014.09.12,00:07:45.942,1.29228,1.29225,1,3.75
2014.09.12,00:07:46.452,1.29227,1.29225,1,1
2014.09.12,00:07:47.607,1.29227,1.29226,1,1
2014.09.12,00:07:49.824,1.29229,1.29226,3.19,1
2014.09.12,00:07:52.647,1.29229,1.29226,2.44,1
2014.09.12,00:07:53.216,1.29229,1.29225,3.19,1.5
2014.09.12,00:07:53.723,1.29229,1.29226,2.44,1
2014.09.12,00:07:54.609,1.29229,1.29225,2.44,1
2014.09.12,00:07:55.942,1.29229,1.29226,1.25,1.5
2014.09.12,00:08:02.016,1.29229,1.29225,1.5,2.25
2014.09.12,00:08:02.588,1.29226,1.29225,1,1
2014.09.12,00:08:02.893,1.29224,1.29222,1.5,1
2014.09.12,00:08:02.944,1.29224,1.2922,2.25,5.62
2014.09.12,00:08:03.148,1.29223,1.29219,3.94,2.25
2014.09.12,00:08:03.656,1.29223,1.29218,2.44,3
2014.09.12,00:08:08.060,1.29223,1.2922,2.44,1
2014.09.12,00:08:09.143,1.29223,1.2922,2.44,1
2014.09.12,00:08:09.673,1.29222,1.2922,1,1
2014.09.12,00:08:10.034,1.29222,1.29218,1,1.5
2014.09.12,00:08:10.568,1.29222,1.29219,3.19,1
2014.09.12,00:08:14.661,1.29222,1.29219,1.25,1.5
2014.09.12,00:08:18.009,1.29223,1.29219,4.69,1
2014.09.12,00:08:18.319,1.29221,1.29219,1,1
2014.09.12,00:08:20.075,1.29221,1.29218,1.5,1
2014.09.12,00:08:20.644,1.2922,1.29218,1.5,1
2014.09.12,00:08:21.684,1.29219,1.29218,1,1
2014.09.12,00:08:26.524,1.2922,1.29217,3.19,1
2014.09.12,00:08:27.030,1.29218,1.29215,1,1.5
2014.09.12,00:08:27.540,1.29218,1.29215,1,3
2014.09.12,00:08:27.693,1.2922,1.29217,3.94,1
2014.09.12,00:08:28.199,1.29219,1.29217,1.5,1
2014.09.12,00:08:29.784,1.29218,1.29215,1,2.25
2014.09.12,00:08:30.290,1.29218,1.29215,1,2.25
2014.09.12,00:08:32.726,1.29218,1.29216,1.69,1
2014.09.12,00:08:33.182,1.29216,1.29214,1.87,1.5
2014.09.12,00:08:33.386,1.29213,1.29212,1,1
2014.09.12,00:08:34.398,1.29214,1.29212,3.19,1
2014.09.12,00:08:34.449,1.29214,1.29211,1,2.25
2014.09.12,00:08:34.702,1.29216,1.29214,1,1
2014.09.12,00:08:36.756,1.29217,1.29215,1.69,1
2014.09.12,00:08:37.731,1.29218,1.29215,1.25,1
2014.09.12,00:08:37.984,1.29219,1.29216,5.44,1
2014.09.12,00:08:38.531,1.29218,1.29216,1.25,1
2014.09.12,00:08:46.355,1.29216,1.29213,1,1.69
2014.09.12,00:08:46.406,1.29215,1.29213,1.5,1.25
2014.09.12,00:08:49.732,1.29215,1.29211,4.12,6.75
2014.09.12,00:08:50.611,1.29215,1.29212,2.25,2.25
2014.09.12,00:08:51.220,1.29215,1.29211,3,6
2014.09.12,00:08:52.241,1.29215,1.29212,2.25,2.25
2014.09.12,00:08:52.749,1.29215,1.29211,2.25,6
2014.09.12,00:08:53.321,1.29214,1.29211,1,5.25
2014.09.12,00:08:54.062,1.29214,1.29212,1.5,2.25
2014.09.12,00:08:54.622,1.29214,1.29213,1.5,1
2014.09.12,00:08:55.130,1.29214,1.29212,1.5,3
2014.09.12,00:08:55.690,1.29214,1.29211,1,6
2014.09.12,00:08:56.636,1.29214,1.29212,1,2.25
2014.09.12,00:08:57.142,1.29214,1.29213,1,1
2014.09.12,00:08:57.702,1.29215,1.29213,1.12,1
2014.09.12,00:09:01.832,1.29214,1.29213,1,1
2014.09.12,00:09:02.716,1.29215,1.29213,1.5,1
2014.09.12,00:09:03.338,1.29216,1.29213,1.87,1
2014.09.12,00:09:03.938,1.29215,1.29213,1,1
2014.09.12,00:09:04.762,1.29214,1.29213,1.5,1
2014.09.12,00:09:05.124,1.29213,1.29211,1.5,1.12
2014.09.12,00:09:05.227,1.29213,1.29211,1.5,1.87
2014.09.12,00:09:05.278,1.29213,1.29211,2.25,1
2014.09.12,00:09:05.431,1.29213,1.29209,1.25,2.25
2014.09.12,00:09:05.532,1.29211,1.29209,1,1.5
2014.09.12,00:09:05.837,1.29209,1.29207,1.69,1
2014.09.12,00:09:05.888,1.29209,1.29206,1.69,1.5
2014.09.12,00:09:06.141,1.29208,1.29204,4.69,2.25
2014.09.12,00:09:06.647,1.29207,1.29204,1.5,1
2014.09.12,00:09:20.071,1.29207,1.29203,4.69,1.5
2014.09.12,00:09:24.699,1.29207,1.29204,6.19,1
2014.09.12,00:09:31.167,1.29205,1.29204,1,1
2014.09.12,00:09:44.953,1.29205,1.29203,1,2.25
2014.09.12,00:09:53.770,1.29205,1.29204,1,1
2014.09.12,00:09:53.923,1.29207,1.29205,1,1.5
2014.09.12,00:09:55.665,1.29208,1.29205,1,2.25
2014.09.12,00:10:07.536,1.29209,1.29205,3.94,5.62
2014.09.12,00:10:07.587,1.29209,1.29207,3.94,1.5
2014.09.12,00:10:08.246,1.2921,1.29208,3.94,1
2014.09.12,00:10:10.053,1.2921,1.29208,1.5,1
2014.09.12,00:10:16.452,1.29211,1.29209,3.75,1
2014.09.12,00:10:16.960,1.29211,1.29208,1,1
2014.09.12,00:10:17.465,1.29212,1.29208,1.5,1.5
2014.09.12,00:10:17.776,1.29214,1.2921,1.5,5.25
2014.09.12,00:10:18.080,1.29217,1.29214,1.25,1.5
2014.09.12,00:10:18.993,1.29218,1.29214,1,1
2014.09.12,00:10:19.297,1.29218,1.29216,1,1
2014.09.12,00:10:19.753,1.2922,1.29216,4.12,1
2014.09.12,00:10:20.259,1.2922,1.29217,2.62,1
2014.09.12,00:10:21.073,1.29219,1.29217,1,1
2014.09.12,00:10:21.909,1.2922,1.29217,2.06,1
2014.09.12,00:10:38.161,1.2922,1.29218,1,1
2014.09.12,00:10:38.616,1.29221,1.29219,1,1
2014.09.12,00:10:38.718,1.29222,1.2922,1.87,1
2014.09.12,00:10:40.115,1.2922,1.29217,1,2.25
2014.09.12,00:10:40.216,1.29222,1.2922,1,1
2014.09.12,00:10:40.731,1.29221,1.2922,1,1
2014.09.12,00:10:59.962,1.29221,1.29218,1.25,1
2014.09.12,00:11:01.327,1.29222,1.29218,1.5,1
2014.09.12,00:11:01.915,1.29221,1.29218,1.25,1
2014.09.12,00:11:02.458,1.29221,1.29218,4.31,1
2014.09.12,00:11:03.143,1.2922,1.29217,1.12,1
2014.09.12,00:11:05.270,1.29221,1.29217,8.44,1
2014.09.12,00:11:05.776,1.2922,1.29216,2.25,2.25
2014.09.12,00:11:06.080,1.29221,1.29219,4.31,1
2014.09.12,00:11:06.539,1.29221,1.29217,2.81,1.5
2014.09.12,00:11:07.045,1.2922,1.29217,1.12,2.25
2014.09.12,00:11:07.800,1.29221,1.29217,2.25,2.25
2014.09.12,00:11:08.547,1.2922,1.29217,1,2.25
2014.09.12,00:11:09.073,1.29221,1.29217,3.56,2.25
2014.09.12,00:11:09.576,1.2922,1.29217,1.87,3
2014.09.12,00:11:10.312,1.29221,1.29217,2.06,3
2014.09.12,00:11:10.820,1.2922,1.29217,1.25,3
2014.09.12,00:11:11.485,1.29221,1.29217,5.81,3
2014.09.12,00:11:12.028,1.29221,1.29218,3.56,1
2014.09.12,00:11:12.581,1.29221,1.29217,4.31,1
2014.09.12,00:11:13.714,1.2922,1.29217,1.12,1
2014.09.12,00:11:14.470,1.29221,1.29217,5.06,1
2014.09.12,00:11:15.011,1.29221,1.29217,2.81,1.5
2014.09.12,00:11:15.948,1.29221,1.29217,1.87,2.25
2014.09.12,00:11:16.457,1.2922,1.29218,1,1
2014.09.12,00:11:18.786,1.2922,1.29216,4.95,1.5
2014.09.12,00:11:19.192,1.2922,1.29217,2.7,1.37
2014.09.12,00:11:19.293,1.2922,1.29216,1.95,3
2014.09.12,00:11:19.841,1.29219,1.29215,1.19,1
2014.09.12,00:11:20.149,1.29219,1.29217,1,1
2014.09.12,00:11:20.659,1.2922,1.29218,2.44,1
2014.09.12,00:11:26.047,1.2922,1.29217,1,1
2014.09.12,00:11:26.148,1.29219,1.29215,1,4.5
2014.09.12,00:11:26.301,1.29217,1.29215,1,2.25
2014.09.12,00:11:26.607,1.29215,1.29213,1.5,1
2014.09.12,00:11:26.878,1.29213,1.2921,4.69,1.5
2014.09.12,00:11:27.133,1.2921,1.29207,1.25,2.25
2014.09.12,00:11:27.285,1.29209,1.29205,1.25,3.37
2014.09.12,00:11:28.450,1.29209,1.29206,1.25,1
2014.09.12,00:11:29.776,1.2921,1.29206,6.56,1
2014.09.12,00:11:32.616,1.2921,1.29205,3.56,2.25
2014.09.12,00:11:35.171,1.2921,1.29207,3.37,1
2014.09.12,00:11:36.716,1.2921,1.29205,2.81,1
2014.09.12,00:11:37.252,1.2921,1.29206,2.25,1
2014.09.12,00:11:38.162,1.2921,1.29207,2.62,1.5
2014.09.12,00:11:38.668,1.29211,1.29209,1,1
2014.09.12,00:11:40.511,1.29212,1.2921,1.25,1
2014.09.12,00:11:40.865,1.29214,1.29211,1.5,2.5
2014.09.12,00:11:41.170,1.29215,1.29214,1,1
2014.09.12,00:11:41.271,1.29217,1.29215,1.25,1
2014.09.12,00:11:41.627,1.29219,1.29216,3.94,2.25
2014.09.12,00:11:41.780,1.29219,1.29217,1.69,1
2014.09.12,00:11:42.400,1.2922,1.29218,2.44,1
2014.09.12,00:11:44.274,1.2922,1.29217,2.62,1.5
2014.09.12,00:11:46.001,1.2922,1.29215,4.12,3.34
2014.09.12,00:11:46.513,1.2922,1.29216,2.25,1
2014.09.12,00:11:47.037,1.29219,1.29215,1.5,4.46
2014.09.12,00:11:47.652,1.2922,1.29216,3.37,1
2014.09.12,00:11:48.170,1.29219,1.29215,1,2.44
2014.09.12,00:11:48.685,1.29217,1.29215,1,2.44
2014.09.12,00:11:49.873,1.29217,1.29214,1,3
2014.09.12,00:11:50.487,1.29217,1.29215,1,1
2014.09.12,00:11:50.998,1.29217,1.29214,1,4.5
2014.09.12,00:11:51.508,1.29217,1.29214,1,3.94
2014.09.12,00:11:52.270,1.29217,1.29214,1,2.44
2014.09.12,00:11:54.954,1.29217,1.29214,1,2.81
2014.09.12,00:11:55.493,1.29218,1.29214,1.5,2.81
2014.09.12,00:11:56.159,1.29218,1.29214,1.5,2.81
2014.09.12,00:11:56.672,1.29218,1.29214,1.5,2.81
2014.09.12,00:11:57.180,1.29218,1.29215,1,1
2014.09.12,00:11:57.484,1.29216,1.29214,1,3.37
2014.09.12,00:11:57.990,1.29215,1.29213,1,4.69
2014.09.12,00:11:58.496,1.29216,1.29213,1.5,1
2014.09.12,00:12:03.570,1.29216,1.29214,1,1
2014.09.12,00:12:04.177,1.29218,1.29214,2.44,1
2014.09.12,00:12:11.110,1.29217,1.29214,1,1
2014.09.12,00:12:11.820,1.29217,1.29215,1,1
2014.09.12,00:12:12.327,1.29218,1.29214,1.25,3
2014.09.12,00:12:12.884,1.29218,1.29215,1,1
2014.09.12,00:12:13.137,1.2922,1.29217,3.37,1
2014.09.12,00:12:13.643,1.29221,1.29217,1.5,4.5
2014.09.12,00:12:14.453,1.29221,1.29218,1.5,1
2014.09.12,00:12:17.586,1.2922,1.29218,1,1
2014.09.12,00:12:19.670,1.29222,1.29218,2.44,1
2014.09.12,00:12:20.181,1.29221,1.29218,1,1.25
2014.09.12,00:12:28.382,1.29221,1.29217,1,4.5
2014.09.12,00:12:30.590,1.2922,1.29217,1,1.25
2014.09.12,00:12:31.667,1.2922,1.29216,1,2.25
2014.09.12,00:12:32.195,1.2922,1.29217,1,1
2014.09.12,00:12:32.712,1.2922,1.29216,1.5,1.5
2014.09.12,00:12:33.220,1.2922,1.29217,1,1
2014.09.12,00:12:33.866,1.2922,1.29216,1,1
2014.09.12,00:12:36.698,1.2922,1.29215,1.5,6.94
2014.09.12,00:12:38.529,1.29219,1.29215,1,7.31
2014.09.12,00:12:39.600,1.29217,1.29215,1,2.62
2014.09.12,00:12:40.783,1.29217,1.29214,1,5.62
2014.09.12,00:12:41.349,1.29217,1.29215,1,1
2014.09.12,00:12:41.604,1.29219,1.29215,3.75,1
2014.09.12,00:12:42.227,1.29218,1.29214,1,5.62
2014.09.12,00:12:42.940,1.29218,1.29215,1,1.12
2014.09.12,00:12:43.452,1.29218,1.29214,1,5.25
2014.09.12,00:12:44.693,1.29218,1.29215,1,1
2014.09.12,00:12:45.288,1.29218,1.29214,1,6
2014.09.12,00:12:45.902,1.29218,1.29215,1,1.12
2014.09.12,00:12:47.120,1.29218,1.29214,1,6
2014.09.12,00:12:47.934,1.29218,1.29215,1,1.12
2014.09.12,00:12:48.603,1.29218,1.29214,1,6
2014.09.12,00:12:49.314,1.29218,1.29215,1,1
2014.09.12,00:12:50.280,1.29218,1.29214,1,6.19
2014.09.12,00:12:50.796,1.29218,1.29215,1,1
2014.09.12,00:12:52.549,1.29218,1.29214,1,6.19
2014.09.12,00:12:53.382,1.29218,1.29215,1,1.12
2014.09.12,00:12:53.915,1.29218,1.29214,1,6.19
2014.09.12,00:12:54.421,1.29218,1.29215,1,1.87
2014.09.12,00:12:54.927,1.29218,1.29214,1,6.19
2014.09.12,00:12:55.460,1.29218,1.29215,1,1.12
2014.09.12,00:12:56.067,1.29218,1.29214,1,6.19
2014.09.12,00:12:56.629,1.29219,1.29215,1.69,1.5
2014.09.12,00:12:57.186,1.29218,1.29215,1,1.5
2014.09.12,00:13:02.070,1.29219,1.29215,1.5,1.5
2014.09.12,00:13:02.597,1.29219,1.29216,2.25,1
2014.09.12,00:13:02.647,1.29219,1.29218,1,1
2014.09.12,00:13:02.698,1.29221,1.29218,2.44,1
2014.09.12,00:13:03.983,1.29221,1.29217,1.5,1
2014.09.12,00:13:14.394,1.29221,1.29216,3.94,1.25
2014.09.12,00:13:17.673,1.29219,1.29216,1,1.25
2014.09.12,00:13:24.832,1.2922,1.29216,1,1.69
2014.09.12,00:13:49.739,1.29219,1.29216,1,1
2014.09.12,00:13:50.338,1.2922,1.29216,1,1
2014.09.12,00:13:52.363,1.2922,1.29215,1,5.44
2014.09.12,00:13:52.936,1.29218,1.29215,1,1.25
2014.09.12,00:13:53.240,1.29215,1.29213,1,2.06
2014.09.12,00:13:53.780,1.29216,1.29214,1.5,1.25
2014.09.12,00:13:54.295,1.29216,1.29213,1.5,1
2014.09.12,00:13:56.802,1.29217,1.29213,1.5,1
2014.09.12,00:14:01.054,1.29217,1.29212,1.5,5.44
2014.09.12,00:14:03.787,1.29216,1.29212,1,2.44
2014.09.12,00:14:04.905,1.29216,1.29211,1,6.94
2014.09.12,00:14:05.411,1.29216,1.29211,2.25,5.25
2014.09.12,00:14:15.156,1.29217,1.29212,3.19,3.56
2014.09.12,00:14:15.460,1.29217,1.29214,1.5,1
2014.09.12,00:14:19.343,1.29217,1.29214,1.5,1.37
2014.09.12,00:14:19.907,1.29217,1.29214,1.5,1.12
2014.09.12,00:14:20.559,1.29217,1.29214,1,1.37
2014.09.12,00:14:21.095,1.29217,1.29214,1,1.12
2014.09.12,00:14:21.961,1.29217,1.29214,1,1.37
2014.09.12,00:14:22.466,1.29217,1.29214,1,1.12
2014.09.12,00:14:22.988,1.29217,1.29214,1,1.87
2014.09.12,00:14:23.371,1.29219,1.29214,1.5,7.5
2014.09.12,00:14:23.423,1.2922,1.29216,9,1
2014.09.12,00:14:30.029,1.2922,1.29218,3.37,1.5
2014.09.12,00:14:30.131,1.29222,1.29218,1,1
2014.09.12,00:14:30.638,1.29221,1.29218,1,1
2014.09.12,00:14:31.259,1.29222,1.29218,3,2.25
2014.09.12,00:14:32.393,1.29221,1.29218,1,1
2014.09.12,00:14:32.904,1.29222,1.29218,2.25,1
2014.09.12,00:14:37.874,1.29221,1.29218,1,1
2014.09.12,00:14:39.442,1.29222,1.29218,1.69,1
2014.09.12,00:14:44.479,1.2922,1.29218,1,1.5
2014.09.12,00:14:49.404,1.29221,1.29218,1,1.5
2014.09.12,00:14:51.609,1.29222,1.29218,1.69,1.5
2014.09.12,00:14:52.276,1.29221,1.29218,1,1.5
2014.09.12,00:15:11.018,1.2922,1.29217,1,1.25
2014.09.12,00:15:11.474,1.29219,1.29215,1,5.62
2014.09.12,00:15:13.058,1.29219,1.29216,3,1
2014.09.12,00:15:13.577,1.29219,1.29215,1,1
2014.09.12,00:15:13.832,1.29217,1.29215,1,2.25
2014.09.12,00:15:14.348,1.29216,1.29214,1,1
2014.09.12,00:15:18.146,1.29217,1.29214,1,1.5
2014.09.12,00:15:18.658,1.29217,1.29215,1,1
2014.09.12,00:15:19.580,1.29218,1.29215,1,1.5
2014.09.12,00:15:25.768,1.29218,1.29214,1.5,1.12
2014.09.12,00:15:26.337,1.29218,1.29213,5.25,3
2014.09.12,00:15:26.842,1.29218,1.29214,1,3
2014.09.12,00:15:30.416,1.29218,1.29215,1,1
2014.09.12,00:15:30.924,1.29219,1.29216,1.25,1
2014.09.12,00:15:31.431,1.2922,1.29216,1.25,1
2014.09.12,00:15:32.040,1.29219,1.29216,1.5,1
2014.09.12,00:15:32.363,1.2922,1.29218,1,1
2014.09.12,00:15:32.970,1.29221,1.29218,1.5,1
2014.09.12,00:15:34.461,1.29221,1.29219,1.5,1
2014.09.12,00:15:34.663,1.29223,1.2922,1.69,1
2014.09.12,00:15:35.180,1.29222,1.29219,1,1
2014.09.12,00:15:36.151,1.29222,1.2922,1,1
2014.09.12,00:15:36.657,1.29222,1.29219,1,4.87
2014.09.12,00:15:37.226,1.29222,1.2922,1,1
2014.09.12,00:15:37.734,1.29222,1.29219,1,4.12
2014.09.12,00:15:38.502,1.29222,1.2922,1.5,1
2014.09.12,00:15:39.009,1.29222,1.29219,1,1.5
2014.09.12,00:15:39.518,1.29222,1.2922,1,1
2014.09.12,00:15:39.822,1.29221,1.29218,2.25,1
2014.09.12,00:15:39.924,1.29219,1.29216,1,3
2014.09.12,00:15:40.431,1.2922,1.29216,1,1.5
2014.09.12,00:15:40.937,1.29221,1.29216,2.25,1.5
2014.09.12,00:15:41.241,1.29221,1.29218,1.5,1
2014.09.12,00:15:46.408,1.29221,1.29217,1,2.25
2014.09.12,00:15:59.163,1.2922,1.29217,2.25,1
2014.09.12,00:15:59.871,1.29221,1.29217,6.75,1
2014.09.12,00:16:00.376,1.2922,1.29217,1,1
2014.09.12,00:16:00.427,1.2922,1.29215,1,5.44
2014.09.12,00:16:00.933,1.29219,1.29216,1.5,1.5
2014.09.12,00:16:02.256,1.2922,1.29217,2.44,1.5
2014.09.12,00:16:02.782,1.29221,1.29217,4.5,1
2014.09.12,00:16:03.303,1.2922,1.29217,1.5,1
2014.09.12,00:16:03.809,1.29221,1.29217,4.5,1
2014.09.12,00:16:04.342,1.2922,1.29217,1.5,1
2014.09.12,00:16:05.090,1.29221,1.29217,4.5,1
2014.09.12,00:16:05.618,1.2922,1.29217,1.5,1
2014.09.12,00:16:06.279,1.29221,1.29217,3.75,1
2014.09.12,00:16:06.787,1.2922,1.29217,1.5,1
2014.09.12,00:16:07.312,1.29221,1.29217,3.75,1
2014.09.12,00:16:07.896,1.2922,1.29217,1.5,1
2014.09.12,00:16:08.435,1.29221,1.29217,3.75,1.5
2014.09.12,00:16:09.066,1.2922,1.29217,1.5,1.5
2014.09.12,00:16:09.721,1.29221,1.29217,3.75,1.5
2014.09.12,00:16:10.418,1.2922,1.29217,1.5,1.5
2014.09.12,00:16:10.947,1.29221,1.29217,3.75,1.5
2014.09.12,00:16:11.749,1.2922,1.29217,1,1.5
2014.09.12,00:16:12.265,1.29221,1.29217,3,1.5
2014.09.12,00:16:12.882,1.2922,1.29217,1,2.25
2014.09.12,00:16:13.496,1.29221,1.29217,3,1.5
2014.09.12,00:16:14.103,1.2922,1.29217,1.5,2.25
2014.09.12,00:16:15.025,1.29221,1.29217,3,1.5
2014.09.12,00:16:15.610,1.2922,1.29217,1,1.5
2014.09.12,00:16:16.119,1.29221,1.29217,3,1.5
2014.09.12,00:16:16.801,1.2922,1.29217,1,2.25
2014.09.12,00:16:17.458,1.29221,1.29217,3,1.5
2014.09.12,00:16:18.115,1.2922,1.29217,1,2.25
2014.09.12,00:16:18.625,1.29221,1.29217,3,1.5
2014.09.12,00:16:19.132,1.2922,1.29217,1,2.25
2014.09.12,00:16:19.638,1.29221,1.29217,3,1.5
2014.09.12,00:16:20.379,1.2922,1.29217,1.5,1.5
2014.09.12,00:16:21.412,1.29221,1.29217,3,2.25
2014.09.12,00:16:21.995,1.2922,1.29217,1,2.25
2014.09.12,00:16:22.505,1.29221,1.29217,2.25,3.75
2014.09.12,00:16:23.117,1.2922,1.29218,1,1
2014.09.12,00:16:23.649,1.2922,1.29217,1,4.69
2014.09.12,00:16:24.352,1.29221,1.29217,3,4.69
2014.09.12,00:16:24.870,1.2922,1.29218,1,1
2014.09.12,00:16:25.378,1.29221,1.29218,3,1.5
2014.09.12,00:16:25.884,1.2922,1.29218,1,3
2014.09.12,00:16:26.638,1.29221,1.29218,2.25,3
2014.09.12,00:16:27.194,1.2922,1.29218,1,3.75
2014.09.12,00:16:27.829,1.29221,1.29218,2.25,3
2014.09.12,00:16:28.344,1.2922,1.29218,1,1.5
2014.09.12,00:16:28.995,1.29221,1.29218,3,1.5
2014.09.12,00:16:29.621,1.2922,1.29218,1.5,2.25
2014.09.12,00:16:30.146,1.29221,1.29218,3,1.5
2014.09.12,00:16:30.935,1.2922,1.29218,1,1.5
2014.09.12,00:16:31.454,1.29221,1.29218,3,1.5
2014.09.12,00:16:32.859,1.2922,1.29218,1,1.5
2014.09.12,00:16:33.364,1.29221,1.29218,3,1
2014.09.12,00:16:34.002,1.2922,1.29218,1,1
2014.09.12,00:16:34.513,1.29221,1.29218,3,1
2014.09.12,00:16:35.042,1.2922,1.29218,1,1
2014.09.12,00:16:35.605,1.29221,1.29218,3,1
2014.09.12,00:16:36.114,1.2922,1.29218,1,1.5
2014.09.12,00:16:36.637,1.29221,1.29218,3,1
2014.09.12,00:16:37.185,1.2922,1.29218,1,1.5
2014.09.12,00:16:37.735,1.29221,1.29218,3,1
2014.09.12,00:16:38.252,1.2922,1.29218,1,1.5
2014.09.12,00:16:38.777,1.29221,1.29218,3,1
2014.09.12,00:16:39.334,1.2922,1.29218,1.5,1.5
2014.09.12,00:16:39.926,1.29221,1.29218,3,1
2014.09.12,00:16:40.438,1.2922,1.29219,1,1
2014.09.12,00:16:41.092,1.29221,1.29219,3,1
2014.09.12,00:16:42.426,1.2922,1.29219,1,1
2014.09.12,00:16:43.203,1.29221,1.29219,3,1
2014.09.12,00:16:43.920,1.29222,1.2922,1,1.5
2014.09.12,00:16:43.971,1.29223,1.2922,1,2.25
2014.09.12,00:16:45.772,1.29223,1.29221,1,1
2014.09.12,00:16:46.454,1.29223,1.2922,1,2.44
2014.09.12,00:16:46.803,1.29223,1.29222,1,1
2014.09.12,00:16:46.855,1.29225,1.29222,5.25,1.5
2014.09.12,00:16:47.007,1.29226,1.29224,1,1.5
2014.09.12,00:16:47.311,1.29227,1.29226,1,1
2014.09.12,00:16:47.413,1.29229,1.29226,2.25,1
2014.09.12,00:16:47.931,1.29229,1.29227,1,1.5
2014.09.12,00:16:56.114,1.29229,1.29226,1.5,1.5
2014.09.12,00:17:01.923,1.29229,1.29225,1.5,2.62
2014.09.12,00:17:04.758,1.29228,1.29225,1,1.5
2014.09.12,00:17:05.838,1.29228,1.29224,2.25,1.87
2014.09.12,00:17:05.939,1.29228,1.29223,3.9,1.69
2014.09.12,00:17:06.544,1.29228,1.29223,2.44,1.69
2014.09.12,00:17:07.049,1.29229,1.29223,3.75,3.19
2014.09.12,00:17:07.302,1.29226,1.29223,1,3.94
2014.09.12,00:17:08.226,1.29226,1.29224,1,1
2014.09.12,00:17:08.479,1.29228,1.29224,1,1
2014.09.12,00:17:08.997,1.29228,1.29223,1.5,2.44
2014.09.12,00:17:10.182,1.29228,1.29225,1.5,1
2014.09.12,00:17:10.709,1.29228,1.29224,1.5,1
2014.09.12,00:17:15.396,1.29227,1.29224,1,1
2014.09.12,00:17:15.851,1.29229,1.29224,3.75,1
2014.09.12,00:17:19.153,1.29228,1.29224,1,1.5
2014.09.12,00:17:19.713,1.29228,1.29223,1.5,2.44
2014.09.12,00:17:20.226,1.29228,1.29223,1.5,3.19
2014.09.12,00:17:23.876,1.29228,1.29225,1.5,1
2014.09.12,00:17:24.382,1.29229,1.29225,3.19,1
2014.09.12,00:17:24.957,1.29228,1.29225,1,1
2014.09.12,00:17:28.005,1.29227,1.29225,1,1
2014.09.12,00:17:28.417,1.29229,1.29225,3.75,1
2014.09.12,00:17:28.933,1.29228,1.29225,1.5,1
2014.09.12,00:17:31.652,1.29228,1.29226,1,1
2014.09.12,00:17:31.805,1.29231,1.29228,1.5,1
2014.09.12,00:17:31.856,1.29229,1.29228,1,1
2014.09.12,00:17:32.009,1.29229,1.29226,1,2.25
2014.09.12,00:17:33.995,1.29228,1.29226,1,1.5
2014.09.12,00:17:36.495,1.29227,1.29225,1,1
2014.09.12,00:17:37.002,1.29227,1.29224,1.5,1.5
2014.09.12,00:17:56.420,1.29227,1.29225,1,1
2014.09.12,00:17:56.525,1.29229,1.29225,2.25,1.5
2014.09.12,00:17:57.194,1.29228,1.29225,1,1.5
2014.09.12,00:18:03.127,1.29229,1.29225,1.5,1.87
2014.09.12,00:18:03.633,1.29228,1.29225,1,2.62
2014.09.12,00:18:12.043,1.29228,1.29224,1.5,3.19
2014.09.12,00:18:12.094,1.29226,1.29224,1,1.69
2014.09.12,00:18:12.642,1.29226,1.29223,1.5,1.5
2014.09.12,00:18:15.577,1.29227,1.29223,2.25,1.5
2014.09.12,00:18:18.349,1.29227,1.29224,1,1
2014.09.12,00:18:18.855,1.29228,1.29224,1.5,1
2014.09.12,00:18:20.066,1.29227,1.29224,1,1.5
2014.09.12,00:18:20.580,1.29228,1.29224,2.25,2.25
2014.09.12,00:18:22.103,1.29227,1.29224,1,1.5
2014.09.12,00:18:22.719,1.29228,1.29224,3,2.44
2014.09.12,00:18:30.424,1.29227,1.29224,1,1.69
2014.09.12,00:18:32.334,1.29227,1.29225,1,1
2014.09.12,00:18:32.884,1.29228,1.29224,1.5,3
2014.09.12,00:18:33.484,1.29227,1.29224,1,2.25
2014.09.12,00:18:35.893,1.29227,1.29223,1.5,1.5
2014.09.12,00:18:38.337,1.29226,1.29223,1,1
2014.09.12,00:18:43.472,1.29228,1.29223,3.75,1
2014.09.12,00:18:43.977,1.29228,1.29224,3.75,1.5
2014.09.12,00:18:44.485,1.29229,1.29225,2.25,2.25
2014.09.12,00:18:45.082,1.29229,1.29224,3,3
2014.09.12,00:18:46.347,1.29229,1.29227,2.25,1
2014.09.12,00:18:54.623,1.29229,1.29225,1,1
2014.09.12,00:18:57.635,1.2923,1.29225,1.5,4.12
2014.09.12,00:18:57.686,1.2923,1.29228,1.5,1
2014.09.12,00:18:58.040,1.2923,1.29226,1,1.5
2014.09.12,00:18:59.549,1.2923,1.29227,1,1
2014.09.12,00:19:10.801,1.2923,1.29226,1.5,4.5
2014.09.12,00:19:20.132,1.2923,1.29228,1.5,1
2014.09.12,00:19:30.732,1.29229,1.29226,1,1.69
2014.09.12,00:19:38.724,1.29228,1.29226,1,1.5
2014.09.12,00:19:38.876,1.29227,1.29225,1,2.25
2014.09.12,00:19:39.079,1.29224,1.29222,3.94,1.5
2014.09.12,00:19:39.130,1.29224,1.2922,4.5,4.8
2014.09.12,00:19:39.332,1.29223,1.29221,1,1
2014.09.12,00:19:39.383,1.29224,1.29222,1,1
2014.09.12,00:19:39.485,1.29226,1.29222,1.12,1.87
2014.09.12,00:19:39.990,1.29227,1.29224,1.69,1
2014.09.12,00:19:40.520,1.29227,1.29223,1,1.5
2014.09.12,00:19:41.027,1.29227,1.29224,1,1
2014.09.12,00:19:41.686,1.29227,1.29223,1,2.25
2014.09.12,00:19:42.192,1.29227,1.29224,1,1.5
2014.09.12,00:19:43.069,1.29227,1.29223,2.44,2.25
2014.09.12,00:19:43.575,1.29226,1.29223,1,1
2014.09.12,00:19:44.995,1.29227,1.29223,2.44,1.5
2014.09.12,00:19:46.621,1.29226,1.29223,1.25,1.5
2014.09.12,00:19:49.467,1.29227,1.29223,3.19,1.5
2014.09.12,00:19:50.452,1.29226,1.29223,1.25,1
2014.09.12,00:19:51.465,1.29227,1.29223,3.19,1.5
2014.09.12,00:19:52.485,1.29226,1.29223,1.25,1.5
2014.09.12,00:19:53.676,1.29227,1.29223,1.69,1.5
2014.09.12,00:20:03.584,1.29227,1.29224,1,1
2014.09.12,00:20:04.151,1.29226,1.29223,1,2.25
2014.09.12,00:20:05.173,1.29228,1.29223,5.44,2.25
2014.09.12,00:20:06.749,1.29227,1.29223,1,2.25
2014.09.12,00:20:07.267,1.29228,1.29223,6.19,2.25
2014.09.12,00:20:08.471,1.29227,1.29223,1.5,1.5
2014.09.12,00:20:08.976,1.29226,1.29223,1.25,1
2014.09.12,00:20:11.123,1.29227,1.29223,2.44,1
2014.09.12,00:20:17.325,1.29226,1.29223,1,1
2014.09.12,00:20:18.398,1.29227,1.29223,3.19,1.5
2014.09.12,00:20:19.901,1.29225,1.29223,1,1
2014.09.12,00:20:27.592,1.29227,1.29223,3.94,1
2014.09.12,00:20:30.363,1.29226,1.29223,1,1
2014.09.12,00:20:32.822,1.29225,1.29223,1,1
2014.09.12,00:20:34.542,1.29223,1.29221,1,1.5
2014.09.12,00:20:34.593,1.29223,1.29221,1.5,2.25
2014.09.12,00:20:34.695,1.29222,1.29219,1,2.25
2014.09.12,00:20:34.797,1.2922,1.29219,1,2.62
2014.09.12,00:20:34.900,1.2922,1.29217,1.5,1.87
2014.09.12,00:20:35.053,1.29219,1.29215,5.44,1.5
2014.09.12,00:20:35.306,1.29217,1.29213,1.5,3
2014.09.12,00:20:37.179,1.29218,1.29216,3.75,1
2014.09.12,00:20:37.382,1.29217,1.29215,1,2.25
2014.09.12,00:20:37.893,1.29218,1.29214,1,1.87
2014.09.12,00:20:38.248,1.29219,1.29216,2.44,1
2014.09.12,00:20:38.452,1.29219,1.29214,1.25,3.37
2014.09.12,00:20:38.969,1.29219,1.29214,1.25,2.62
2014.09.12,00:20:40.187,1.29219,1.29214,1.25,3.37
2014.09.12,00:20:41.145,1.29219,1.29216,1.69,1
2014.09.12,00:20:42.382,1.29218,1.29216,2.44,1.5
2014.09.12,00:20:42.987,1.29219,1.29216,1,1.5
2014.09.12,00:20:43.291,1.2922,1.29218,1.25,1
2014.09.12,00:20:43.443,1.2922,1.29216,1.25,3.75
2014.09.12,00:20:43.898,1.29219,1.29214,1,9.75
2014.09.12,00:20:44.100,1.29219,1.29216,1,1
2014.09.12,00:20:44.612,1.2922,1.29216,3.19,1
2014.09.12,00:20:44.915,1.29219,1.29216,2.44,1
2014.09.12,00:20:45.562,1.29219,1.29215,2.44,2.25
2014.09.12,00:20:56.302,1.2922,1.29215,1.25,2.25
2014.09.12,00:21:00.507,1.29219,1.29215,1.5,1.5
2014.09.12,00:21:00.609,1.29217,1.29214,1,3.37
2014.09.12,00:21:00.812,1.29219,1.29214,1,4.12
2014.09.12,00:21:01.333,1.29219,1.29214,1.25,4.12
2014.09.12,00:21:05.014,1.2922,1.29215,4.31,1
2014.09.12,00:21:11.538,1.29219,1.29215,1.25,1.87
2014.09.12,00:21:12.166,1.2922,1.29216,3.56,1
2014.09.12,00:21:12.672,1.2922,1.29216,1.5,1
2014.09.12,00:21:21.631,1.2922,1.29217,1,1
2014.09.12,00:21:21.732,1.29222,1.29218,3.94,1
2014.09.12,00:21:24.907,1.29222,1.2922,1.5,1
2014.09.12,00:21:25.215,1.29225,1.29221,2.25,4.12
2014.09.12,00:21:25.368,1.29226,1.29223,2.17,1
2014.09.12,00:21:26.681,1.29226,1.29224,2.17,1
2014.09.12,00:21:27.193,1.29225,1.29223,1.42,3
2014.09.12,00:21:27.707,1.29225,1.29224,1.42,1
2014.09.12,00:21:28.012,1.29227,1.29225,1.5,3
2014.09.12,00:21:28.064,1.29229,1.29226,1,1
2014.09.12,00:21:28.368,1.2923,1.29228,1,1
2014.09.12,00:21:28.874,1.29232,1.29228,1.87,1
2014.09.12,00:21:29.691,1.29232,1.29228,1.87,1
2014.09.12,00:21:30.203,1.29232,1.29228,1.5,1.5
2014.09.12,00:21:31.180,1.29232,1.29229,1.5,1
2014.09.12,00:21:31.282,1.29233,1.29231,1.69,1
2014.09.12,00:21:31.587,1.29235,1.29233,1,1
2014.09.12,00:21:31.689,1.29237,1.29233,1.5,2.25
2014.09.12,00:21:32.201,1.29237,1.29234,1,1
2014.09.12,00:21:32.757,1.29236,1.29234,1,1
2014.09.12,00:21:33.061,1.29238,1.29234,3.75,1
2014.09.12,00:21:33.567,1.29238,1.29233,3.75,3
2014.09.12,00:21:34.022,1.29238,1.29235,3,1
2014.09.12,00:21:34.276,1.29238,1.29233,3,4.5
2014.09.12,00:21:34.328,1.29238,1.29235,3,1
2014.09.12,00:21:34.833,1.29238,1.29234,4.5,1.5
2014.09.12,00:21:35.471,1.29238,1.29235,1.5,1
2014.09.12,00:21:44.790,1.29237,1.29235,1,1
2014.09.12,00:21:47.997,1.29238,1.29235,2.44,1
2014.09.12,00:21:51.649,1.29237,1.29235,1,1
2014.09.12,00:21:52.516,1.29237,1.29234,1,1.5
2014.09.12,00:21:53.022,1.29238,1.29234,3.94,1.5
2014.09.12,00:21:55.873,1.29237,1.29234,1,1
2014.09.12,00:21:56.165,1.29235,1.29231,1,4.5
2014.09.12,00:21:56.469,1.29233,1.29232,1,1
2014.09.12,00:21:56.571,1.29233,1.29229,1.5,4.8
2014.09.12,00:21:56.622,1.29231,1.29229,1,4.05
2014.09.12,00:21:57.128,1.29231,1.29228,4.31,1
2014.09.12,00:21:57.786,1.29231,1.29228,3.19,1
2014.09.12,00:21:57.888,1.29231,1.29226,6.19,3
2014.09.12,00:21:58.242,1.2923,1.29224,5.44,9
2014.09.12,00:21:58.698,1.2923,1.29226,3.19,1
2014.09.12,00:21:59.206,1.29229,1.29227,1.25,1
2014.09.12,00:22:00.239,1.2923,1.29227,3.94,1
2014.09.12,00:22:01.610,1.2923,1.29226,3.94,1.87
2014.09.12,00:22:10.413,1.2923,1.29226,3.19,1.5
2014.09.12,00:22:16.435,1.2923,1.29226,5.44,1
2014.09.12,00:22:18.793,1.29229,1.29226,1,1
2014.09.12,00:22:19.329,1.2923,1.29226,3.94,1.5
2014.09.12,00:22:19.839,1.29229,1.29226,2.44,1
2014.09.12,00:22:20.447,1.2923,1.29226,1.69,1
2014.09.12,00:22:21.452,1.29229,1.29226,1.25,1
2014.09.12,00:22:24.460,1.2923,1.29226,3.94,1
2014.09.12,00:22:25.668,1.29229,1.29226,1.5,1
2014.09.12,00:22:26.608,1.2923,1.29226,6.19,1
2014.09.12,00:22:29.483,1.2923,1.29226,5.81,1
2014.09.12,00:22:31.457,1.2923,1.29226,4.31,1.5
2014.09.12,00:22:32.501,1.29229,1.29226,2.44,1.5
2014.09.12,00:22:33.363,1.29229,1.29225,3.19,1
2014.09.12,00:22:33.667,1.29227,1.29223,1,2.25
2014.09.12,00:22:34.180,1.29226,1.29222,1.5,3
2014.09.12,00:22:34.491,1.29226,1.29224,1.5,1
2014.09.12,00:22:35.109,1.29225,1.29224,1,1
2014.09.12,00:22:35.622,1.29226,1.29224,1,1
2014.09.12,00:22:37.834,1.29225,1.29224,1,1
2014.09.12,00:22:38.518,1.29226,1.29224,1.25,1
2014.09.12,00:22:40.251,1.29225,1.29224,1.5,1
2014.09.12,00:22:40.454,1.29223,1.2922,4.94,2.25
2014.09.12,00:22:40.709,1.29221,1.29218,2.44,1.5
2014.09.12,00:22:41.215,1.29221,1.29217,6.19,1
2014.09.12,00:22:41.722,1.2922,1.29217,1.5,1
2014.09.12,00:22:44.998,1.2922,1.29216,1,2.25
2014.09.12,00:22:45.504,1.29219,1.29216,1,1
2014.09.12,00:22:46.218,1.29219,1.29215,1,5.1
2014.09.12,00:22:47.316,1.29218,1.29215,1,2.25
2014.09.12,00:22:47.943,1.29219,1.29215,2.44,5.1
2014.09.12,00:22:48.676,1.29218,1.29215,1,3
2014.09.12,00:22:49.829,1.29219,1.29215,3.94,1
2014.09.12,00:22:49.931,1.29217,1.29214,1,2.47
2014.09.12,00:22:50.235,1.29214,1.29211,1,3.75
2014.09.12,00:22:50.742,1.29215,1.29212,1,2.25
2014.09.12,00:22:51.250,1.29215,1.29213,1.5,1
2014.09.12,00:22:51.927,1.29215,1.29212,1.5,2.25
2014.09.12,00:22:53.157,1.29215,1.29213,1.5,1
2014.09.12,00:22:53.692,1.29215,1.29212,1,3
2014.09.12,00:22:54.496,1.29215,1.29213,1,1
2014.09.12,00:22:55.025,1.29215,1.29212,1,2.25
2014.09.12,00:22:55.611,1.29215,1.29213,1,1
2014.09.12,00:23:00.368,1.29215,1.29212,1,5.25
2014.09.12,00:23:00.875,1.29215,1.29213,1,2.44
2014.09.12,00:23:03.543,1.29216,1.29212,1,6.19
2014.09.12,00:23:05.479,1.29215,1.29212,1,6.94
2014.09.12,00:23:07.266,1.29216,1.29212,2.25,7.69
2014.09.12,00:23:09.061,1.29216,1.29212,2.25,6.19
2014.09.12,00:23:09.981,1.29216,1.29213,1,1
2014.09.12,00:23:10.539,1.29216,1.29212,1,6.94
2014.09.12,00:23:11.046,1.29216,1.29213,1,1
2014.09.12,00:23:12.247,1.29215,1.29213,1,1
2014.09.12,00:23:12.943,1.29216,1.29213,1,1.25
2014.09.12,00:23:13.476,1.29216,1.29214,1,1
2014.09.12,00:23:13.982,1.29216,1.29213,1,4.69
2014.09.12,00:23:15.145,1.29216,1.29214,1,1
2014.09.12,00:23:17.336,1.29216,1.29215,1,1
2014.09.12,00:23:17.942,1.29216,1.29214,1,3
2014.09.12,00:23:18.493,1.29216,1.29215,1,1.12
2014.09.12,00:23:19.202,1.29216,1.29214,1,1.5
2014.09.12,00:23:20.851,1.29216,1.29215,1.5,1
2014.09.12,00:23:21.559,1.29216,1.29214,1,2.25
2014.09.12,00:23:22.065,1.29216,1.29215,1,1
2014.09.12,00:23:22.604,1.29216,1.29214,1,2.25
2014.09.12,00:23:23.110,1.29216,1.29215,1,1
2014.09.12,00:23:23.937,1.29216,1.29214,1,2.25
2014.09.12,00:23:24.942,1.29216,1.29215,1,1
2014.09.12,00:23:25.470,1.29216,1.29214,1,1.69
2014.09.12,00:23:26.189,1.29216,1.29215,1,1
2014.09.12,00:23:26.699,1.29216,1.29214,1.5,1.69
2014.09.12,00:23:27.681,1.29216,1.29215,1.5,1
2014.09.12,00:23:28.233,1.29216,1.29214,1.5,2.44
2014.09.12,00:23:28.815,1.29216,1.29215,1.5,1
2014.09.12,00:23:29.621,1.29216,1.29214,1.5,2.44
2014.09.12,00:23:30.681,1.29216,1.29215,1.5,1
2014.09.12,00:23:31.494,1.29216,1.29214,1.5,2.25
2014.09.12,00:23:32.306,1.29216,1.29215,1,1
2014.09.12,00:23:32.809,1.29216,1.29214,1,1.69
2014.09.12,00:23:33.601,1.29216,1.29215,1,1
2014.09.12,00:23:34.134,1.29216,1.29214,1,1.69
2014.09.12,00:23:34.639,1.29216,1.29215,1,1
2014.09.12,00:23:35.277,1.29216,1.29214,1,1.69
2014.09.12,00:23:36.806,1.29216,1.29215,1,1
2014.09.12,00:23:37.313,1.29216,1.29214,1,1.69
2014.09.12,00:23:39.705,1.29216,1.29215,1,1
2014.09.12,00:23:40.233,1.29216,1.29214,1,1.5
2014.09.12,00:23:41.134,1.29216,1.29215,2.25,1
2014.09.12,00:23:41.644,1.29216,1.29214,1.5,2.25
2014.09.12,00:23:42.302,1.29216,1.29215,1,1
2014.09.12,00:23:43.012,1.29216,1.29214,1,1.5
2014.09.12,00:23:43.517,1.29216,1.29215,1,1
2014.09.12,00:24:01.012,1.29216,1.29214,1,3.75
2014.09.12,00:24:01.316,1.29217,1.29216,1,1.5
2014.09.12,00:24:01.468,1.29219,1.29217,1,1
2014.09.12,00:24:01.519,1.2922,1.29219,1,1.5
2014.09.12,00:24:01.723,1.29223,1.29221,2.25,1
2014.09.12,00:24:01.824,1.29225,1.29221,1,4.87
2014.09.12,00:24:01.875,1.29225,1.29223,1,1
2014.09.12,00:24:02.405,1.29226,1.29223,3,1
2014.09.12,00:24:13.309,1.29226,1.29222,3,2.25
2014.09.12,00:24:23.320,1.29226,1.29222,2.62,2.25
2014.09.12,00:24:23.832,1.29224,1.29221,1,5.81
2014.09.12,00:24:26.428,1.29225,1.29221,1.5,4.87
2014.09.12,00:24:26.950,1.29226,1.29222,1.5,1
2014.09.12,00:24:32.252,1.29226,1.29223,1,1
2014.09.12,00:24:32.404,1.29228,1.29223,2.44,1
2014.09.12,00:24:34.263,1.29229,1.29223,4.69,3.94
2014.09.12,00:24:34.777,1.29229,1.29224,4.69,1.16
2014.09.12,00:24:35.327,1.29229,1.29224,4.69,1.41
2014.09.12,00:24:36.398,1.29229,1.29224,4.69,1.16
2014.09.12,00:24:36.908,1.29229,1.29224,4.69,1.41
2014.09.12,00:24:37.424,1.29229,1.29224,4.69,1.16
2014.09.12,00:24:38.030,1.29229,1.29224,4.69,1.41
2014.09.12,00:24:38.540,1.29229,1.29224,4.69,1.16
2014.09.12,00:24:39.357,1.29229,1.29224,4.69,1.41
2014.09.12,00:24:39.867,1.29229,1.29224,4.69,1.16
2014.09.12,00:24:40.370,1.29229,1.29224,4.69,1.41
2014.09.12,00:24:40.891,1.29228,1.29224,1.5,1.41
2014.09.12,00:24:41.501,1.29228,1.29224,1.5,1.16
2014.09.12,00:24:42.466,1.29227,1.29224,1,1.91
2014.09.12,00:24:44.114,1.29229,1.29224,3.94,1.16
2014.09.12,00:24:44.165,1.29227,1.29224,1,1.16
2014.09.12,00:24:44.671,1.29228,1.29224,1.5,1.91
2014.09.12,00:24:45.748,1.29227,1.29224,1,1.91
2014.09.12,00:24:46.274,1.29228,1.29224,1,1.5
2014.09.12,00:24:47.018,1.29229,1.29224,3.19,1
2014.09.12,00:24:47.560,1.29228,1.29224,1,1.5
2014.09.12,00:24:48.419,1.29228,1.29224,1,1.91
2014.09.12,00:24:49.235,1.29227,1.29224,1,1.16
2014.09.12,00:24:49.525,1.29229,1.29224,3.19,1
2014.09.12,00:24:50.222,1.29228,1.29224,1,1.5
2014.09.12,00:24:50.730,1.29228,1.29224,1,1.91
2014.09.12,00:24:51.237,1.29228,1.29224,1,1.5
2014.09.12,00:24:53.096,1.29227,1.29224,1,1
2014.09.12,00:24:53.512,1.29229,1.29224,3.19,1
2014.09.12,00:24:54.375,1.29227,1.29224,1,1
2014.09.12,00:24:55.125,1.29227,1.29223,1,2.44
2014.09.12,00:24:55.642,1.29228,1.29223,1.69,2.25
2014.09.12,00:24:56.187,1.29228,1.29224,1.25,1
2014.09.12,00:24:57.133,1.29228,1.29223,1.69,2.25
2014.09.12,00:24:57.638,1.29227,1.29223,2.25,1.5
2014.09.12,00:25:00.784,1.29225,1.29223,1,1
2014.09.12,00:25:01.093,1.29221,1.29218,3.75,1
2014.09.12,00:25:01.447,1.29218,1.29217,1,1
2014.09.12,00:25:06.000,1.29218,1.29215,1,1.5
2014.09.12,00:25:12.855,1.29219,1.29215,1.5,1
2014.09.12,00:25:21.962,1.2922,1.29215,4.5,3
2014.09.12,00:25:22.479,1.29219,1.29215,1.5,1
2014.09.12,00:25:26.408,1.29219,1.29214,3,2.62
2014.09.12,00:25:26.957,1.29219,1.29215,2.25,1.5
2014.09.12,00:25:27.614,1.29218,1.29215,1,1.87
2014.09.12,00:25:28.120,1.29219,1.29215,2.25,2.25
2014.09.12,00:25:34.559,1.29219,1.29215,3.75,1.87
2014.09.12,00:25:35.106,1.29219,1.29215,2.5,1.12
2014.09.12,00:25:35.621,1.29219,1.29214,2.5,3
2014.09.12,00:25:36.136,1.29219,1.29214,2.5,1.87
2014.09.12,00:25:36.389,1.29219,1.29214,2.25,1.87
2014.09.12,00:25:36.904,1.29219,1.29214,2.25,1.87
2014.09.12,00:25:37.466,1.29219,1.29214,2.25,1.87
2014.09.12,00:25:37.668,1.29217,1.29214,1.5,2.62
2014.09.12,00:25:38.181,1.29218,1.29214,2.25,1.87
2014.09.12,00:25:38.737,1.29218,1.29214,2.25,1.87
2014.09.12,00:25:39.246,1.29218,1.29214,2.25,1.87
2014.09.12,00:25:40.265,1.29218,1.29214,2.25,1.87
2014.09.12,00:25:40.916,1.29218,1.29214,2.25,1.87
2014.09.12,00:25:41.446,1.29218,1.29214,2.25,1.87
2014.09.12,00:25:41.954,1.29218,1.29214,2.25,1.87
2014.09.12,00:25:43.001,1.29218,1.29214,2.25,1.87
2014.09.12,00:25:43.527,1.29218,1.29214,2.25,1.87
2014.09.12,00:25:44.917,1.29218,1.29214,2.25,1.87
2014.09.12,00:25:45.556,1.29218,1.29214,2.25,1.12
2014.09.12,00:25:46.091,1.29218,1.29214,2.25,1.37
2014.09.12,00:25:47.093,1.29218,1.29214,2.25,1.12
2014.09.12,00:25:47.714,1.29218,1.29214,2.25,1.37
2014.09.12,00:25:48.329,1.29218,1.29214,2.25,1.12
2014.09.12,00:25:48.987,1.29218,1.29214,2.25,1.37
2014.09.12,00:25:49.743,1.29218,1.29214,2.25,1.12
2014.09.12,00:25:50.620,1.29218,1.29214,2.25,1.37
2014.09.12,00:25:51.159,1.29218,1.29214,2.25,1.12
2014.09.12,00:25:51.464,1.29215,1.29213,1,1.5
2014.09.12,00:25:51.616,1.29217,1.29213,1.5,1
2014.09.12,00:25:52.123,1.29217,1.29214,2.25,1
2014.09.12,00:25:58.031,1.29217,1.29214,3.19,1
2014.09.12,00:26:04.081,1.29217,1.29214,2.44,1
2014.09.12,00:26:06.940,1.29216,1.29214,1,1
2014.09.12,00:26:07.490,1.29215,1.29214,1,1
2014.09.12,00:26:08.004,1.29216,1.29214,1.5,1
2014.09.12,00:26:08.538,1.29215,1.29214,1,1
2014.09.12,00:26:08.922,1.29217,1.29214,3.94,1
2014.09.12,00:26:09.429,1.29216,1.29214,1,1
2014.09.12,00:26:09.941,1.29217,1.29214,1.69,1
2014.09.12,00:26:13.196,1.29216,1.29214,1.25,1
2014.09.12,00:26:14.212,1.29217,1.29214,3.94,1
2014.09.12,00:26:14.720,1.29216,1.29214,1.25,1
2014.09.12,00:26:15.595,1.29216,1.29215,1.25,1
2014.09.12,00:26:15.747,1.29218,1.29215,1.25,1.5
2014.09.12,00:26:33.921,1.29218,1.29217,1.69,1
2014.09.12,00:26:34.882,1.29219,1.29217,3.94,1
2014.09.12,00:26:35.994,1.29219,1.29215,3,1.5
2014.09.12,00:26:41.179,1.29219,1.29216,3.75,1
2014.09.12,00:26:45.539,1.29218,1.29216,1,1
2014.09.12,00:26:46.108,1.29218,1.29215,1.5,2.25
2014.09.12,00:26:46.615,1.29219,1.29215,2.25,1.5
2014.09.12,00:26:48.970,1.29219,1.29217,3.75,1
2014.09.12,00:26:52.148,1.29219,1.29217,3.94,1
2014.09.12,00:27:06.669,1.29219,1.29216,1,1
2014.09.12,00:27:13.875,1.2922,1.29216,3.94,1
2014.09.12,00:27:15.870,1.2922,1.29216,4.69,1
2014.09.12,00:27:21.346,1.29219,1.29215,2.44,2.25
2014.09.12,00:27:21.498,1.29217,1.29215,1,1
2014.09.12,00:27:21.751,1.29219,1.29215,3.19,1.87
2014.09.12,00:27:22.289,1.29218,1.29215,1,1.5
2014.09.12,00:27:23.875,1.29218,1.29215,2.44,1.5
2014.09.12,00:27:24.381,1.29217,1.29214,1.69,1
2014.09.12,00:27:25.105,1.29216,1.29214,1.25,1
2014.09.12,00:27:26.081,1.29217,1.29214,2.44,1
2014.09.12,00:27:32.110,1.29217,1.29214,2.44,1
2014.09.12,00:27:34.091,1.29217,1.29214,3.19,1
2014.09.12,00:27:36.116,1.29216,1.29214,1.25,1
2014.09.12,00:27:37.115,1.29217,1.29214,3.19,1
2014.09.12,00:27:41.102,1.29216,1.29214,1.25,1
2014.09.12,00:27:44.267,1.29217,1.29214,1.5,1
2014.09.12,00:27:45.414,1.29217,1.29215,1.5,1
2014.09.12,00:27:46.147,1.29217,1.29215,2.44,1
2014.09.12,00:27:47.414,1.29217,1.29214,1.69,1
2014.09.12,00:27:48.117,1.29218,1.29214,2.44,1.5
2014.09.12,00:27:51.137,1.29218,1.29214,2.44,1.5
2014.09.12,00:27:51.918,1.29216,1.29214,1,1
2014.09.12,00:27:54.269,1.29218,1.29214,5.44,1
2014.09.12,00:27:54.770,1.29216,1.29214,1,1
2014.09.12,00:27:55.279,1.29218,1.29214,4.69,1
2014.09.12,00:28:01.889,1.29216,1.29214,1,1
2014.09.12,00:28:05.969,1.29218,1.29214,6.94,1
2014.09.12,00:28:09.005,1.29216,1.29214,1,1
2014.09.12,00:28:10.017,1.29217,1.29214,1.69,1
2014.09.12,00:28:14.285,1.29217,1.29214,3.19,1
2014.09.12,00:28:16.203,1.29216,1.29214,1.25,1
2014.09.12,00:28:20.397,1.29216,1.29212,1.5,2.25
2014.09.12,00:28:28.759,1.29216,1.29213,1,1
2014.09.12,00:28:29.979,1.29216,1.29212,1,3
2014.09.12,00:28:34.945,1.29216,1.29213,1,1
2014.09.12,00:28:42.268,1.29216,1.29212,1,1
2014.09.12,00:28:42.792,1.29216,1.29211,1,5.25
2014.09.12,00:28:43.046,1.29216,1.29213,1,1
2014.09.12,00:28:43.669,1.29215,1.29212,1,1.5
2014.09.12,00:28:43.720,1.29215,1.29211,1.5,2.25
2014.09.12,00:28:43.922,1.29213,1.2921,1,2.25
2014.09.12,00:28:44.433,1.29214,1.2921,1,5.25
2014.09.12,00:28:46.213,1.29214,1.29211,1,1
2014.09.12,00:28:48.752,1.29213,1.29211,1,1
2014.09.12,00:28:49.284,1.29214,1.2921,3.19,1
2014.09.12,00:28:51.024,1.29213,1.2921,1,1
2014.09.12,00:28:51.429,1.29211,1.29209,1,1
2014.09.12,00:28:52.086,1.29211,1.2921,2.25,1
2014.09.12,00:28:52.289,1.29209,1.29206,1,1.5
2014.09.12,00:28:53.396,1.29208,1.29206,1.25,1
2014.09.12,00:28:54.968,1.29208,1.29205,3.19,1
2014.09.12,00:28:55.478,1.29208,1.29205,3.94,1
2014.09.12,00:28:56.455,1.29208,1.29205,2.44,1
2014.09.12,00:28:57.469,1.29208,1.29204,2.44,2.62
2014.09.12,00:28:57.976,1.29208,1.29205,2.44,1
2014.09.12,00:28:58.488,1.29207,1.29205,1,1
2014.09.12,00:29:00.988,1.29207,1.29204,1.69,1.87
2014.09.12,00:29:01.039,1.29205,1.29204,1,1
2014.09.12,00:29:01.518,1.29204,1.29202,3,5.87
2014.09.12,00:29:01.860,1.29202,1.292,1,2.85
2014.09.12,00:29:03.622,1.29203,1.29201,1,1
2014.09.12,00:29:04.138,1.29204,1.29202,1,1.5
2014.09.12,00:29:04.189,1.29205,1.29202,1,2.25
2014.09.12,00:29:10.063,1.29204,1.29202,1,1
2014.09.12,00:29:10.114,1.29204,1.292,3,3.37
2014.09.12,00:29:10.216,1.29202,1.292,1,1
2014.09.12,00:29:10.730,1.29202,1.29199,1,3.6
2014.09.12,00:29:13.749,1.29202,1.292,1,1.12
2014.09.12,00:29:14.261,1.29202,1.29199,1,3.6
2014.09.12,00:29:14.972,1.29202,1.292,1,1.12
2014.09.12,00:29:15.490,1.29202,1.29199,1,3.97
2014.09.12,00:29:15.999,1.29203,1.29199,1.25,3.22
2014.09.12,00:29:16.306,1.29201,1.29199,1,2.1
2014.09.12,00:29:16.824,1.29202,1.292,2.25,1
2014.09.12,00:29:17.126,1.292,1.29198,1.5,1
2014.09.12,00:29:17.328,1.29199,1.29197,1,1.5
2014.09.12,00:29:17.379,1.29199,1.29197,1.5,1.5
2014.09.12,00:29:17.430,1.29197,1.29194,1.5,3.75
2014.09.12,00:29:17.959,1.29196,1.29194,1,1.12
2014.09.12,00:29:18.679,1.29196,1.29194,1,1.87
2014.09.12,00:29:19.188,1.29196,1.29194,1,1.12
2014.09.12,00:29:19.705,1.29196,1.29194,1,1.37
2014.09.12,00:29:20.367,1.29196,1.29194,1,1.12
2014.09.12,00:29:21.289,1.29196,1.29193,1,2.62
2014.09.12,00:29:21.807,1.29196,1.29193,1,3
2014.09.12,00:29:22.469,1.29196,1.29193,1,3
2014.09.12,00:29:22.571,1.29196,1.29193,1,2.62
2014.09.12,00:29:22.673,1.29196,1.29193,1,3
2014.09.12,00:29:23.302,1.29196,1.29193,1,3
2014.09.12,00:29:24.057,1.29196,1.29193,1,3
2014.09.12,00:29:24.727,1.29196,1.29193,1,3
2014.09.12,00:29:25.429,1.29196,1.29193,1,2.62
2014.09.12,00:29:26.053,1.29196,1.29193,1,2.62
2014.09.12,00:29:27.534,1.29196,1.29193,1,2.62
2014.09.12,00:29:28.242,1.29196,1.29193,1,2.62
2014.09.12,00:29:29.590,1.29196,1.29193,1,2.62
2014.09.12,00:29:30.241,1.29196,1.29193,1,2.62
2014.09.12,00:29:31.386,1.29196,1.29193,1,2.62
2014.09.12,00:29:31.893,1.29198,1.29196,1.5,1
2014.09.12,00:29:31.944,1.29198,1.29194,1.5,2.62
2014.09.12,00:29:32.643,1.29198,1.29193,1.5,3.19
2014.09.12,00:29:32.744,1.29198,1.29193,1.5,3.56
2014.09.12,00:29:32.946,1.29198,1.29193,1.5,3
2014.09.12,00:29:33.456,1.29198,1.29193,1.5,4.12
2014.09.12,00:29:33.991,1.29198,1.29195,1.5,1.5
2014.09.12,00:29:34.865,1.29198,1.29194,1.5,1.87
2014.09.12,00:29:35.865,1.29198,1.29194,1.5,1.87
2014.09.12,00:29:36.376,1.29198,1.29194,1.5,1.87
2014.09.12,00:29:37.096,1.29198,1.29194,2.25,1.37
2014.09.12,00:29:37.641,1.29198,1.29194,2.25,1.12
2014.09.12,00:29:39.061,1.29198,1.29194,2.25,3.37
2014.09.12,00:29:41.605,1.29198,1.29194,1,1.12
2014.09.12,00:29:42.935,1.29198,1.29194,1,1.37
2014.09.12,00:29:43.834,1.29198,1.29194,1,1.12
2014.09.12,00:29:44.685,1.29198,1.29193,1,5.62
2014.09.12,00:29:45.748,1.29198,1.29194,1,1.12
2014.09.12,00:29:46.283,1.29198,1.29193,1,6.37
2014.09.12,00:29:47.016,1.29198,1.29193,1,7.12
2014.09.12,00:29:47.678,1.29198,1.29193,1,6.37
2014.09.12,00:29:48.539,1.29198,1.29193,1,6.37
2014.09.12,00:29:49.404,1.29199,1.29193,2.25,6.37
2014.09.12,00:29:50.064,1.29199,1.29193,2.25,6.37
2014.09.12,00:29:50.858,1.29199,1.29193,2.25,7.12
2014.09.12,00:29:51.389,1.29198,1.29194,1,1.12
2014.09.12,00:29:51.945,1.29198,1.29194,1,1.37
2014.09.12,00:29:52.488,1.29199,1.29195,2.25,1.87
2014.09.12,00:29:53.113,1.29199,1.29193,2.25,7.12
2014.09.12,00:29:53.621,1.29199,1.29193,2.25,6.37
2014.09.12,00:29:54.279,1.29198,1.29194,1,1.37
2014.09.12,00:29:54.800,1.29197,1.29193,1,4.31
2014.09.12,00:29:55.003,1.29199,1.29194,3.75,1.12
2014.09.12,00:29:55.932,1.29199,1.29194,3.75,1.37
2014.09.12,00:29:56.634,1.29199,1.29194,3.75,1.87
2014.09.12,00:29:57.377,1.29197,1.29194,1,1.87
2014.09.12,00:29:57.913,1.29197,1.29194,1,1.87
2014.09.12,00:29:58.457,1.29197,1.29194,1,1.5
2014.09.12,00:29:59.487,1.29198,1.29194,1.5,1.87
2014.09.12,00:30:00.014,1.29198,1.29194,1.5,1.87
2014.09.12,00:30:00.609,1.29198,1.29194,1,2.62
2014.09.12,00:30:01.115,1.29199,1.29194,5.25,1.87
2014.09.12,00:30:01.617,1.29198,1.29194,1.5,1.12
2014.09.12,00:30:02.796,1.29199,1.29194,3.75,1.37
2014.09.12,00:30:03.315,1.29198,1.29195,1,1
2014.09.12,00:30:03.821,1.29199,1.29194,2.25,4.87
2014.09.12,00:30:04.338,1.29198,1.29194,1,1.87
2014.09.12,00:30:04.844,1.29199,1.29194,1.5,2.62
2014.09.12,00:30:05.502,1.29198,1.29194,1,2.25
2014.09.12,00:30:06.008,1.29197,1.29193,1,3.56
2014.09.12,00:30:06.679,1.29197,1.29193,1,2.81
2014.09.12,00:30:07.185,1.29198,1.29193,2.25,2.62
2014.09.12,00:30:07.719,1.29198,1.29193,3,1.87
2014.09.12,00:30:08.339,1.29198,1.29193,3,1.5
2014.09.12,00:30:09.360,1.29198,1.29193,1,4.87
2014.09.12,00:30:09.862,1.29198,1.29194,1,1
2014.09.12,00:30:10.368,1.29199,1.29195,2.25,1
2014.09.12,00:30:10.873,1.292,1.29195,1.5,1.5
2014.09.12,00:30:11.379,1.292,1.29194,3,5.62
2014.09.12,00:30:12.733,1.292,1.29195,3.75,1.12
2014.09.12,00:30:13.054,1.29198,1.29195,1,1.12
2014.09.12,00:30:13.585,1.29199,1.29194,1,7.12
2014.09.12,00:30:14.092,1.292,1.29196,3,1
2014.09.12,00:30:15.626,1.29199,1.29195,1,1
2014.09.12,00:30:16.186,1.29199,1.29197,1,1
2014.09.12,00:30:16.238,1.29201,1.29198,2.25,1
2014.09.12,00:30:16.543,1.29199,1.29197,1,1
2014.09.12,00:30:17.050,1.29198,1.29196,1,3.75
2014.09.12,00:30:33.032,1.29198,1.29197,1,1
2014.09.12,00:30:33.572,1.29198,1.29196,1,1.69
2014.09.12,00:30:34.454,1.29198,1.29197,1,1
2014.09.12,00:30:36.029,1.29198,1.29196,1,2.44
2014.09.12,00:30:43.141,1.29198,1.29197,1,1
2014.09.12,00:30:48.145,1.292,1.29198,1.12,1
2014.09.12,00:30:48.451,1.2921,1.29208,1,2.81
2014.09.12,00:30:48.653,1.29211,1.29208,1,1.69
2014.09.12,00:30:49.175,1.29211,1.29209,1,1
2014.09.12,00:30:49.784,1.29211,1.29209,1,1.56
2014.09.12,00:30:50.409,1.29211,1.29209,1,1.31
2014.09.12,00:30:51.320,1.29211,1.29209,1,2.06
2014.09.12,00:30:52.121,1.29211,1.29209,1,1.31
2014.09.12,00:30:52.886,1.29211,1.29209,1,1.56
2014.09.12,00:30:53.412,1.29211,1.29209,1,1.31
2014.09.12,00:30:54.020,1.29211,1.29208,1,5.62
2014.09.12,00:30:54.071,1.29211,1.29208,1,6.19
2014.09.12,00:30:54.829,1.29212,1.2921,1.5,1
2014.09.12,00:30:55.346,1.29212,1.2921,2.25,1
2014.09.12,00:30:55.891,1.29213,1.2921,2.53,3.56
2014.09.12,00:30:56.194,1.29215,1.29212,1,1
2014.09.12,00:30:56.397,1.29218,1.29214,7.5,1
2014.09.12,00:30:56.802,1.29219,1.29216,1,1.5
2014.09.12,00:30:57.307,1.29219,1.29215,1,2.44
2014.09.12,00:30:59.082,1.29218,1.29214,1,2.25
2014.09.12,00:30:59.436,1.29218,1.29215,1,2.44
2014.09.12,00:30:59.538,1.29217,1.29214,1,4.5
2014.09.12,00:30:59.755,1.29217,1.29215,1,1
2014.09.12,00:30:59.856,1.29215,1.29212,1,4.87
2014.09.12,00:31:00.210,1.29217,1.29215,1,1
2014.09.12,00:31:01.631,1.29217,1.29216,1,1
2014.09.12,00:31:02.138,1.29217,1.29214,1,3.75
2014.09.12,00:31:02.644,1.29218,1.29216,1.5,1
2014.09.12,00:31:03.188,1.29218,1.29215,1.5,2.25
2014.09.12,00:31:03.593,1.29217,1.29215,1,1.5
2014.09.12,00:31:04.138,1.29218,1.29216,1,1
2014.09.12,00:31:06.517,1.29218,1.29215,1,3
2014.09.12,00:31:08.037,1.29217,1.29214,1,1.87
2014.09.12,00:31:08.630,1.29217,1.29215,1,1
2014.09.12,00:31:09.186,1.29218,1.29215,1,3.75
2014.09.12,00:31:09.692,1.29218,1.29216,1,1
2014.09.12,00:31:10.624,1.29219,1.29217,1,1.5
2014.09.12,00:31:11.130,1.29218,1.29216,1,3.75
2014.09.12,00:31:11.675,1.29219,1.29216,1,4.5
2014.09.12,00:31:12.187,1.29218,1.29215,1,3.19
2014.09.12,00:31:12.288,1.29217,1.29215,1,4.12
2014.09.12,00:31:12.794,1.29217,1.29215,1,3
2014.09.12,00:31:14.352,1.29219,1.29215,1.5,2.25
2014.09.12,00:31:17.438,1.29218,1.29215,1,1
2014.09.12,00:31:18.002,1.29218,1.29214,1.5,2.62
2014.09.12,00:31:18.511,1.29218,1.29215,1,1
2014.09.12,00:31:19.273,1.29218,1.29217,1,1
2014.09.12,00:31:19.374,1.29218,1.29215,1,3
2014.09.12,00:31:19.880,1.29219,1.29216,1,1.5
2014.09.12,00:31:21.481,1.29218,1.29216,1,1.5
2014.09.12,00:31:25.273,1.29218,1.29215,1,1.5
2014.09.12,00:31:27.479,1.29218,1.29217,1,1
2014.09.12,00:31:27.682,1.29218,1.29215,1,3.37
2014.09.12,00:31:28.242,1.29219,1.29215,1,3.75
2014.09.12,00:31:28.751,1.29219,1.29215,1,3.37
2014.09.12,00:31:29.286,1.29218,1.29215,1,1.37
2014.09.12,00:31:32.404,1.29217,1.29215,1,1.37
2014.09.12,00:31:32.916,1.29217,1.29215,1,1
2014.09.12,00:31:33.671,1.29219,1.29216,3,1
2014.09.12,00:31:33.722,1.29219,1.29218,1,1.5
2014.09.12,00:31:33.875,1.29221,1.29218,1.5,2.25
2014.09.12,00:31:33.977,1.29219,1.29217,1,1
2014.09.12,00:31:34.381,1.29218,1.29216,1,1
2014.09.12,00:31:34.584,1.29218,1.29214,1,2.25
2014.09.12,00:31:41.515,1.29217,1.29214,1,1.5
2014.09.12,00:31:42.067,1.29216,1.29212,1,5.44
2014.09.12,00:31:42.573,1.29216,1.29212,1,3.94
2014.09.12,00:31:44.520,1.29218,1.29214,1,3.25
2014.09.12,00:31:44.622,1.29216,1.29213,1,1.69
2014.09.12,00:31:53.675,1.29215,1.29213,1,1
2014.09.12,00:31:54.192,1.29215,1.29212,2.25,1
2014.09.12,00:31:57.341,1.29213,1.29211,1,2.62
2014.09.12,00:31:57.645,1.29211,1.29209,1.5,1.87
2014.09.12,00:32:17.412,1.29212,1.29209,2.25,1.5
2014.09.12,00:32:18.360,1.29211,1.29209,1,3
2014.09.12,00:32:18.942,1.29212,1.29209,3,2.25
2014.09.12,00:32:19.530,1.29211,1.29209,1,3
2014.09.12,00:32:20.080,1.29212,1.29209,4.5,1
2014.09.12,00:32:20.597,1.29211,1.2921,1,1
2014.09.12,00:32:21.099,1.29212,1.2921,4.5,1
2014.09.12,00:32:21.640,1.29211,1.2921,1,1
2014.09.12,00:32:22.219,1.29211,1.29209,1,2.62
2014.09.12,00:32:22.745,1.29211,1.2921,1.5,1.5
2014.09.12,00:32:23.418,1.29211,1.29209,1,2.62
2014.09.12,00:32:24.148,1.29211,1.29208,2.25,4.12
2014.09.12,00:32:24.683,1.29211,1.29209,3,1
2014.09.12,00:32:25.223,1.29211,1.29208,2.25,3.37
2014.09.12,00:32:25.758,1.29211,1.29209,3,1
2014.09.12,00:32:26.273,1.29211,1.29208,2.25,4.12
2014.09.12,00:32:26.885,1.29211,1.29209,3,1
2014.09.12,00:32:27.413,1.29211,1.29208,1.5,4.87
2014.09.12,00:32:28.040,1.29211,1.29209,2.25,1
2014.09.12,00:32:28.569,1.29211,1.29208,1.5,4.5
2014.09.12,00:32:29.431,1.29211,1.29209,2.25,1
2014.09.12,00:32:30.022,1.29211,1.29208,1.5,4.5
2014.09.12,00:32:30.553,1.29211,1.29209,2.25,1
2014.09.12,00:32:31.155,1.29211,1.29208,1.5,4.5
2014.09.12,00:32:31.671,1.29211,1.29209,2.25,1
2014.09.12,00:32:32.428,1.29211,1.29208,1.5,4.5
2014.09.12,00:32:32.936,1.29211,1.29209,2.25,1
2014.09.12,00:32:33.443,1.29211,1.29208,1.5,4.5
2014.09.12,00:32:33.981,1.29211,1.29209,2.25,1
2014.09.12,00:32:34.639,1.29211,1.29208,1.5,4.5
2014.09.12,00:32:35.301,1.29211,1.29209,3,1
2014.09.12,00:32:36.315,1.29211,1.29208,2.25,4.69
2014.09.12,00:32:38.149,1.29211,1.29209,1.5,1
2014.09.12,00:32:38.808,1.29211,1.2921,1,1
2014.09.12,00:32:39.326,1.29211,1.29209,1,1
2014.09.12,00:32:40.151,1.29211,1.2921,1,1
2014.09.12,00:32:40.692,1.29211,1.29209,1.5,1.5
2014.09.12,00:32:41.244,1.29211,1.2921,1,1
2014.09.12,00:32:41.839,1.29211,1.29209,1,1
2014.09.12,00:32:42.692,1.29211,1.2921,1,1
2014.09.12,00:32:43.207,1.29211,1.29209,1,1
2014.09.12,00:32:45.146,1.29211,1.2921,3,1
2014.09.12,00:32:45.658,1.29211,1.29209,2.25,1.12
2014.09.12,00:32:46.459,1.29211,1.2921,2.25,1
2014.09.12,00:32:46.986,1.29211,1.29209,1,1.12
2014.09.12,00:32:47.290,1.29209,1.29207,1,3
2014.09.12,00:32:47.402,1.29209,1.29207,1,3.75
2014.09.12,00:32:47.657,1.29208,1.29206,1,1
2014.09.12,00:32:47.758,1.29206,1.29205,1,1
2014.09.12,00:32:47.860,1.29206,1.29202,1.5,4.69
2014.09.12,00:32:48.922,1.29206,1.29202,1.5,3.75
2014.09.12,00:32:49.989,1.29206,1.29203,1.5,1
2014.09.12,00:32:50.652,1.29206,1.29204,1.5,1
2014.09.12,00:32:50.856,1.29208,1.29204,1,2.62
2014.09.12,00:32:51.413,1.29208,1.29204,1,1.37
2014.09.12,00:32:51.922,1.29208,1.29204,1,1.12
2014.09.12,00:32:52.785,1.29208,1.29204,1,1.62
2014.09.12,00:32:53.372,1.29208,1.29204,1,1.31
2014.09.12,00:32:53.473,1.29209,1.29207,3,1.5
2014.09.12,00:32:53.777,1.29211,1.29208,1,1.87
2014.09.12,00:32:54.385,1.29211,1.29208,1,1.87
2014.09.12,00:32:54.926,1.29211,1.29208,1,1.87
2014.09.12,00:32:55.433,1.29211,1.29209,1.5,1.37
2014.09.12,00:32:55.973,1.29212,1.29208,4.5,1.87
2014.09.12,00:32:56.653,1.29212,1.29208,4.31,1.87
2014.09.12,00:32:57.163,1.29211,1.29209,1,1.12
2014.09.12,00:32:57.664,1.29212,1.29208,4.31,1.87
2014.09.12,00:32:58.200,1.29211,1.29209,1,1.12
2014.09.12,00:32:58.731,1.29211,1.29209,1,1.37
2014.09.12,00:32:59.268,1.29212,1.29208,4.31,1.87
2014.09.12,00:33:00.062,1.29211,1.29209,1,1.37
2014.09.12,00:33:00.593,1.29212,1.29208,4.31,2.62
2014.09.12,00:33:01.154,1.29212,1.29208,4.31,2.62
2014.09.12,00:33:01.680,1.29211,1.29209,1,1.87
2014.09.12,00:33:02.229,1.29212,1.29209,1.5,2.25
2014.09.12,00:33:02.987,1.29212,1.2921,1,1.12
2014.09.12,00:33:03.599,1.29212,1.29209,1,3.75
2014.09.12,00:33:04.982,1.29212,1.2921,1,1
2014.09.12,00:33:05.498,1.29212,1.29209,1,4.12
2014.09.12,00:33:06.954,1.29212,1.2921,1,1
2014.09.12,00:33:07.769,1.29212,1.29209,1,1.5
2014.09.12,00:33:09.343,1.29211,1.29209,1,3
2014.09.12,00:33:10.565,1.29211,1.2921,1,1
2014.09.12,00:33:11.107,1.29211,1.29209,1,1.5
2014.09.12,00:33:11.608,1.29211,1.2921,1,1
2014.09.12,00:33:12.190,1.29211,1.29209,1,2.25
2014.09.12,00:33:12.718,1.29211,1.2921,1,1
2014.09.12,00:33:13.648,1.29211,1.29209,1,2.25
2014.09.12,00:33:14.360,1.29211,1.2921,1,1
2014.09.12,00:33:14.882,1.29211,1.29209,1,2.25
2014.09.12,00:33:15.488,1.29211,1.2921,1,1
2014.09.12,00:33:16.001,1.29211,1.29209,1,1
2014.09.12,00:33:16.970,1.2921,1.29209,1,1
2014.09.12,00:33:17.122,1.2921,1.29206,1.5,1
2014.09.12,00:33:17.636,1.29209,1.29206,1,1.5
2014.09.12,00:33:24.600,1.29208,1.29206,1.5,1
2014.09.12,00:33:24.753,1.29208,1.29204,1.5,3.19
2014.09.12,00:33:25.268,1.29208,1.29204,1.5,1.87
2014.09.12,00:33:27.016,1.29208,1.29206,1.5,1
2014.09.12,00:33:27.876,1.29208,1.29205,1.5,1.5
2014.09.12,00:33:28.425,1.29208,1.29206,1.5,1
2014.09.12,00:33:32.953,1.29208,1.29205,1.5,1
2014.09.12,00:33:33.462,1.29208,1.29204,1.5,4.5
2014.09.12,00:33:33.974,1.29208,1.29205,1.5,1.5
2014.09.12,00:33:39.432,1.29208,1.29206,1.69,1
2014.09.12,00:33:41.768,1.29208,1.29205,1.5,1.12
2014.09.12,00:33:58.552,1.29208,1.29204,1,2.25
2014.09.12,00:33:58.603,1.29208,1.29206,1,1
2014.09.12,00:33:59.108,1.29208,1.29205,1,1
2014.09.12,00:34:01.799,1.29208,1.29204,1.5,3
2014.09.12,00:34:02.318,1.29208,1.29205,1,1.5
2014.09.12,00:34:03.440,1.29208,1.29204,2.25,2.25
2014.09.12,00:34:03.956,1.29209,1.29204,1.5,3
2014.09.12,00:34:04.500,1.29209,1.29205,2.25,1
2014.09.12,00:34:06.559,1.29208,1.29205,1,1.5
2014.09.12,00:34:07.918,1.29209,1.29205,1,2.25
2014.09.12,00:34:22.424,1.29209,1.29206,1,1
2014.09.12,00:34:22.982,1.2921,1.29206,1.12,1.87
2014.09.12,00:34:26.902,1.29209,1.29206,1,1
2014.09.12,00:34:27.408,1.29209,1.29205,1,5.62
2014.09.12,00:34:28.115,1.29208,1.29205,1,4.12
2014.09.12,00:34:28.644,1.29209,1.29205,1,3
2014.09.12,00:34:29.170,1.29209,1.29206,1,1
2014.09.12,00:34:33.242,1.2921,1.29206,3.75,1
2014.09.12,00:34:39.580,1.2921,1.29205,3.37,4.31
2014.09.12,00:34:39.885,1.29207,1.29205,1,1.69
2014.09.12,00:34:41.598,1.29208,1.29205,1,1.5
2014.09.12,00:34:42.678,1.29208,1.29207,1,1
2014.09.12,00:34:43.185,1.29207,1.29204,1,1.69
2014.09.12,00:34:43.969,1.29209,1.29204,3.75,1.5
2014.09.12,00:34:44.501,1.29209,1.29205,2.25,1.87
2014.09.12,00:34:51.688,1.29209,1.29208,1,1.5
2014.09.12,00:34:51.739,1.29211,1.29208,1,2.25
2014.09.12,00:34:52.245,1.29211,1.29209,1,1
2014.09.12,00:34:52.766,1.29212,1.29209,3.75,1
2014.09.12,00:34:56.633,1.29211,1.29209,1,1
2014.09.12,00:35:01.934,1.2921,1.29209,1,1
2014.09.12,00:35:04.472,1.2921,1.29207,3,1
2014.09.12,00:35:04.978,1.29209,1.29207,1,1
2014.09.12,00:35:06.026,1.29209,1.29206,1.5,1.5
2014.09.12,00:35:06.532,1.29209,1.29205,3,3.75
2014.09.12,00:35:11.960,1.29208,1.29205,1,2.25
2014.09.12,00:35:22.327,1.29209,1.29205,2.25,1.87
2014.09.12,00:35:23.052,1.29208,1.29205,1,1
2014.09.12,00:35:23.675,1.29209,1.29205,1.5,1
2014.09.12,00:35:27.269,1.29208,1.29205,1,1
2014.09.12,00:35:29.114,1.29208,1.29204,1,2.25
2014.09.12,00:35:29.722,1.29208,1.29205,1,1
2014.09.12,00:35:30.361,1.29208,1.29204,1,2.25
2014.09.12,00:35:31.069,1.29208,1.29205,1,1
2014.09.12,00:35:32.181,1.29208,1.29204,1,2.25
2014.09.12,00:35:32.995,1.29208,1.29205,1,1
2014.09.12,00:35:33.501,1.29208,1.29204,1,2.25
2014.09.12,00:35:35.018,1.29208,1.29205,1,1
2014.09.12,00:35:36.332,1.29208,1.29204,1,1.5
2014.09.12,00:35:36.842,1.29209,1.29205,1.5,3
2014.09.12,00:35:37.348,1.29209,1.29207,1,1
2014.09.12,00:35:37.931,1.2921,1.29207,1.5,1
2014.09.12,00:35:40.383,1.29209,1.29207,1,1
2014.09.12,00:35:40.945,1.2921,1.29207,1.5,1
2014.09.12,00:35:42.715,1.2921,1.29208,1.5,2.25
2014.09.12,00:35:43.272,1.2921,1.29207,1.5,1
2014.09.12,00:35:44.737,1.2921,1.29206,1.5,3.19
2014.09.12,00:35:45.268,1.29209,1.29205,2.25,1.5
2014.09.12,00:35:57.500,1.29207,1.29205,1,1.5
2014.09.12,00:35:58.615,1.29207,1.29204,1,3.75
2014.09.12,00:35:58.730,1.29209,1.29205,1.5,1
2014.09.12,00:35:59.438,1.29209,1.29204,1.5,3.75
2014.09.12,00:36:00.033,1.29209,1.29205,1.5,1
2014.09.12,00:36:00.754,1.29209,1.29204,1.5,3.75
2014.09.12,00:36:02.093,1.29209,1.29205,1.5,1
2014.09.12,00:36:02.397,1.29209,1.29207,1.5,2.25
2014.09.12,00:36:02.903,1.2921,1.29206,1.87,1.5
2014.09.12,00:36:03.207,1.29208,1.29207,1,1
2014.09.12,00:36:03.713,1.29209,1.29207,2.25,1
2014.09.12,00:36:03.764,1.29209,1.29205,3,1.69
2014.09.12,00:36:05.343,1.29209,1.29204,1.5,3.94
2014.09.12,00:36:05.953,1.29209,1.29205,1.5,1
2014.09.12,00:36:06.626,1.29209,1.29204,1.5,4.69
2014.09.12,00:36:08.947,1.29209,1.29205,1.5,1
2014.09.12,00:36:09.819,1.29209,1.29204,1.5,3.94
2014.09.12,00:36:10.428,1.29209,1.29205,1.5,1
2014.09.12,00:36:10.945,1.29209,1.29204,1.5,3.94
2014.09.12,00:36:11.861,1.29209,1.29205,1.5,1
2014.09.12,00:36:12.526,1.29209,1.29204,1.5,3.94
2014.09.12,00:36:13.586,1.29209,1.29205,1.5,1
2014.09.12,00:36:14.112,1.29208,1.29205,1,1.5
2014.09.12,00:36:14.618,1.29208,1.29204,1,3.94
2014.09.12,00:36:15.140,1.29208,1.29205,1,1
2014.09.12,00:36:15.647,1.29208,1.29204,1,3.94
2014.09.12,00:36:16.305,1.29208,1.29205,1,1
2014.09.12,00:36:17.298,1.29208,1.29204,1,2.81
2014.09.12,00:36:17.862,1.29208,1.29206,1,1
2014.09.12,00:36:18.377,1.29208,1.29205,1,1
2014.09.12,00:36:19.775,1.29208,1.29204,1.5,1.69
2014.09.12,00:36:20.382,1.29208,1.29204,2.25,2.81
2014.09.12,00:36:20.926,1.29208,1.29204,2.25,3
2014.09.12,00:36:21.749,1.29208,1.29205,3,1
2014.09.12,00:36:22.752,1.29208,1.29206,1,1
2014.09.12,00:36:23.866,1.29208,1.29205,1,3
2014.09.12,00:36:24.588,1.29208,1.29204,1.5,1.12
2014.09.12,00:36:25.513,1.29208,1.29204,1,1.37
2014.09.12,00:36:26.021,1.29208,1.29204,1.5,1.12
2014.09.12,00:36:26.531,1.29208,1.29204,1.5,1.37
2014.09.12,00:36:27.040,1.29208,1.29204,1,1.87
2014.09.12,00:36:27.779,1.29208,1.29204,1,1.62
2014.09.12,00:36:28.465,1.29208,1.29204,1,1.12
2014.09.12,00:36:29.587,1.29208,1.29204,1,1.37
2014.09.12,00:36:30.101,1.29208,1.29204,1,1.12
2014.09.12,00:36:30.828,1.29208,1.29204,1,1.37
2014.09.12,00:36:31.355,1.29208,1.29204,1,1.12
2014.09.12,00:36:32.062,1.29208,1.29204,1,1.37
2014.09.12,00:36:32.621,1.29208,1.29204,1,1.12
2014.09.12,00:36:33.461,1.29208,1.29204,1,1.37
2014.09.12,00:36:34.121,1.29208,1.29204,1,1.12
2014.09.12,00:36:35.485,1.29208,1.29204,1,1.37
2014.09.12,00:36:36.101,1.29208,1.29204,1,1.12
2014.09.12,00:36:37.178,1.29208,1.29204,1,1.37
2014.09.12,00:36:37.381,1.29206,1.29202,1,5.44
2014.09.12,00:36:37.635,1.29204,1.29202,1.5,1
2014.09.12,00:36:37.939,1.29201,1.29197,3.75,1.5
2014.09.12,00:36:38.294,1.292,1.29195,2.25,5.44
2014.09.12,00:36:38.649,1.29197,1.29195,1,1
2014.09.12,00:36:39.155,1.29197,1.29194,1,3.19
2014.09.12,00:36:40.399,1.29197,1.29194,1,1.37
2014.09.12,00:36:40.956,1.29197,1.29194,1,1.12
2014.09.12,00:36:41.819,1.29197,1.29194,1,1.37
2014.09.12,00:36:42.527,1.29197,1.29194,1,1.12
2014.09.12,00:36:43.049,1.29197,1.29194,1,1.37
2014.09.12,00:36:43.595,1.29197,1.29194,1,1.12
2014.09.12,00:36:44.110,1.29197,1.29194,1,1.37
2014.09.12,00:36:44.623,1.29197,1.29194,1,1.12
2014.09.12,00:36:46.500,1.29197,1.29194,1,1.37
2014.09.12,00:36:47.141,1.29197,1.29194,1,1.12
2014.09.12,00:36:47.672,1.29197,1.29195,1,1
2014.09.12,00:36:56.768,1.29197,1.29194,1,1
2014.09.12,00:36:56.870,1.29197,1.29192,1,4.69
2014.09.12,00:36:56.921,1.29195,1.29192,1,4.69
2014.09.12,00:36:57.427,1.29195,1.29191,2.25,1.25
2014.09.12,00:36:57.729,1.29193,1.2919,1,2.44
2014.09.12,00:36:58.244,1.29193,1.2919,1.5,1.69
2014.09.12,00:36:59.004,1.29193,1.29191,1,1.5
2014.09.12,00:36:59.662,1.29192,1.29191,1,1.5
2014.09.12,00:37:04.908,1.29192,1.2919,1,5.44
2014.09.12,00:37:05.414,1.29193,1.2919,2.25,1
2014.09.12,00:37:05.719,1.2919,1.29189,1,2.25
2014.09.12,00:37:05.871,1.2919,1.29186,1,7.5
2014.09.12,00:37:06.160,1.29188,1.29186,1,1
2014.09.12,00:37:06.314,1.29187,1.29184,2.44,1
2014.09.12,00:37:06.366,1.29185,1.29182,1,3.75
2014.09.12,00:37:06.874,1.29185,1.29183,1,1
2014.09.12,00:37:07.380,1.29185,1.29182,1,4.5
2014.09.12,00:37:07.684,1.29185,1.29184,1,1
2014.09.12,00:37:09.204,1.29187,1.29184,3.19,1.37
2014.09.12,00:37:09.306,1.29185,1.29183,1,1
2014.09.12,00:37:09.828,1.29185,1.29182,1,3.75
2014.09.12,00:37:10.334,1.29185,1.29182,1,3.37
2014.09.12,00:37:10.739,1.29185,1.29182,1,5.25
2014.09.12,00:37:11.740,1.29187,1.29182,3.19,5.62
2014.09.12,00:37:12.269,1.29185,1.29182,1,5.25
2014.09.12,00:37:13.364,1.29185,1.29182,1,5.62
2014.09.12,00:37:14.404,1.29185,1.29182,1,5.25
2014.09.12,00:37:28.477,1.29187,1.29182,2.44,4.5
2014.09.12,00:37:31.011,1.29187,1.29182,2.44,6
2014.09.12,00:37:31.633,1.29187,1.29182,2.44,6
2014.09.12,00:37:32.337,1.29187,1.29182,2.44,6
2014.09.12,00:37:32.540,1.29187,1.29182,2.44,5.62
2014.09.12,00:37:33.916,1.29187,1.29184,2.44,1
2014.09.12,00:37:34.465,1.29187,1.29184,1.5,1
2014.09.12,00:37:35.277,1.29187,1.29182,1.5,6
2014.09.12,00:37:35.818,1.29187,1.29183,1.5,1.87
2014.09.12,00:37:38.154,1.29184,1.29182,1,4.12
2014.09.12,00:37:38.256,1.29183,1.29182,2.25,1
2014.09.12,00:37:38.358,1.29183,1.2918,1,3
2014.09.12,00:37:38.866,1.29183,1.29179,2.25,1
2014.09.12,00:37:39.372,1.29182,1.29178,1,9
2014.09.12,00:37:39.423,1.29182,1.2918,1,1
2014.09.12,00:37:39.933,1.29182,1.29179,1,1.12
2014.09.12,00:37:40.647,1.29182,1.29179,1,1.37
2014.09.12,00:37:41.197,1.29182,1.29179,1,1.87
2014.09.12,00:37:41.846,1.29182,1.29179,1,2.06
2014.09.12,00:37:42.452,1.29182,1.29179,1,2.06
2014.09.12,00:37:43.129,1.29182,1.2918,1,1
2014.09.12,00:37:44.534,1.29182,1.29179,1,2.62
2014.09.12,00:37:45.043,1.29182,1.29178,3.75,1.25
2014.09.12,00:37:45.683,1.29181,1.29177,1,3.94
2014.09.12,00:37:46.210,1.29182,1.29177,2.25,3
2014.09.12,00:37:46.855,1.2918,1.29177,1,3
2014.09.12,00:37:47.158,1.29182,1.29178,1,1.87
2014.09.12,00:37:47.982,1.29182,1.29179,1,1
2014.09.12,00:37:48.084,1.2918,1.29179,1.5,1
2014.09.12,00:37:48.340,1.29176,1.29173,2.25,1
2014.09.12,00:37:48.543,1.29174,1.29173,1,1.5
2014.09.12,00:37:48.796,1.29173,1.2917,1.5,2.25
2014.09.12,00:37:49.380,1.29173,1.29171,2.25,1
2014.09.12,00:37:49.532,1.29175,1.29172,1,2.25
2014.09.12,00:37:50.040,1.29176,1.29172,3.75,1.5
2014.09.12,00:37:53.139,1.29176,1.29173,2.25,1
2014.09.12,00:37:56.635,1.29176,1.29172,1,3.75
2014.09.12,00:37:56.686,1.29174,1.29172,1,3
2014.09.12,00:37:56.895,1.29174,1.2917,1.5,2.25
2014.09.12,00:37:57.098,1.29175,1.29172,1.5,1
2014.09.12,00:37:57.402,1.29177,1.29175,3,1
2014.09.12,00:37:57.920,1.29177,1.29172,1.5,3
2014.09.12,00:37:58.426,1.29176,1.29171,2.25,6.19
2014.09.12,00:37:59.024,1.29175,1.29171,1,6.19
2014.09.12,00:37:59.226,1.29173,1.29171,1,2.25
2014.09.12,00:37:59.530,1.2917,1.29169,1,1
2014.09.12,00:37:59.581,1.2917,1.29167,1,3
2014.09.12,00:38:00.796,1.2917,1.29168,1,1
2014.09.12,00:38:01.150,1.29172,1.2917,7.5,1.12
2014.09.12,00:38:01.302,1.29174,1.29169,4.5,6.75
2014.09.12,00:38:01.808,1.29172,1.29169,1,3.37
2014.09.12,00:38:02.335,1.29173,1.29169,2.25,2.62
2014.09.12,00:38:02.996,1.29172,1.29169,1,3.37
2014.09.12,00:38:03.545,1.29173,1.29169,3,2.62
2014.09.12,00:38:04.205,1.29173,1.29169,3,2.62
2014.09.12,00:38:04.785,1.29173,1.29169,3,2.62
2014.09.12,00:38:05.291,1.29173,1.29169,1,2.62
2014.09.12,00:38:05.796,1.29173,1.29169,1,2.62
2014.09.12,00:38:06.102,1.29173,1.29171,1,1
2014.09.12,00:38:06.609,1.29174,1.29171,1.5,2.25
2014.09.12,00:38:07.473,1.29172,1.29169,1,5.62
2014.09.12,00:38:07.574,1.29172,1.29169,3,1.37
2014.09.12,00:38:07.827,1.2917,1.29169,1,1
2014.09.12,00:38:08.333,1.2917,1.29168,1.5,1
2014.09.12,00:38:08.840,1.29171,1.29168,4.12,1
2014.09.12,00:38:09.144,1.29168,1.29164,1.87,2.81
2014.09.12,00:38:09.650,1.29166,1.29164,1,1
2014.09.12,00:38:14.633,1.29166,1.29163,1.5,1.5
2014.09.12,00:38:16.989,1.29166,1.29164,1.5,1
2014.09.12,00:38:18.067,1.29166,1.29162,1.5,2.25
2014.09.12,00:38:18.573,1.29166,1.29164,1,1
2014.09.12,00:38:21.384,1.29168,1.29164,1.5,4.5
2014.09.12,00:38:21.955,1.29168,1.29165,1,1
2014.09.12,00:38:22.567,1.29168,1.29164,1,4.5
2014.09.12,00:38:23.969,1.29168,1.29163,3,2.25
2014.09.12,00:38:24.172,1.29166,1.29163,1.5,1
2014.09.12,00:38:24.678,1.29166,1.29162,1.5,1.87
2014.09.12,00:38:24.982,1.29163,1.29162,1.5,1
2014.09.12,00:38:25.084,1.29163,1.2916,1.5,1.87
2014.09.12,00:38:25.590,1.29162,1.29159,1,6.75
2014.09.12,00:38:26.050,1.29163,1.29161,1,1
2014.09.12,00:38:29.383,1.29162,1.29161,1,1
2014.09.12,00:38:29.535,1.29162,1.29158,1.5,2.25
2014.09.12,00:38:29.688,1.29161,1.29159,1,1
2014.09.12,00:38:29.890,1.29163,1.2916,3.37,1
2014.09.12,00:38:30.396,1.29163,1.29159,3.37,1
2014.09.12,00:38:30.902,1.29162,1.29159,1,1.5
2014.09.12,00:38:31.408,1.29161,1.29158,1,1
2014.09.12,00:38:32.422,1.29161,1.29157,1,1
2014.09.12,00:38:34.689,1.2916,1.29157,1,1.5
2014.09.12,00:38:35.195,1.29159,1.29157,1,1
2014.09.12,00:38:35.733,1.2916,1.29157,1.5,1
2014.09.12,00:38:36.301,1.2916,1.29156,1.5,3
2014.09.12,00:38:36.403,1.2916,1.29158,1.5,1
2014.09.12,00:38:36.790,1.29161,1.2916,1,1.5
2014.09.12,00:38:37.145,1.29163,1.29159,3.75,4.12
2014.09.12,00:38:37.854,1.29163,1.2916,2.25,1
2014.09.12,00:38:38.407,1.29163,1.29159,2.25,4.12
2014.09.12,00:38:38.913,1.29163,1.2916,2.25,1
2014.09.12,00:38:39.473,1.29163,1.29159,1,5.25
2014.09.12,00:38:39.877,1.2916,1.29159,1,1
2014.09.12,00:38:40.080,1.29161,1.29157,1,3
2014.09.12,00:38:40.586,1.2916,1.29156,1,4.69
2014.09.12,00:38:40.841,1.29157,1.29156,1,1
2014.09.12,00:38:41.348,1.29157,1.29155,1,1
2014.09.12,00:38:41.854,1.29158,1.29156,1,1
2014.09.12,00:38:44.204,1.29158,1.29157,1,1
2014.09.12,00:38:44.508,1.2916,1.29156,2.25,1.5
2014.09.12,00:38:44.711,1.29157,1.29154,2.25,4.69
2014.09.12,00:38:44.812,1.29156,1.29153,3,1.5
2014.09.12,00:38:45.015,1.29154,1.29152,1,1
2014.09.12,00:38:45.925,1.29155,1.29152,2.06,1
2014.09.12,00:38:50.655,1.29156,1.29151,2.44,2.62
2014.09.12,00:38:51.160,1.29155,1.29151,1.12,2.62
2014.09.12,00:38:51.888,1.29154,1.29151,1,2.25
2014.09.12,00:38:52.394,1.29154,1.29151,1,1.87
2014.09.12,00:38:53.478,1.29154,1.29151,1,3.37
2014.09.12,00:38:54.186,1.29154,1.29152,1,1
2014.09.12,00:38:54.338,1.29156,1.29152,6.37,1.5
2014.09.12,00:38:54.439,1.29156,1.29154,2.25,1.5
2014.09.12,00:38:54.796,1.29157,1.29156,1,1
2014.09.12,00:38:55.320,1.29157,1.29155,1,1
2014.09.12,00:38:55.829,1.29158,1.29155,1.87,1
2014.09.12,00:38:56.958,1.29158,1.29154,1.5,1
2014.09.12,00:38:57.708,1.29159,1.29154,6,1
2014.09.12,00:38:59.108,1.29158,1.29154,1,2.25
2014.09.12,00:39:06.083,1.29159,1.29154,5.25,1.5
2014.09.12,00:39:06.590,1.29159,1.29154,3.75,3.37
2014.09.12,00:39:07.099,1.2916,1.29156,1.5,2.25
2014.09.12,00:39:07.605,1.29161,1.29157,2.25,1
2014.09.12,00:39:07.757,1.29163,1.29158,4.12,2.25
2014.09.12,00:39:07.959,1.29164,1.2916,5.44,1
2014.09.12,00:39:08.464,1.29164,1.2916,2.06,1.5
2014.09.12,00:39:10.267,1.29164,1.29161,1.5,1.5
2014.09.12,00:39:10.571,1.29166,1.29164,1.5,1
2014.09.12,00:39:10.622,1.29168,1.29165,5.44,1
2014.09.12,00:39:11.129,1.29169,1.29166,2.25,1
2014.09.12,00:39:11.634,1.29169,1.29165,3,3.75
2014.09.12,00:39:13.342,1.29169,1.29166,2.25,1
2014.09.12,00:39:13.646,1.29169,1.29164,6,2.25
2014.09.12,00:39:19.879,1.29169,1.29165,3.75,1
2014.09.12,00:39:20.536,1.29169,1.29166,1.5,1
2014.09.12,00:39:21.194,1.29169,1.29165,1.5,3
2014.09.12,00:39:21.700,1.29169,1.29166,1.5,1
2014.09.12,00:39:25.154,1.29169,1.29165,1.5,3.19
2014.09.12,00:39:25.829,1.29169,1.29167,1,1.5
2014.09.12,00:39:25.982,1.29172,1.29168,1.5,2.25
2014.09.12,00:39:26.135,1.29173,1.29171,1.25,1
2014.09.12,00:39:26.440,1.29179,1.29174,3.37,1.5
2014.09.12,00:39:26.961,1.2918,1.29175,2.06,2.25
2014.09.12,00:39:27.517,1.29178,1.29175,1,1.87
2014.09.12,00:39:29.696,1.29179,1.29175,2.25,1.87
2014.09.12,00:39:30.210,1.29178,1.29174,1,2.25
2014.09.12,00:39:30.724,1.29179,1.29175,2.62,1.5
2014.09.12,00:39:45.092,1.29179,1.29176,1.5,1
2014.09.12,00:39:48.399,1.29179,1.29176,3.22,1.5
2014.09.12,00:39:48.906,1.29179,1.29175,1,3.75
2014.09.12,00:39:50.917,1.29179,1.29174,3,6
2014.09.12,00:39:51.482,1.29179,1.29174,2.25,3.37
2014.09.12,00:39:52.055,1.29179,1.29174,2.81,3.37
2014.09.12,00:39:52.676,1.29179,1.29174,2.81,3.37
2014.09.12,00:39:53.203,1.29179,1.29174,2.81,3.37
2014.09.12,00:39:53.705,1.29179,1.29174,3.56,4.87
2014.09.12,00:39:54.347,1.29178,1.29174,1,3.37
2014.09.12,00:39:54.942,1.29178,1.29174,1.5,3.37
2014.09.12,00:39:55.844,1.29178,1.29174,1.5,3.37
2014.09.12,00:39:56.149,1.29176,1.29173,1.5,1
2014.09.12,00:39:58.681,1.29177,1.29173,1.5,2.25
2014.09.12,00:39:59.525,1.29177,1.29174,1,1
2014.09.12,00:40:00.031,1.29177,1.29173,1.69,3
2014.09.12,00:40:00.550,1.29177,1.29173,1,3.75
2014.09.12,00:40:01.158,1.29177,1.29174,1,1
2014.09.12,00:40:01.666,1.29178,1.29174,1.69,1
2014.09.12,00:40:02.195,1.29177,1.29174,1.5,1
2014.09.12,00:40:02.560,1.29179,1.29175,5.25,1
2014.09.12,00:40:02.610,1.29179,1.29178,3.75,1
2014.09.12,00:40:02.813,1.29181,1.29178,3.94,4.12
2014.09.12,00:40:03.339,1.29181,1.29178,2.06,2.25
2014.09.12,00:40:03.854,1.2918,1.29178,1,3
2014.09.12,00:40:04.367,1.29181,1.29178,1.12,2.25
2014.09.12,00:40:04.874,1.29183,1.2918,1,1
2014.09.12,00:40:05.381,1.29184,1.2918,2.25,1
2014.09.12,00:40:07.634,1.29184,1.29181,1,1
2014.09.12,00:40:08.056,1.29184,1.29179,1,8.1
2014.09.12,00:40:09.171,1.29184,1.2918,1,1.16
2014.09.12,00:40:12.802,1.29184,1.29179,1,7.69
2014.09.12,00:40:12.906,1.29184,1.29181,1,1
2014.09.12,00:40:13.160,1.29188,1.29184,3,1
2014.09.12,00:40:13.362,1.29189,1.29186,2.25,1
2014.09.12,00:40:13.515,1.29191,1.29186,4.12,2.25
2014.09.12,00:40:13.566,1.29191,1.29188,2.62,1
2014.09.12,00:40:14.072,1.29192,1.29188,3,1.5
2014.09.12,00:40:15.492,1.29192,1.29189,1.5,1
2014.09.12,00:40:15.695,1.29194,1.2919,3.75,2.25
2014.09.12,00:40:15.847,1.29194,1.29192,1,1
2014.09.12,00:40:16.101,1.29196,1.29192,5.06,1
2014.09.12,00:40:16.697,1.29196,1.29192,5.44,1
2014.09.12,00:40:17.204,1.29196,1.29192,6.56,1
2014.09.12,00:40:17.711,1.29195,1.29192,1,1
2014.09.12,00:40:18.217,1.29196,1.29192,6.56,1
2014.09.12,00:40:18.960,1.29195,1.29192,1,1
2014.09.12,00:40:19.683,1.29195,1.29191,2.25,1.5
2014.09.12,00:40:20.394,1.29194,1.29191,1,1.5
2014.09.12,00:40:20.850,1.29192,1.2919,1,2.25
2014.09.12,00:40:21.305,1.29194,1.29191,1.5,1
2014.09.12,00:40:24.328,1.29194,1.2919,1,3
2014.09.12,00:40:25.328,1.29194,1.29192,1,1
2014.09.12,00:40:25.480,1.29196,1.29192,2.25,1.5
2014.09.12,00:40:25.936,1.29197,1.29194,1,1
2014.09.12,00:40:27.179,1.29197,1.29193,1,3.94
2014.09.12,00:40:30.175,1.29198,1.29193,1.25,3.75
2014.09.12,00:40:31.253,1.29198,1.29194,1,1
2014.09.12,00:40:31.724,1.29198,1.29196,1,1
2014.09.12,00:40:32.029,1.29201,1.29199,1,1.25
2014.09.12,00:40:32.535,1.29202,1.292,1,1
2014.09.12,00:40:33.042,1.29204,1.292,1,1.5
2014.09.12,00:40:33.194,1.29202,1.292,1,1.5
2014.09.12,00:40:33.890,1.29202,1.29199,1,5.44
2014.09.12,00:40:34.742,1.29202,1.292,1,1
2014.09.12,00:40:35.257,1.29202,1.29199,1,6.94
2014.09.12,00:40:35.918,1.29202,1.292,1,1
2014.09.12,00:40:36.426,1.29202,1.29199,1,5.06
2014.09.12,00:40:37.083,1.29202,1.292,1,1
2014.09.12,00:40:37.590,1.29202,1.29199,1,4.69
2014.09.12,00:40:38.095,1.29202,1.292,1,1
2014.09.12,00:40:38.651,1.29202,1.29199,1,6.94
2014.09.12,00:40:39.209,1.29202,1.292,1,1
2014.09.12,00:40:39.751,1.29202,1.29199,1,6.19
2014.09.12,00:40:40.664,1.29202,1.292,1,1
2014.09.12,00:40:41.190,1.29202,1.29199,1,4.69
2014.09.12,00:40:41.720,1.29202,1.292,1,1
2014.09.12,00:40:42.786,1.29202,1.29199,1,4.5
2014.09.12,00:40:44.520,1.29202,1.292,1,1
2014.09.12,00:40:45.038,1.29202,1.29199,1,5.25
2014.09.12,00:40:46.448,1.29202,1.292,1,1
2014.09.12,00:40:47.159,1.29202,1.29199,1,6.19
2014.09.12,00:40:47.514,1.292,1.29199,1,1
2014.09.12,00:40:48.556,1.29201,1.29199,3.75,1.5
2014.09.12,00:40:50.216,1.292,1.29197,1,1.5
2014.09.12,00:40:50.267,1.29199,1.29197,1,1
2014.09.12,00:40:50.771,1.29199,1.29196,1,2.25
2014.09.12,00:40:53.384,1.29198,1.29196,1,2.25
2014.09.12,00:40:53.890,1.29197,1.29194,2.5,7.12
2014.09.12,00:40:54.093,1.29194,1.29192,4.31,1.5
2014.09.12,00:40:54.195,1.29192,1.29189,3.62,6
2014.09.12,00:40:54.348,1.29191,1.29189,4.5,1.5
2014.09.12,00:40:54.715,1.2919,1.29188,1,1
2014.09.12,00:40:59.453,1.29191,1.29189,1.5,1
2014.09.12,00:41:00.455,1.2919,1.29189,1,1
2014.09.12,00:41:00.760,1.29189,1.29186,2.25,1
2014.09.12,00:41:01.286,1.29191,1.29187,4.31,1
2014.09.12,00:41:01.439,1.29189,1.29187,1.5,1
2014.09.12,00:41:01.959,1.29189,1.29186,1.5,1.5
2014.09.12,00:41:02.722,1.29189,1.29187,1,1
2014.09.12,00:41:03.229,1.2919,1.29186,5.81,1.5
2014.09.12,00:41:03.738,1.2919,1.29187,5.81,1
2014.09.12,00:41:04.246,1.2919,1.29186,5.44,1.5
2014.09.12,00:41:04.792,1.2919,1.29187,3.94,1
2014.09.12,00:41:04.994,1.29191,1.29189,3.75,1.87
2014.09.12,00:41:05.197,1.29192,1.2919,1,6.37
2014.09.12,00:41:05.501,1.29194,1.2919,2.25,8.25
2014.09.12,00:41:05.602,1.29194,1.29192,1,1
2014.09.12,00:41:05.945,1.29196,1.29194,1,1
2014.09.12,00:41:06.451,1.29197,1.29194,2.25,1
2014.09.12,00:41:07.009,1.29197,1.29193,1.5,1
2014.09.12,00:41:07.312,1.29196,1.29191,2.25,4.5
2014.09.12,00:41:07.515,1.29193,1.29191,1.12,1.5
2014.09.12,00:41:07.667,1.29192,1.29189,3.75,1.5
2014.09.12,00:41:08.173,1.29191,1.29188,2.25,1.5
2014.09.12,00:41:10.020,1.2919,1.29188,1,1.5
2014.09.12,00:41:14.334,1.29189,1.29188,1,1
2014.09.12,00:41:14.846,1.29189,1.29187,1,1
2014.09.12,00:41:15.337,1.2919,1.29188,1.5,1
2014.09.12,00:41:15.540,1.29192,1.29189,1,3.75
2014.09.12,00:41:16.531,1.29192,1.29191,1,1
2014.09.12,00:41:16.733,1.29195,1.29192,1.5,1
2014.09.12,00:41:16.784,1.29195,1.29194,1,1
2014.09.12,00:41:21.332,1.29196,1.29194,1,1
2014.09.12,00:41:23.977,1.29197,1.29194,3.19,1
2014.09.12,00:41:25.554,1.29196,1.29194,1,1
2014.09.12,00:41:26.980,1.29194,1.29193,1,1
2014.09.12,00:41:27.082,1.29193,1.29192,1,1.5
2014.09.12,00:41:27.386,1.29192,1.29189,1,8.25
2014.09.12,00:41:27.894,1.29192,1.29189,2.25,1
2014.09.12,00:41:29.060,1.29191,1.29189,1,1
2014.09.12,00:41:32.550,1.2919,1.29187,1,3
2014.09.12,00:41:33.212,1.29189,1.29186,1,2.25
2014.09.12,00:41:33.619,1.29187,1.29185,1,1
2014.09.12,00:41:34.127,1.29187,1.29185,2.44,1
2014.09.12,00:41:34.707,1.29187,1.29185,1.25,1
2014.09.12,00:41:35.930,1.29188,1.29185,6.19,1.12
2014.09.12,00:41:36.996,1.29188,1.29185,6.19,1
2014.09.12,00:41:38.213,1.29188,1.29185,4.69,1
2014.09.12,00:41:38.921,1.29187,1.29185,1,1
2014.09.12,00:41:39.915,1.29187,1.29184,1,1.87
2014.09.12,00:41:40.426,1.29187,1.29184,2.44,1.87
2014.09.12,00:41:40.988,1.29187,1.29184,2.44,1.87
2014.09.12,00:41:41.503,1.29187,1.29184,1.25,1.87
2014.09.12,00:41:42.016,1.29187,1.29184,1.25,1.87
2014.09.12,00:41:43.084,1.29187,1.29184,1.25,1.87
2014.09.12,00:41:43.594,1.29188,1.29184,5.44,1.87
2014.09.12,00:41:44.109,1.29188,1.29184,5.44,1.87
2014.09.12,00:41:44.913,1.29188,1.29184,5.44,1.87
2014.09.12,00:41:46.233,1.29188,1.29184,5.44,1.87
2014.09.12,00:41:46.825,1.29188,1.29184,5.44,1.87
2014.09.12,00:41:47.355,1.29187,1.29184,1.25,1.87
2014.09.12,00:41:47.876,1.29186,1.29184,1,1.5
2014.09.12,00:41:49.209,1.29188,1.29184,1.5,2.25
2014.09.12,00:41:49.722,1.29188,1.29185,1,1
2014.09.12,00:41:51.624,1.29187,1.29185,1,1.12
2014.09.12,00:41:55.742,1.29188,1.29185,1,1
2014.09.12,00:42:01.194,1.29188,1.29186,1.25,1
2014.09.12,00:42:01.701,1.29189,1.29185,1.19,3.75
2014.09.12,00:42:02.056,1.29189,1.29187,1.19,1
2014.09.12,00:42:02.614,1.29189,1.29186,1.19,1
2014.09.12,00:42:03.751,1.29189,1.29187,1.69,1
2014.09.12,00:42:04.260,1.29189,1.29186,1.69,1.5
2014.09.12,00:42:04.773,1.29189,1.29185,2.44,2.25
2014.09.12,00:42:05.287,1.29187,1.29185,1,1.12
2014.09.12,00:42:05.775,1.29189,1.29186,2.44,1
2014.09.12,00:42:06.282,1.29188,1.29186,1,1
2014.09.12,00:42:07.003,1.29188,1.29185,1,2.62
2014.09.12,00:42:07.680,1.29188,1.29186,1,1
2014.09.12,00:42:11.390,1.29188,1.29185,1.25,1.5
2014.09.12,00:42:11.947,1.29188,1.29186,1.25,1
2014.09.12,00:42:13.441,1.29188,1.29185,2.44,1.5
2014.09.12,00:42:14.835,1.29188,1.29186,1,1
2014.09.12,00:42:15.345,1.29188,1.29187,1,1
2014.09.12,00:42:15.863,1.29188,1.29186,1,1
2014.09.12,00:42:16.379,1.29188,1.29185,1,1.12
2014.09.12,00:42:17.044,1.29187,1.29185,1,1.12
2014.09.12,00:42:18.277,1.29186,1.29184,1,1.12
2014.09.12,00:42:18.805,1.29185,1.29183,1,1
2014.09.12,00:42:29.133,1.29186,1.29183,1,1
2014.09.12,00:42:32.517,1.29186,1.29184,1,1
2014.09.12,00:42:35.348,1.29186,1.29183,1,2.25
2014.09.12,00:42:38.856,1.29186,1.29184,1,1
2014.09.12,00:42:39.371,1.29187,1.29185,1,1
2014.09.12,00:42:39.885,1.29187,1.29184,1.5,1
2014.09.12,00:42:52.729,1.29187,1.29185,1.5,1
2014.09.12,00:42:53.263,1.29187,1.29184,1.5,2.25
2014.09.12,00:42:55.243,1.29185,1.29184,1,1
2014.09.12,00:42:55.749,1.29187,1.29185,1,1
2014.09.12,00:42:58.141,1.29185,1.29184,1,1
2014.09.12,00:43:04.793,1.29187,1.29184,1.5,1
2014.09.12,00:43:05.148,1.29189,1.29184,1.5,3.37
2014.09.12,00:43:05.668,1.29189,1.29185,1.5,1.12
2014.09.12,00:43:06.483,1.29189,1.29186,1,1
2014.09.12,00:43:07.856,1.29189,1.29184,1,3.37
2014.09.12,00:43:08.371,1.29189,1.29186,1,1
2014.09.12,00:43:09.788,1.29189,1.29185,2.25,1.5
2014.09.12,00:43:12.271,1.29188,1.29185,1,1.87
2014.09.12,00:43:13.310,1.29188,1.29184,1,2.81
2014.09.12,00:43:14.096,1.29188,1.29184,1,2.62
2014.09.12,00:43:15.006,1.29188,1.29186,1,1
2014.09.12,00:43:15.512,1.29188,1.29185,1,2.25
2014.09.12,00:43:16.017,1.29188,1.29186,1,1
2014.09.12,00:43:16.526,1.29188,1.29185,1,2.62
2014.09.12,00:43:25.599,1.29188,1.29184,1,1.87
2014.09.12,00:43:26.006,1.29186,1.29184,1,2.62
2014.09.12,00:43:26.508,1.29187,1.29184,1,2.62
2014.09.12,00:43:27.307,1.29187,1.29184,1,1.87
2014.09.12,00:43:27.914,1.29187,1.29184,1,1.5
2014.09.12,00:43:28.460,1.29187,1.29185,1,1
2014.09.12,00:43:28.989,1.29187,1.29184,1,1.5
2014.09.12,00:43:29.575,1.29187,1.29184,1,1.37
2014.09.12,00:43:30.081,1.29187,1.29184,1,2.25
2014.09.12,00:43:30.652,1.29187,1.29185,1,1
2014.09.12,00:43:31.285,1.29187,1.29184,1,2.25
2014.09.12,00:43:32.492,1.29187,1.29185,1,1
2014.09.12,00:43:33.022,1.29187,1.29184,1,2.25
2014.09.12,00:43:33.528,1.29187,1.29185,1,1
2014.09.12,00:43:34.034,1.29187,1.29184,1,2.62
2014.09.12,00:43:34.563,1.29186,1.29184,1,1.87
2014.09.12,00:43:35.102,1.29187,1.29184,1,1.87
2014.09.12,00:43:35.862,1.29187,1.29184,1,1.87
2014.09.12,00:43:36.601,1.29187,1.29184,1,1.87
2014.09.12,00:43:37.315,1.29187,1.29184,1,1.87
2014.09.12,00:43:37.853,1.29187,1.29184,1,2.25
2014.09.12,00:43:38.607,1.29187,1.29185,1,1
2014.09.12,00:43:39.196,1.29188,1.29184,1,2.25
2014.09.12,00:43:39.730,1.29189,1.29185,2.25,1
2014.09.12,00:43:40.239,1.29188,1.29184,1,3
2014.09.12,00:43:41.182,1.29188,1.29184,1.5,2.62
2014.09.12,00:43:41.688,1.29189,1.29184,2.25,2.25
2014.09.12,00:43:42.194,1.29188,1.29185,1,1
2014.09.12,00:43:42.722,1.29188,1.29184,1,3
2014.09.12,00:43:43.249,1.29188,1.29185,1.5,1
2014.09.12,00:43:43.755,1.29188,1.29184,1.5,3
2014.09.12,00:43:44.270,1.29189,1.29185,1,1.5
2014.09.12,00:43:44.777,1.29188,1.29185,1,1
2014.09.12,00:43:45.489,1.29188,1.29184,1,2.25
2014.09.12,00:43:45.996,1.29188,1.29185,1,2.25
2014.09.12,00:43:46.633,1.29188,1.29184,1.5,2.25
2014.09.12,00:43:47.698,1.29188,1.29185,1.5,1
2014.09.12,00:43:48.307,1.29188,1.29184,1.5,2.25
2014.09.12,00:43:48.932,1.29188,1.29185,1.5,1
2014.09.12,00:43:49.551,1.29188,1.29184,1.5,2.25
2014.09.12,00:43:50.134,1.29188,1.29185,1.5,1
2014.09.12,00:43:50.699,1.29188,1.29184,1.5,2.25
2014.09.12,00:43:51.254,1.29188,1.29185,1.5,1
2014.09.12,00:43:52.145,1.29188,1.29184,1.5,2.25
2014.09.12,00:43:52.653,1.29188,1.29185,1.5,1
2014.09.12,00:43:53.160,1.29188,1.29184,1.5,2.25
2014.09.12,00:43:53.811,1.29188,1.29184,1.5,3.37
2014.09.12,00:44:01.215,1.29186,1.29185,1,1
2014.09.12,00:44:01.720,1.29187,1.29185,1,1
2014.09.12,00:44:02.226,1.29187,1.29185,1,1
2014.09.12,00:44:02.732,1.29187,1.29185,1,1.87
2014.09.12,00:44:02.784,1.29189,1.29186,1,1
2014.09.12,00:44:02.885,1.29189,1.29184,1,2.62
2014.09.12,00:44:03.453,1.29189,1.29185,1.5,1
2014.09.12,00:44:05.438,1.2919,1.29185,3.19,1
2014.09.12,00:44:05.944,1.29189,1.29185,1,3.75
2014.09.12,00:44:06.450,1.2919,1.29185,3.94,1.5
2014.09.12,00:44:08.644,1.29189,1.29185,1,3.75
2014.09.12,00:44:14.045,1.2919,1.29185,2.06,2.25
2014.09.12,00:44:17.446,1.2919,1.29186,2.25,1
2014.09.12,00:44:17.906,1.29188,1.29185,1.5,2.62
2014.09.12,00:44:18.414,1.29188,1.29184,1,1.87
2014.09.12,00:44:19.440,1.29188,1.29184,1,1.87
2014.09.12,00:44:20.050,1.29188,1.29184,1,1.87
2014.09.12,00:44:20.562,1.29188,1.29184,1,1.87
2014.09.12,00:44:21.073,1.29188,1.29184,1,2.62
2014.09.12,00:44:22.806,1.29188,1.29184,1,2.62
2014.09.12,00:44:23.322,1.29189,1.29186,1,1
2014.09.12,00:44:23.828,1.29189,1.29185,1,1
2014.09.12,00:44:24.485,1.29188,1.29185,1,1
2014.09.12,00:44:36.666,1.2919,1.29185,2.25,5.44
2014.09.12,00:44:38.541,1.29188,1.29185,1,3.37
2014.09.12,00:44:41.910,1.29187,1.29185,1,1
2014.09.12,00:44:42.417,1.29187,1.29184,1,2.62
2014.09.12,00:44:43.291,1.29187,1.29184,1,2.62
2014.09.12,00:44:43.806,1.29187,1.29184,1,2.62
2014.09.12,00:44:44.424,1.29187,1.29184,1,2.62
2014.09.12,00:44:44.936,1.29187,1.29184,1,2.62
2014.09.12,00:44:45.242,1.29185,1.29182,1,3.94
2014.09.12,00:44:45.647,1.29184,1.29182,1,3.94
2014.09.12,00:44:45.900,1.29183,1.29181,3.75,1
2014.09.12,00:44:46.103,1.29181,1.2918,1,1
2014.09.12,00:44:46.357,1.29181,1.29178,1,3
2014.09.12,00:44:46.863,1.29182,1.29178,3,3
2014.09.12,00:44:48.127,1.29182,1.29179,3,1
2014.09.12,00:44:48.688,1.29182,1.29178,3,3
2014.09.12,00:44:49.630,1.2918,1.29178,1,1.5
2014.09.12,00:44:49.883,1.29177,1.29175,1,1.87
2014.09.12,00:44:51.610,1.29178,1.29176,1,1
2014.09.12,00:44:52.268,1.29179,1.29176,3,1
2014.09.12,00:45:05.139,1.29179,1.29175,1.5,1.69
2014.09.12,00:45:10.100,1.29178,1.29175,1,1.5
2014.09.12,00:45:26.919,1.29178,1.29174,1,3.56
2014.09.12,00:45:27.435,1.29178,1.29175,1,2.62
2014.09.12,00:45:28.199,1.29178,1.29174,1,3.19
2014.09.12,00:45:28.911,1.29178,1.29175,1,1.5
2014.09.12,00:45:29.422,1.29178,1.29174,1,3
2014.09.12,00:45:29.996,1.29178,1.29175,1,1
2014.09.12,00:45:30.655,1.29178,1.29174,1,3
2014.09.12,00:45:31.201,1.29178,1.29175,1,1
2014.09.12,00:45:31.706,1.29178,1.29174,1,3
2014.09.12,00:45:34.335,1.29178,1.29175,1,1
2014.09.12,00:45:35.004,1.29178,1.29174,1,3.19
2014.09.12,00:45:37.462,1.29178,1.29175,1,1
2014.09.12,00:45:38.038,1.29178,1.29174,1.5,3.94
2014.09.12,00:45:38.647,1.29178,1.29175,1.5,1
2014.09.12,00:45:39.153,1.29178,1.29174,1.5,3.94
2014.09.12,00:45:39.900,1.29178,1.29175,1.5,1
2014.09.12,00:45:40.525,1.29178,1.29174,1.5,3.94
2014.09.12,00:45:42.332,1.29178,1.29175,1.5,1
2014.09.12,00:45:43.251,1.29178,1.29174,1,3.94
2014.09.12,00:45:44.930,1.29179,1.29174,1,5.44
2014.09.12,00:45:45.338,1.29177,1.29174,1,3.19
2014.09.12,00:45:45.845,1.29176,1.29174,1,1.69
