Time,Ask,Bid,AskVolume,BidVolume,
2014.09.12,00:00:01.361,1.62494,1.62477,2.81,2.14
2014.09.12,00:00:01.899,1.62493,1.62478,1.19,1.39
2014.09.12,00:00:02.355,1.62492,1.62478,1.19,1.01
2014.09.12,00:00:03.469,1.62492,1.62476,1.19,1.46
2014.09.12,00:00:04.330,1.62491,1.62477,1.25,1.39
2014.09.12,00:00:04.786,1.62492,1.6248,1.5,1
2014.09.12,00:00:04.888,1.62493,1.6248,2.06,1
2014.09.12,00:00:05.425,1.62492,1.62477,1.5,1.31
2014.09.12,00:00:06.835,1.62491,1.62477,1.76,1.69
2014.09.12,00:00:07.368,1.62491,1.62478,1.57,1.25
2014.09.12,00:00:07.870,1.62491,1.62478,2.62,1.25
2014.09.12,00:00:08.389,1.62491,1.62478,1.95,1.25
2014.09.12,00:00:09.339,1.62491,1.62478,1.46,1
2014.09.12,00:00:09.846,1.62489,1.62478,1,1
2014.09.12,00:00:10.352,1.62489,1.62475,1.25,2.96
2014.09.12,00:00:11.012,1.6249,1.62476,1.09,2.44
2014.09.12,00:00:11.628,1.6249,1.62476,1.76,1.69
2014.09.12,00:00:11.882,1.62489,1.62476,1.32,1
2014.09.12,00:00:12.398,1.62489,1.62474,1.76,1.31
2014.09.12,00:00:12.645,1.62489,1.62474,1.09,1.31
2014.09.12,00:00:13.046,1.62489,1.62474,1.76,1.69
2014.09.12,00:00:14.189,1.62489,1.62473,1.76,2.14
2014.09.12,00:00:14.493,1.62489,1.62476,1.76,1
2014.09.12,00:00:15.129,1.62489,1.62474,1.76,1.31
2014.09.12,00:00:16.253,1.62488,1.62474,1.32,1.31
2014.09.12,00:00:17.222,1.62489,1.62474,1.76,1.31
2014.09.12,00:00:17.898,1.62489,1.62474,1.76,1.69
2014.09.12,00:00:19.218,1.62489,1.62473,1.76,2.51
2014.09.12,00:00:20.053,1.62488,1.62473,1.3,1.19
2014.09.12,00:00:20.560,1.62488,1.62473,1.01,1.19
2014.09.12,00:00:20.663,1.62486,1.62473,1.07,1.19
2014.09.12,00:00:20.815,1.62485,1.62471,1.32,1.69
2014.09.12,00:00:20.917,1.62484,1.6247,1.26,1.69
2014.09.12,00:00:21.069,1.62479,1.62471,2.25,1
2014.09.12,00:00:21.171,1.62473,1.62464,1.5,1
2014.09.12,00:00:21.222,1.62473,1.62462,1.97,1
2014.09.12,00:00:21.374,1.62469,1.6246,2.25,1.12
2014.09.12,00:00:21.631,1.62464,1.62449,2.25,2.44
2014.09.12,00:00:21.733,1.62457,1.62448,1.5,1.25
2014.09.12,00:00:21.989,1.62454,1.6244,1.5,1.25
2014.09.12,00:00:22.040,1.6245,1.6244,1.82,1
2014.09.12,00:00:22.175,1.62449,1.62434,1.57,1.25
2014.09.12,00:00:22.227,1.62449,1.62438,1.57,1.25
2014.09.12,00:00:22.328,1.62449,1.62434,1.57,1.29
2014.09.12,00:00:22.583,1.62443,1.62433,3,1.29
2014.09.12,00:00:22.634,1.62443,1.62428,3,4.01
2014.09.12,00:00:22.736,1.62441,1.62427,1.12,1.39
2014.09.12,00:00:23.040,1.6244,1.62431,1,1.25
2014.09.12,00:00:23.192,1.62443,1.62431,4.01,1.25
2014.09.12,00:00:23.243,1.62443,1.62432,3.75,1.19
2014.09.12,00:00:23.759,1.62444,1.62432,3.82,1.19
2014.09.12,00:00:23.975,1.62446,1.62433,1.1,1.69
2014.09.12,00:00:24.026,1.62443,1.62433,1,1.76
2014.09.12,00:00:24.179,1.62445,1.62433,1,1.84
2014.09.12,00:00:24.229,1.62445,1.62436,1,1.25
2014.09.12,00:00:24.280,1.62447,1.62436,1.5,1.25
2014.09.12,00:00:24.382,1.62449,1.62436,1.2,1.25
2014.09.12,00:00:24.919,1.62448,1.62436,1,1.25
2014.09.12,00:00:25.231,1.62448,1.62437,1,1.19
2014.09.12,00:00:25.586,1.62444,1.62437,1,1.19
2014.09.12,00:00:25.637,1.62444,1.62435,1,1.19
2014.09.12,00:00:25.799,1.62449,1.62435,1.39,1.19
2014.09.12,00:00:26.574,1.62447,1.62435,1.1,1.19
2014.09.12,00:00:27.240,1.62448,1.62436,1.01,1.25
2014.09.12,00:00:27.851,1.62448,1.62437,1.1,1.25
2014.09.12,00:00:28.464,1.62448,1.62437,1.17,1.25
2014.09.12,00:00:28.971,1.62449,1.62437,1.57,1.19
2014.09.12,00:00:30.253,1.62449,1.62437,1.15,1.19
2014.09.12,00:00:30.760,1.62449,1.62437,2.25,1.19
2014.09.12,00:00:31.065,1.62449,1.62439,1.07,1.19
2014.09.12,00:00:31.649,1.62451,1.62439,1.15,1.19
2014.09.12,00:00:32.359,1.62451,1.62437,1.15,1.19
2014.09.12,00:00:32.865,1.62449,1.62437,1,1.19
2014.09.12,00:00:33.376,1.62449,1.62439,1.5,1.25
2014.09.12,00:00:33.943,1.6245,1.62439,1.5,1.19
2014.09.12,00:00:34.253,1.62451,1.62443,1,1.25
2014.09.12,00:00:34.456,1.62456,1.62443,2.25,1.19
2014.09.12,00:00:34.658,1.62457,1.62446,1.5,1.25
2014.09.12,00:00:35.295,1.62458,1.62446,3.19,1.25
2014.09.12,00:00:36.071,1.62455,1.62445,1,1.25
2014.09.12,00:00:37.369,1.62455,1.62444,1.07,1.19
2014.09.12,00:00:37.572,1.62458,1.62446,1.65,1.25
2014.09.12,00:00:38.556,1.62459,1.62448,1.57,1.25
2014.09.12,00:00:39.594,1.62458,1.62446,1.17,1.25
2014.09.12,00:00:39.696,1.62455,1.62445,1,1.69
2014.09.12,00:00:39.898,1.62459,1.62445,1.57,2.44
2014.09.12,00:00:40.893,1.62454,1.62445,1,1.69
2014.09.12,00:00:41.350,1.62459,1.62446,1.57,1.25
2014.09.12,00:00:42.188,1.62459,1.62445,2.25,1.69
2014.09.12,00:00:42.391,1.62459,1.62447,2.25,1.19
2014.09.12,00:00:43.711,1.62459,1.62447,1.15,1.19
2014.09.12,00:00:44.275,1.62459,1.62447,1.15,1.69
2014.09.12,00:00:44.444,1.62459,1.62449,1.15,1
2014.09.12,00:00:46.362,1.62455,1.62449,1,1
2014.09.12,00:00:47.516,1.62455,1.62448,1,1
2014.09.12,00:00:47.618,1.62458,1.62446,1.19,2.32
2014.09.12,00:00:48.129,1.62458,1.62449,1.19,1
2014.09.12,00:00:48.382,1.62458,1.62446,1.19,1.5
2014.09.12,00:00:48.892,1.62458,1.62446,1.25,1.69
2014.09.12,00:00:48.943,1.62458,1.62448,1.25,1
2014.09.12,00:00:49.348,1.62459,1.62446,1.19,1.69
2014.09.12,00:00:50.767,1.62459,1.62455,1.29,1
2014.09.12,00:00:50.920,1.62465,1.62455,1,1.5
2014.09.12,00:00:50.971,1.62465,1.62458,1,1
2014.09.12,00:00:51.022,1.62469,1.62458,2.59,1
2014.09.12,00:00:51.225,1.62469,1.62458,1.25,1
2014.09.12,00:00:51.732,1.62472,1.62458,1.76,1.25
2014.09.12,00:00:54.632,1.62469,1.62456,1.19,1.01
2014.09.12,00:00:54.936,1.62472,1.62456,2.44,1.69
2014.09.12,00:00:55.706,1.62471,1.62458,1.01,1.25
2014.09.12,00:00:56.226,1.62472,1.62458,1.76,1.25
2014.09.12,00:01:01.563,1.62474,1.62458,3.56,1.69
2014.09.12,00:01:01.980,1.62475,1.62461,1.76,1
2014.09.12,00:01:02.284,1.62476,1.62462,1.01,1.76
2014.09.12,00:01:02.588,1.62478,1.62467,1,1.76
2014.09.12,00:01:02.691,1.62482,1.62468,1.76,1.19
2014.09.12,00:01:03.096,1.62482,1.62471,1.1,1
2014.09.12,00:01:03.603,1.62485,1.62471,2.51,1
2014.09.12,00:01:04.168,1.62485,1.62471,2.51,1.69
2014.09.12,00:01:06.705,1.62485,1.62475,1.57,1
2014.09.12,00:01:06.857,1.62489,1.62478,1.5,1.69
2014.09.12,00:01:07.414,1.62494,1.62478,1.84,1.69
2014.09.12,00:01:07.820,1.62494,1.62481,3.19,1
2014.09.12,00:01:08.649,1.62494,1.62481,3.19,1.69
2014.09.12,00:01:09.783,1.62494,1.62481,3,1.25
2014.09.12,00:01:12.274,1.62494,1.62481,3,1.25
2014.09.12,00:01:12.782,1.62494,1.62481,2.32,1.25
2014.09.12,00:01:13.315,1.62494,1.62482,2.51,1.25
2014.09.12,00:01:13.826,1.62494,1.62482,1.84,1.25
2014.09.12,00:01:14.557,1.62493,1.62481,1.17,1.19
2014.09.12,00:01:15.064,1.62493,1.62481,1.57,1.19
2014.09.12,00:01:15.367,1.62493,1.62481,1.1,1.19
2014.09.12,00:01:15.572,1.62494,1.62481,3.19,1.19
2014.09.12,00:01:16.083,1.62493,1.62481,1.5,1.19
2014.09.12,00:01:16.584,1.62494,1.62481,2.51,1.19
2014.09.12,00:01:17.133,1.62494,1.62482,1.84,1.25
2014.09.12,00:01:18.168,1.62494,1.62482,1.65,1.19
2014.09.12,00:01:19.187,1.62495,1.62481,2.89,1.19
2014.09.12,00:01:19.693,1.62494,1.62481,2.51,1.19
2014.09.12,00:01:20.194,1.62494,1.62481,2.51,1.25
2014.09.12,00:01:21.374,1.62494,1.62481,2.21,1.25
2014.09.12,00:01:21.989,1.62494,1.62481,2.89,1.25
2014.09.12,00:01:22.398,1.62494,1.6248,1.95,1.69
2014.09.12,00:01:22.962,1.62494,1.6248,2.02,1.69
2014.09.12,00:01:24.488,1.62494,1.62482,1.46,1.25
2014.09.12,00:01:26.296,1.62494,1.62481,1.27,1.25
2014.09.12,00:01:26.797,1.62494,1.62481,1.95,1.25
2014.09.12,00:01:28.801,1.62493,1.62481,1.26,1
2014.09.12,00:01:28.852,1.62493,1.62479,1.26,1
2014.09.12,00:01:29.390,1.62492,1.62478,1.32,1.69
2014.09.12,00:01:30.595,1.62492,1.62478,1.01,1.69
2014.09.12,00:01:31.203,1.62493,1.62478,2.44,1.69
2014.09.12,00:01:33.148,1.62493,1.6248,1.76,1
2014.09.12,00:01:33.250,1.62494,1.6248,1.36,1
2014.09.12,00:01:33.353,1.6249,1.62481,1,1
2014.09.12,00:01:33.895,1.62495,1.62482,1.26,1.5
2014.09.12,00:01:34.049,1.62498,1.62482,2.51,3.26
2014.09.12,00:01:34.860,1.62498,1.62485,1.09,1.19
2014.09.12,00:01:35.678,1.625,1.62487,3.19,1.5
2014.09.12,00:01:37.763,1.625,1.62487,1.26,1.25
2014.09.12,00:01:40.027,1.62499,1.62487,1.29,1
2014.09.12,00:01:42.951,1.625,1.62487,1.26,1.69
2014.09.12,00:01:43.255,1.62499,1.62487,1.84,1
2014.09.12,00:01:43.306,1.62499,1.62485,1.84,1.25
2014.09.12,00:01:44.459,1.62499,1.62486,1.84,1
2014.09.12,00:01:46.709,1.62499,1.62484,2.51,1
2014.09.12,00:01:46.862,1.625,1.62486,2.51,1.25
2014.09.12,00:01:47.369,1.62499,1.62487,1.19,1
2014.09.12,00:01:48.056,1.62499,1.62487,1.69,1
2014.09.12,00:01:55.006,1.62499,1.62486,1.76,1
2014.09.12,00:02:00.595,1.62499,1.62486,1.29,1.5
2014.09.12,00:02:01.685,1.62499,1.62486,1.01,1.5
2014.09.12,00:02:03.177,1.62499,1.62486,1.29,1.5
2014.09.12,00:02:04.409,1.62499,1.62486,1.76,1.5
2014.09.12,00:02:15.423,1.62497,1.62485,1.25,1.25
2014.09.12,00:02:20.139,1.62497,1.62485,1.19,1
2014.09.12,00:02:21.126,1.62497,1.62485,1.01,1.25
2014.09.12,00:02:21.535,1.62495,1.62485,1.19,1
2014.09.12,00:02:21.586,1.62495,1.62483,1.19,1.5
2014.09.12,00:02:21.688,1.62495,1.62481,1.29,1
2014.09.12,00:02:21.790,1.62495,1.62483,1.76,1
2014.09.12,00:02:21.892,1.62491,1.6248,1.25,3
2014.09.12,00:02:21.944,1.6249,1.6248,1.29,2.25
2014.09.12,00:02:22.097,1.62487,1.62476,1.25,1.87
2014.09.12,00:02:22.250,1.62486,1.62476,1.22,1
2014.09.12,00:02:22.301,1.62486,1.62472,1.3,4.69
2014.09.12,00:02:22.352,1.62483,1.62472,1.19,4.5
2014.09.12,00:02:22.403,1.62483,1.62472,1.19,1.5
2014.09.12,00:02:22.504,1.62483,1.6247,1.25,1.57
2014.09.12,00:02:22.555,1.62481,1.6247,1.19,1.5
2014.09.12,00:02:22.707,1.62481,1.62468,1.56,2.51
2014.09.12,00:02:22.860,1.62478,1.62468,1.19,1
2014.09.12,00:02:22.961,1.62476,1.62466,1.25,1
2014.09.12,00:02:23.064,1.62474,1.62462,1.01,2.81
2014.09.12,00:02:23.267,1.62473,1.62462,1.29,1
2014.09.12,00:02:23.573,1.6247,1.62461,1.25,1
2014.09.12,00:02:23.675,1.62472,1.62458,1.29,1.1
2014.09.12,00:02:23.726,1.62469,1.62458,1.5,1
2014.09.12,00:02:23.827,1.62466,1.62456,1.25,1
2014.09.12,00:02:23.980,1.62465,1.62452,1.19,2.51
2014.09.12,00:02:25.044,1.62463,1.62451,1.19,1
2014.09.12,00:02:25.571,1.62462,1.62451,1.19,1
2014.09.12,00:02:25.825,1.62458,1.62447,1.25,1.65
2014.09.12,00:02:25.876,1.62458,1.62449,1.25,1
2014.09.12,00:02:26.796,1.62458,1.62447,1.25,1.57
2014.09.12,00:02:30.458,1.62459,1.62447,1.19,1.07
2014.09.12,00:02:30.991,1.62459,1.62447,1.19,1
2014.09.12,00:02:32.927,1.62458,1.62447,1.19,1.1
2014.09.12,00:02:33.985,1.62458,1.62448,1.19,1
2014.09.12,00:02:34.519,1.62457,1.62447,1.25,1.1
2014.09.12,00:02:38.622,1.62457,1.62446,1.25,1.57
2014.09.12,00:02:39.128,1.62459,1.62446,1.25,1.1
2014.09.12,00:02:39.646,1.62459,1.62446,1.25,2.32
2014.09.12,00:02:47.759,1.62459,1.62446,1.25,3
2014.09.12,00:02:48.720,1.62459,1.62447,1.25,1
2014.09.12,00:02:48.771,1.62459,1.62449,1.25,1
2014.09.12,00:02:51.365,1.62457,1.62447,1.19,1.1
2014.09.12,00:02:52.938,1.62459,1.62447,1.25,1.57
2014.09.12,00:02:55.556,1.62462,1.62447,1.36,1.76
2014.09.12,00:02:56.984,1.62462,1.62449,1.36,1
2014.09.12,00:02:57.693,1.62463,1.62449,1.76,1.25
2014.09.12,00:02:59.054,1.62462,1.62449,1.39,1.25
2014.09.12,00:03:01.353,1.62463,1.62449,1.46,1.25
2014.09.12,00:03:02.629,1.62463,1.62452,1.34,1
2014.09.12,00:03:02.883,1.6247,1.62456,3.71,1.5
2014.09.12,00:03:02.985,1.62471,1.62457,1.46,1
2014.09.12,00:03:03.499,1.62472,1.62457,2.14,1.69
2014.09.12,00:03:04.893,1.62471,1.62457,1.39,1.69
2014.09.12,00:03:05.394,1.62472,1.62457,1.64,2.44
2014.09.12,00:03:06.075,1.62472,1.62457,2.14,1.69
2014.09.12,00:03:11.076,1.6247,1.62458,1.32,1.25
2014.09.12,00:03:12.413,1.62469,1.62456,1.36,1.25
2014.09.12,00:03:12.515,1.62469,1.62458,1.36,1
2014.09.12,00:03:15.602,1.62469,1.62458,1.01,1
2014.09.12,00:03:18.683,1.62469,1.62456,1.01,1.5
2014.09.12,00:03:18.734,1.62471,1.62456,1.39,2.44
2014.09.12,00:03:19.241,1.62472,1.62457,2.51,1.69
2014.09.12,00:03:19.546,1.6247,1.62456,1.3,2.44
2014.09.12,00:03:19.951,1.6247,1.62456,1.3,1.69
2014.09.12,00:03:20.918,1.6247,1.62456,1.01,1.69
2014.09.12,00:03:22.145,1.62469,1.62456,1.32,1.69
2014.09.12,00:03:22.652,1.62469,1.62456,1.32,1.19
2014.09.12,00:03:23.184,1.62469,1.62456,1.32,1
2014.09.12,00:03:24.549,1.62469,1.62456,1.76,1
2014.09.12,00:03:26.765,1.62469,1.62456,1.32,1
2014.09.12,00:03:27.345,1.62469,1.62456,1.76,1.12
2014.09.12,00:03:27.447,1.62469,1.62456,1.01,1.87
2014.09.12,00:03:28.412,1.62472,1.62458,1.84,1
2014.09.12,00:03:28.920,1.62472,1.62458,1.01,1.69
2014.09.12,00:03:29.494,1.62473,1.62458,1.19,3.26
2014.09.12,00:03:29.545,1.62474,1.62458,1.29,3.26
2014.09.12,00:03:31.855,1.62474,1.6246,1.01,1.01
2014.09.12,00:03:32.490,1.62474,1.6246,1.09,1.25
2014.09.12,00:03:33.021,1.62474,1.6246,1.76,1.25
2014.09.12,00:03:34.676,1.62474,1.62458,2.32,1.57
2014.09.12,00:03:34.778,1.62473,1.62458,1.39,1.19
2014.09.12,00:03:35.285,1.62474,1.62459,3.26,1.69
2014.09.12,00:03:35.848,1.62474,1.62459,1.76,1.69
2014.09.12,00:03:36.356,1.62474,1.62459,1.34,1.69
2014.09.12,00:03:40.080,1.62474,1.62459,1.4,1.69
2014.09.12,00:03:41.954,1.62474,1.62459,1.01,1.76
2014.09.12,00:03:42.884,1.62474,1.62458,1.46,1.1
2014.09.12,00:03:42.986,1.62472,1.62456,1.29,3.15
2014.09.12,00:03:43.290,1.62468,1.62456,2.44,1
2014.09.12,00:03:46.389,1.62467,1.62456,1.19,1
2014.09.12,00:03:48.573,1.62466,1.62456,1.19,1
2014.09.12,00:03:53.409,1.62467,1.62456,2.59,1
2014.09.12,00:03:53.916,1.62467,1.62456,2.44,1
2014.09.12,00:03:54.790,1.62466,1.62456,1.19,1
2014.09.12,00:03:54.943,1.62466,1.62452,1.19,1.1
2014.09.12,00:03:55.619,1.62465,1.62452,2.51,1.5
2014.09.12,00:03:55.721,1.62462,1.62452,1.19,1.5
2014.09.12,00:03:55.925,1.62461,1.62449,2.51,1.87
2014.09.12,00:03:56.432,1.62461,1.62449,2.44,1
2014.09.12,00:03:57.819,1.6246,1.62449,1.25,1.1
2014.09.12,00:03:58.022,1.6246,1.62447,1.25,2.7
2014.09.12,00:03:58.225,1.62458,1.62447,1.25,1.57
2014.09.12,00:03:59.301,1.62459,1.62446,2.44,2.7
2014.09.12,00:04:00.331,1.62458,1.62446,2.44,2.7
2014.09.12,00:04:00.999,1.62458,1.62446,2.44,1.65
2014.09.12,00:04:01.611,1.62458,1.62446,2.44,1.1
2014.09.12,00:04:16.742,1.62456,1.62446,1.19,1
2014.09.12,00:04:16.957,1.62457,1.62446,1.25,1
2014.09.12,00:04:19.772,1.62457,1.62446,1.19,1
2014.09.12,00:04:22.752,1.62458,1.62446,2.59,1
2014.09.12,00:04:23.266,1.62457,1.62446,1.29,1
2014.09.12,00:04:24.991,1.62458,1.62446,1.36,1
2014.09.12,00:04:37.279,1.62456,1.62446,1.19,1
2014.09.12,00:04:39.306,1.62456,1.62446,1.25,1
2014.09.12,00:04:43.692,1.62458,1.62446,1.19,1
2014.09.12,00:04:44.817,1.62458,1.62446,1.25,1
2014.09.12,00:04:45.126,1.62457,1.62446,1.19,1
2014.09.12,00:04:45.939,1.62456,1.62446,1.19,1
2014.09.12,00:04:48.346,1.62456,1.62446,1.25,1
2014.09.12,00:04:52.463,1.62458,1.62446,1.25,1
2014.09.12,00:04:55.711,1.62458,1.62446,1.25,1.07
2014.09.12,00:04:57.390,1.62458,1.62445,1.19,1.07
2014.09.12,00:05:00.133,1.62458,1.62444,1.19,1.17
2014.09.12,00:05:01.391,1.62457,1.62444,1.19,1.09
2014.09.12,00:05:01.620,1.62459,1.62444,1.19,1.76
2014.09.12,00:05:02.636,1.62459,1.62444,1.19,2.44
2014.09.12,00:05:03.151,1.62459,1.62444,1.19,1.34
2014.09.12,00:05:04.088,1.6246,1.62444,1.29,2.51
2014.09.12,00:05:04.750,1.6246,1.62451,1.39,2.62
2014.09.12,00:05:04.903,1.62468,1.62454,1.36,1
2014.09.12,00:05:06.594,1.62469,1.62454,2.44,1.19
2014.09.12,00:05:06.798,1.6247,1.62454,1.25,1.84
2014.09.12,00:05:07.306,1.62472,1.62455,1.36,4.39
2014.09.12,00:05:07.905,1.62473,1.62457,1.76,1.76
2014.09.12,00:05:08.839,1.62474,1.62457,1.84,1.39
2014.09.12,00:05:09.882,1.62474,1.62457,1.84,1.2
2014.09.12,00:05:09.933,1.6247,1.62457,1.19,1.09
2014.09.12,00:05:12.705,1.62468,1.62456,1.19,2.4
2014.09.12,00:05:13.212,1.62468,1.62456,1.19,1
2014.09.12,00:05:13.732,1.62469,1.62456,1.29,1
2014.09.12,00:05:14.240,1.62469,1.62455,1.19,1.5
2014.09.12,00:05:14.746,1.62468,1.62456,1.19,1
2014.09.12,00:05:15.050,1.62471,1.62456,1.46,1.25
2014.09.12,00:05:15.152,1.62474,1.62459,2.32,1
2014.09.12,00:05:15.456,1.62476,1.62461,1.26,2.51
2014.09.12,00:05:16.369,1.62478,1.62462,1.34,1.56
2014.09.12,00:05:17.038,1.62479,1.62465,2.51,1
2014.09.12,00:05:17.344,1.62479,1.62462,2.51,1.84
2014.09.12,00:05:17.461,1.62479,1.62463,2.51,1.29
2014.09.12,00:05:18.440,1.62479,1.62462,1.76,1.36
2014.09.12,00:05:21.556,1.62479,1.62462,1.76,1.84
2014.09.12,00:05:27.288,1.62479,1.62463,2.51,1.29
2014.09.12,00:05:28.878,1.62478,1.62463,1.26,1.19
2014.09.12,00:05:29.453,1.62478,1.62462,1.76,1.76
2014.09.12,00:05:39.313,1.62477,1.62461,1.29,1.76
2014.09.12,00:05:39.418,1.62473,1.62461,1,2.51
2014.09.12,00:05:39.520,1.62473,1.62461,1,1.76
2014.09.12,00:05:40.292,1.62473,1.62461,1,1.76
2014.09.12,00:05:46.336,1.62473,1.62461,1,1.26
2014.09.12,00:05:47.312,1.62473,1.62459,1,3.64
2014.09.12,00:05:51.237,1.62472,1.62459,1.25,1.19
2014.09.12,00:05:51.339,1.62472,1.62458,1.19,1.27
2014.09.12,00:05:52.209,1.62472,1.62458,1.19,1.17
2014.09.12,00:05:52.796,1.62471,1.62458,1.19,1.09
2014.09.12,00:05:53.331,1.62471,1.62458,1.25,1.65
2014.09.12,00:05:54.703,1.6247,1.62458,1.19,1.17
2014.09.12,00:05:54.857,1.62469,1.62456,1.19,2.25
2014.09.12,00:05:55.389,1.62469,1.62455,1.39,1.12
2014.09.12,00:05:55.909,1.62468,1.62455,1.19,1.25
2014.09.12,00:05:56.934,1.62467,1.62455,1.19,1
2014.09.12,00:05:57.860,1.62467,1.62455,1.19,1.15
2014.09.12,00:05:58.884,1.62466,1.62455,1.25,1.1
2014.09.12,00:05:59.390,1.62468,1.62455,1.19,1.1
2014.09.12,00:06:01.250,1.62467,1.62455,1.19,1.57
2014.09.12,00:06:01.541,1.62471,1.62455,2.21,3.26
2014.09.12,00:06:03.267,1.62468,1.62455,1,2.51
2014.09.12,00:06:04.150,1.62471,1.62455,1.69,3.34
2014.09.12,00:06:04.689,1.62471,1.62455,1.39,2.59
2014.09.12,00:06:05.554,1.62471,1.62455,1.09,3.34
2014.09.12,00:06:06.729,1.62471,1.62456,1.39,1.19
2014.09.12,00:06:08.131,1.62471,1.62456,1.2,1.19
2014.09.12,00:06:09.534,1.62471,1.62456,1.39,1.19
2014.09.12,00:06:10.495,1.62471,1.62456,2.14,1.19
2014.09.12,00:06:10.546,1.6247,1.62455,2.21,1.5
2014.09.12,00:06:11.053,1.62467,1.62452,1.57,3.26
2014.09.12,00:06:11.560,1.62465,1.62452,1,1.29
2014.09.12,00:06:11.762,1.62465,1.62451,1,1.39
2014.09.12,00:06:12.269,1.62466,1.62451,1.76,2.06
2014.09.12,00:06:15.153,1.62468,1.62452,2.59,1.25
2014.09.12,00:06:15.660,1.62467,1.62452,1.19,1.29
2014.09.12,00:06:16.369,1.62469,1.62452,3.34,1.76
2014.09.12,00:06:21.396,1.62467,1.62451,1.31,1.36
2014.09.12,00:06:21.600,1.62466,1.62451,1.84,1
2014.09.12,00:06:22.108,1.62463,1.62449,1,2.89
2014.09.12,00:06:22.615,1.62463,1.62449,1.19,2.14
2014.09.12,00:06:24.156,1.62463,1.62452,1.19,1
2014.09.12,00:06:24.664,1.62463,1.62452,1.25,1
2014.09.12,00:06:32.185,1.62463,1.6245,1.01,2.44
2014.09.12,00:06:32.489,1.62463,1.62448,1.84,1.69
2014.09.12,00:06:34.323,1.62463,1.62449,1.39,1.19
2014.09.12,00:06:36.741,1.62463,1.6245,1,1.76
2014.09.12,00:06:37.045,1.62463,1.62452,1,1
2014.09.12,00:06:39.375,1.62463,1.62452,1.07,1
2014.09.12,00:06:40.000,1.62463,1.62452,1.1,1
2014.09.12,00:06:43.373,1.62463,1.6245,1.07,1.69
2014.09.12,00:06:43.880,1.62463,1.6245,1.07,1.25
2014.09.12,00:06:44.698,1.62463,1.62448,1.69,3.94
2014.09.12,00:06:47.032,1.62463,1.62448,1.76,3.19
2014.09.12,00:06:49.504,1.62463,1.62448,1.09,3.19
2014.09.12,00:06:50.137,1.62463,1.62448,1.01,3.19
2014.09.12,00:06:50.644,1.62463,1.6245,1.25,1
2014.09.12,00:06:55.323,1.62463,1.6245,1.32,1
2014.09.12,00:06:55.830,1.62463,1.62447,1.76,4.01
2014.09.12,00:06:56.336,1.62463,1.62447,1.09,4.09
2014.09.12,00:06:56.855,1.62463,1.62447,1.36,3.34
2014.09.12,00:06:57.376,1.62463,1.62447,1.76,3.26
2014.09.12,00:06:57.680,1.62463,1.62448,1.29,1.19
2014.09.12,00:06:58.495,1.62463,1.62448,1.69,1.19
2014.09.12,00:06:59.749,1.62463,1.62447,2.44,3.94
2014.09.12,00:07:00.294,1.62463,1.62447,1.4,3.94
2014.09.12,00:07:00.875,1.62463,1.62447,1.76,2.44
2014.09.12,00:07:01.413,1.62463,1.62449,1.01,1.25
2014.09.12,00:07:01.928,1.62463,1.62449,1.09,1.25
2014.09.12,00:07:02.483,1.62463,1.62449,1.19,1.19
2014.09.12,00:07:03.458,1.62463,1.62451,1.19,1
2014.09.12,00:07:04.361,1.62463,1.62451,1,1
2014.09.12,00:07:05.120,1.62463,1.62451,1.07,1
2014.09.12,00:07:06.218,1.62463,1.6245,1.25,1.19
2014.09.12,00:07:06.726,1.62463,1.62449,1.39,1.19
2014.09.12,00:07:08.337,1.62463,1.62449,1.76,1.19
2014.09.12,00:07:08.876,1.62463,1.62449,1.36,1.19
2014.09.12,00:07:09.382,1.62463,1.62449,1.76,1.19
2014.09.12,00:07:09.941,1.62463,1.62449,1.26,1.19
2014.09.12,00:07:11.359,1.62463,1.6245,1.76,1.25
2014.09.12,00:07:13.770,1.62463,1.6245,1.36,1.25
2014.09.12,00:07:14.319,1.62464,1.6245,1.01,1.19
2014.09.12,00:07:14.890,1.62465,1.6245,1.84,1.19
2014.09.12,00:07:17.239,1.62463,1.6245,1.19,1
2014.09.12,00:07:17.747,1.62463,1.62448,1.29,1.19
2014.09.12,00:07:19.428,1.62464,1.62448,1.76,3.26
2014.09.12,00:07:23.463,1.62464,1.62448,1.69,2.44
2014.09.12,00:07:24.262,1.62463,1.62448,1.32,2.44
2014.09.12,00:07:24.793,1.62464,1.62448,1.01,1.19
2014.09.12,00:07:25.297,1.62465,1.62448,3.94,1.19
2014.09.12,00:07:25.627,1.62463,1.62448,1.01,1.25
2014.09.12,00:07:27.188,1.62464,1.62448,1.76,1.01
2014.09.12,00:07:27.713,1.62463,1.62448,1.76,1.19
2014.09.12,00:07:28.070,1.62461,1.62447,1.67,1.19
2014.09.12,00:07:28.829,1.6246,1.62446,1.27,1.69
2014.09.12,00:07:29.032,1.6246,1.62446,2.62,1.69
2014.09.12,00:07:30.032,1.62459,1.62446,1.3,1.69
2014.09.12,00:07:31.055,1.6246,1.62446,2.44,1.69
2014.09.12,00:07:35.402,1.6246,1.62446,3.19,1.25
2014.09.12,00:07:38.004,1.62459,1.62446,1.26,1.25
2014.09.12,00:07:38.523,1.6246,1.62446,1.46,1.25
2014.09.12,00:07:39.068,1.6246,1.62446,2.06,1.19
2014.09.12,00:07:39.525,1.62457,1.62446,1.07,1.25
2014.09.12,00:07:39.677,1.62457,1.62442,1.39,3.19
2014.09.12,00:07:39.728,1.62456,1.62442,1.01,3.19
2014.09.12,00:07:40.235,1.62456,1.62442,1.3,2.44
2014.09.12,00:07:40.704,1.62455,1.62442,1.01,1.69
2014.09.12,00:07:41.213,1.62456,1.62442,1.46,1.25
2014.09.12,00:07:43.121,1.62456,1.62442,1.39,1.69
2014.09.12,00:07:43.222,1.62454,1.62442,1.01,1
2014.09.12,00:07:43.762,1.62454,1.62442,1.3,1
2014.09.12,00:07:45.950,1.62455,1.62442,1.29,1
2014.09.12,00:07:46.472,1.62454,1.62442,1.19,1
2014.09.12,00:07:50.680,1.62453,1.62442,1.69,1
2014.09.12,00:07:51.833,1.62452,1.62442,1.25,1
2014.09.12,00:07:52.805,1.62454,1.62442,1.4,1
2014.09.12,00:07:54.759,1.62453,1.62442,1.07,1
2014.09.12,00:07:55.464,1.62454,1.62442,2.44,1
2014.09.12,00:07:55.992,1.62453,1.62442,1.07,1
2014.09.12,00:07:56.509,1.62454,1.62442,1.3,1
2014.09.12,00:08:00.190,1.62453,1.62442,2.51,1
2014.09.12,00:08:00.849,1.62454,1.62442,1.76,1
2014.09.12,00:08:01.670,1.62454,1.62442,1.4,1
2014.09.12,00:08:01.976,1.62453,1.62442,1.07,1
2014.09.12,00:08:02.532,1.62454,1.62442,1.76,1
2014.09.12,00:08:02.838,1.62453,1.62442,1.97,1
2014.09.12,00:08:03.294,1.62455,1.62442,2.51,1
2014.09.12,00:08:03.700,1.62452,1.62442,1.95,1
2014.09.12,00:08:04.210,1.62452,1.62442,1.2,1
2014.09.12,00:08:09.363,1.62452,1.62442,1.76,1
2014.09.12,00:08:09.566,1.62447,1.62435,1.07,1.69
2014.09.12,00:08:09.821,1.62446,1.62432,1.84,1.69
2014.09.12,00:08:09.923,1.62445,1.62436,1,1
2014.09.12,00:08:10.227,1.62444,1.6243,1.39,1
2014.09.12,00:08:10.380,1.62445,1.62431,2,1.19
2014.09.12,00:08:10.684,1.62443,1.6243,1,1.76
2014.09.12,00:08:10.887,1.62443,1.62429,1.76,2.44
2014.09.12,00:08:11.394,1.62439,1.62429,1,1.69
2014.09.12,00:08:11.496,1.6244,1.62429,1,1.25
2014.09.12,00:08:12.003,1.62441,1.62427,1.09,3.56
2014.09.12,00:08:14.561,1.62441,1.62429,1,1.69
2014.09.12,00:08:15.074,1.62443,1.62432,1.76,1
2014.09.12,00:08:15.480,1.62443,1.6243,1.19,1.01
2014.09.12,00:08:15.581,1.62443,1.62431,1,1.19
2014.09.12,00:08:15.632,1.62446,1.62432,1.39,1.19
2014.09.12,00:08:16.038,1.62446,1.62436,1.29,1
2014.09.12,00:08:16.656,1.62448,1.62436,2.51,1
2014.09.12,00:08:18.330,1.62448,1.62436,3,1
2014.09.12,00:08:19.304,1.62448,1.62436,3,1
2014.09.12,00:08:20.234,1.62448,1.62436,3,1
2014.09.12,00:08:20.437,1.62448,1.62436,1.65,1
2014.09.12,00:08:20.640,1.62446,1.62436,1.57,1
2014.09.12,00:08:20.691,1.62446,1.62431,1.76,1.19
2014.09.12,00:08:21.202,1.62444,1.62431,1.65,1.19
2014.09.12,00:08:21.733,1.62444,1.62431,1.69,1.19
2014.09.12,00:08:23.711,1.62444,1.62431,1.69,1
2014.09.12,00:08:24.017,1.62442,1.62431,1.69,1
2014.09.12,00:08:24.322,1.62438,1.62431,1.69,1
2014.09.12,00:08:24.373,1.62438,1.62426,1.69,1.69
2014.09.12,00:08:24.526,1.62437,1.62424,1.76,1
2014.09.12,00:08:24.628,1.62435,1.62424,1.25,1
2014.09.12,00:08:24.832,1.62433,1.62421,1.5,1
2014.09.12,00:08:24.934,1.62432,1.62421,1.19,1
2014.09.12,00:08:25.239,1.6243,1.62419,1.29,1
2014.09.12,00:08:25.696,1.62428,1.62419,1.76,1
2014.09.12,00:08:26.001,1.6242,1.62412,1.69,1
2014.09.12,00:08:26.052,1.62418,1.62407,1,1
2014.09.12,00:08:26.154,1.62416,1.62405,1,1.57
2014.09.12,00:08:26.255,1.62415,1.62404,1.69,1.1
2014.09.12,00:08:26.306,1.62413,1.62402,1.19,1.57
2014.09.12,00:08:26.460,1.6241,1.62399,1.25,1.57
2014.09.12,00:08:26.511,1.62408,1.62399,1.19,1.07
2014.09.12,00:08:26.613,1.6241,1.62399,1.25,1.1
2014.09.12,00:08:26.664,1.62406,1.62395,1,1.75
2014.09.12,00:08:26.767,1.62405,1.62394,1,1.5
2014.09.12,00:08:26.819,1.62401,1.62394,1,1.5
2014.09.12,00:08:26.871,1.624,1.6239,1,1.5
2014.09.12,00:08:26.922,1.62398,1.62388,1.19,3.07
2014.09.12,00:08:26.973,1.62398,1.62388,1.19,1.07
2014.09.12,00:08:27.075,1.62398,1.62385,1.19,4.01
2014.09.12,00:08:27.177,1.62393,1.62386,1,1.17
2014.09.12,00:08:27.228,1.62395,1.62386,1.5,1.1
2014.09.12,00:08:27.330,1.62395,1.62386,1.69,1
2014.09.12,00:08:27.382,1.62395,1.62381,1.69,1.1
2014.09.12,00:08:27.433,1.62392,1.62379,1.19,1.09
2014.09.12,00:08:27.637,1.62392,1.62377,1.69,2.21
2014.09.12,00:08:28.245,1.62392,1.62379,1.84,1
2014.09.12,00:08:28.767,1.62389,1.62378,1.19,1
2014.09.12,00:08:29.073,1.62383,1.62373,1,1
2014.09.12,00:08:29.327,1.62383,1.62371,1.19,1.5
2014.09.12,00:08:29.834,1.62383,1.62369,1.29,1.76
2014.09.12,00:08:30.138,1.62379,1.62369,1,1.25
2014.09.12,00:08:30.647,1.62379,1.62368,1.25,1
2014.09.12,00:08:30.952,1.62384,1.62368,1.76,1.01
2014.09.12,00:08:31.462,1.62384,1.62369,1.39,1
2014.09.12,00:08:32.342,1.62386,1.62371,1.69,1.25
2014.09.12,00:08:32.850,1.62385,1.6237,1.19,1.26
2014.09.12,00:08:33.358,1.62385,1.62369,1.36,1.84
2014.09.12,00:08:34.645,1.62386,1.62371,2.21,1
2014.09.12,00:08:35.152,1.62386,1.62372,1.69,1
2014.09.12,00:08:35.658,1.62386,1.62372,1.19,1.26
2014.09.12,00:08:36.363,1.62386,1.62372,1.69,1.09
2014.09.12,00:08:37.728,1.62386,1.62372,1.69,1.09
2014.09.12,00:08:38.252,1.62386,1.62374,1.69,1
2014.09.12,00:08:43.979,1.62386,1.62373,1.69,1.1
2014.09.12,00:08:44.486,1.62385,1.62372,1.26,1.25
2014.09.12,00:08:45.004,1.62385,1.62372,1.32,1.19
2014.09.12,00:08:46.189,1.62381,1.6237,1.07,1.5
2014.09.12,00:08:46.392,1.62379,1.62365,1.26,1.87
2014.09.12,00:08:46.493,1.62378,1.62365,1.32,1.87
2014.09.12,00:08:48.296,1.62376,1.62365,1.29,1
2014.09.12,00:08:48.602,1.62369,1.62358,1.69,2.25
2014.09.12,00:08:48.704,1.62367,1.62355,1.19,1
2014.09.12,00:08:49.210,1.62367,1.62354,1.76,1.25
2014.09.12,00:08:49.787,1.62364,1.62354,1.25,1
2014.09.12,00:08:49.890,1.62362,1.62353,1.69,1
2014.09.12,00:08:49.941,1.62362,1.6235,1.69,1
2014.09.12,00:08:50.296,1.62357,1.62349,1.19,1
2014.09.12,00:08:51.272,1.62357,1.62349,1.25,1
2014.09.12,00:08:56.176,1.62357,1.62349,1.19,1
2014.09.12,00:08:57.405,1.62358,1.62349,1.25,1
2014.09.12,00:09:00.009,1.62358,1.62349,1.19,1
2014.09.12,00:09:01.933,1.62363,1.62349,1.66,1
2014.09.12,00:09:02.447,1.62364,1.62349,1.26,1.1
2014.09.12,00:09:02.651,1.62365,1.62349,1.26,2.14
2014.09.12,00:09:02.753,1.62368,1.62351,1.29,2.81
2014.09.12,00:09:02.855,1.6237,1.62354,1.1,1.76
2014.09.12,00:09:03.058,1.62371,1.62357,1.19,1.32
2014.09.12,00:09:03.110,1.62374,1.62357,2.14,1.69
2014.09.12,00:09:03.288,1.62374,1.62359,1.19,1.07
2014.09.12,00:09:03.796,1.62374,1.62358,1.29,1.32
2014.09.12,00:09:04.000,1.62374,1.62358,1.34,1.25
2014.09.12,00:09:04.514,1.62375,1.62359,1.76,1.01
2014.09.12,00:09:04.920,1.62376,1.6236,1.26,1.19
2014.09.12,00:09:05.226,1.62381,1.62366,1.22,1.19
2014.09.12,00:09:05.379,1.62382,1.62366,1.26,1.76
2014.09.12,00:09:05.987,1.62383,1.62366,1.36,2.51
2014.09.12,00:09:06.494,1.62384,1.62366,1.39,3.94
2014.09.12,00:09:07.051,1.62384,1.62369,1.39,1
2014.09.12,00:09:07.579,1.62386,1.62369,1.84,1.15
2014.09.12,00:09:07.630,1.62386,1.62369,2.59,1.34
2014.09.12,00:09:08.187,1.62386,1.6237,1.76,1.3
2014.09.12,00:09:08.943,1.62384,1.6237,1.19,1.3
2014.09.12,00:09:09.917,1.62384,1.62369,1.19,1.76
2014.09.12,00:09:10.434,1.62384,1.62368,1.29,2.51
2014.09.12,00:09:10.943,1.62384,1.62369,1.19,1.01
2014.09.12,00:09:11.453,1.62384,1.62368,1.29,2.51
2014.09.12,00:09:12.439,1.62384,1.62369,1.19,1.26
2014.09.12,00:09:13.238,1.62385,1.62371,1.84,1.25
2014.09.12,00:09:14.315,1.62385,1.6237,1.69,3.64
2014.09.12,00:09:14.823,1.62385,1.62373,1.76,1
2014.09.12,00:09:16.451,1.62385,1.62373,1.69,1.17
2014.09.12,00:09:16.808,1.62385,1.62372,1.76,1
2014.09.12,00:09:19.246,1.62385,1.62371,1.19,1.34
2014.09.12,00:09:20.258,1.62385,1.62371,1.25,1.09
2014.09.12,00:09:22.830,1.62385,1.62371,1.25,1.76
2014.09.12,00:09:24.243,1.62385,1.62371,1.25,1.76
2014.09.12,00:09:24.857,1.62385,1.62371,1.69,2.44
2014.09.12,00:09:26.979,1.62385,1.62371,1.19,1.57
2014.09.12,00:09:28.063,1.62385,1.62371,1.69,2.44
2014.09.12,00:09:29.677,1.62385,1.62373,1.69,1.07
2014.09.12,00:09:30.567,1.62385,1.62373,1,1.07
2014.09.12,00:09:34.770,1.62385,1.62372,1.25,1.5
2014.09.12,00:09:36.986,1.62385,1.62373,1.25,1.07
2014.09.12,00:09:37.493,1.62385,1.62371,1.25,3.19
2014.09.12,00:09:38.000,1.62385,1.62372,1.25,1.5
2014.09.12,00:09:42.692,1.62385,1.62372,1.19,1.97
2014.09.12,00:09:43.731,1.62385,1.62372,1.25,1.5
2014.09.12,00:09:46.983,1.62385,1.62372,1.25,1.07
2014.09.12,00:09:48.001,1.62385,1.62372,1.19,1.32
2014.09.12,00:09:49.118,1.62385,1.6237,1.69,3.19
2014.09.12,00:09:54.451,1.62385,1.62371,1.69,1.3
2014.09.12,00:09:54.857,1.62385,1.62371,1.25,1.69
2014.09.12,00:09:55.512,1.62385,1.6237,1.25,3.19
2014.09.12,00:09:55.614,1.62385,1.62371,1.25,1.97
2014.09.12,00:09:56.121,1.62385,1.62371,1.19,1.39
2014.09.12,00:09:56.632,1.62385,1.6237,1.19,4.01
2014.09.12,00:09:57.037,1.62385,1.62372,1,1.39
2014.09.12,00:09:57.345,1.62385,1.62374,1,2.25
2014.09.12,00:09:57.914,1.62385,1.62374,1,1.57
2014.09.12,00:10:01.021,1.62387,1.62375,1.19,1.2
2014.09.12,00:10:02.367,1.62389,1.62375,1.19,1.2
2014.09.12,00:10:03.457,1.62389,1.62375,1.19,1.15
2014.09.12,00:10:03.558,1.62391,1.62375,1.31,1.34
2014.09.12,00:10:03.660,1.62391,1.62378,1.31,1
2014.09.12,00:10:04.171,1.62391,1.62378,1.31,1.07
2014.09.12,00:10:04.678,1.62392,1.62378,1.31,1.57
2014.09.12,00:10:05.184,1.62393,1.62378,1.76,1.76
2014.09.12,00:10:05.761,1.62393,1.62378,1.19,2.51
2014.09.12,00:10:06.263,1.62394,1.62378,1.31,2.59
2014.09.12,00:10:08.845,1.62394,1.62378,1.46,1.39
2014.09.12,00:10:09.166,1.62394,1.62379,1.31,2.51
2014.09.12,00:10:09.683,1.62394,1.6238,1.19,2.32
2014.09.12,00:10:10.194,1.62394,1.62383,1.25,1.1
2014.09.12,00:10:11.260,1.62394,1.62383,1,1.57
2014.09.12,00:10:11.783,1.62394,1.62383,1,1.07
2014.09.12,00:10:11.885,1.62398,1.62383,1.29,1.26
2014.09.12,00:10:11.987,1.62398,1.62384,1.19,1.84
2014.09.12,00:10:12.088,1.62401,1.62386,3.26,1.39
2014.09.12,00:10:13.101,1.62402,1.62387,1.76,1.29
2014.09.12,00:10:15.174,1.62402,1.62386,1.84,1.69
2014.09.12,00:10:16.580,1.62402,1.62387,1.39,1.69
2014.09.12,00:10:17.776,1.62405,1.62388,2.51,5.32
2014.09.12,00:10:18.131,1.62404,1.62391,1.19,1
2014.09.12,00:10:18.638,1.62404,1.62391,1.19,1.07
2014.09.12,00:10:18.689,1.62405,1.62392,1,1.2
2014.09.12,00:10:18.791,1.62405,1.62393,1,1.97
2014.09.12,00:10:18.943,1.6241,1.62395,1.19,1.84
2014.09.12,00:10:18.995,1.62413,1.62396,1.01,1.17
2014.09.12,00:10:19.097,1.62412,1.62397,1.19,1.26
2014.09.12,00:10:19.604,1.62412,1.62396,1.19,3.34
2014.09.12,00:10:20.060,1.62412,1.624,1.19,1
2014.09.12,00:10:20.111,1.62415,1.624,1.19,1.4
2014.09.12,00:10:20.922,1.62417,1.62401,2.21,1.84
2014.09.12,00:10:22.318,1.62414,1.62401,1,1.34
2014.09.12,00:10:22.825,1.62414,1.624,1.25,3.19
2014.09.12,00:10:24.674,1.62414,1.624,1.25,2.51
2014.09.12,00:10:25.208,1.62414,1.624,1.25,1.36
2014.09.12,00:10:26.931,1.62414,1.62398,1.01,3.26
2014.09.12,00:10:30.900,1.62414,1.62399,1.1,1.26
2014.09.12,00:10:32.001,1.62414,1.62398,1.01,3.26
2014.09.12,00:10:34.747,1.62414,1.62398,3.26,1.76
2014.09.12,00:10:37.338,1.62414,1.62397,2.59,1.76
2014.09.12,00:10:38.543,1.62414,1.62398,3.34,1.36
2014.09.12,00:10:45.659,1.62414,1.62399,2.51,1.19
2014.09.12,00:10:46.844,1.62414,1.62399,1.25,1.39
2014.09.12,00:10:50.252,1.62414,1.62399,1.19,1.84
2014.09.12,00:10:51.842,1.62414,1.62399,1.25,1.29
2014.09.12,00:10:52.412,1.62414,1.62399,1.25,1.69
2014.09.12,00:10:52.914,1.62414,1.62399,1.01,1.36
2014.09.12,00:10:54.337,1.62414,1.62401,1.01,1
2014.09.12,00:10:54.643,1.62416,1.62402,1.29,1.29
2014.09.12,00:10:56.050,1.62415,1.62402,1.25,1.1
2014.09.12,00:10:56.820,1.62415,1.62401,1.01,1.01
2014.09.12,00:10:57.738,1.62415,1.624,1.32,1.39
2014.09.12,00:10:58.658,1.62415,1.624,1.76,1.29
2014.09.12,00:11:00.895,1.62412,1.624,1.25,1.01
2014.09.12,00:11:01.200,1.62409,1.62396,1.09,1.69
2014.09.12,00:11:01.707,1.62409,1.62395,1.01,1.29
2014.09.12,00:11:02.227,1.62408,1.62394,1.25,1.76
2014.09.12,00:11:02.532,1.62402,1.62389,1.62,1.5
2014.09.12,00:11:02.685,1.62401,1.62385,1.66,4.01
2014.09.12,00:11:02.989,1.62398,1.62384,1.19,1.26
2014.09.12,00:11:03.515,1.62398,1.62383,2.51,1.36
2014.09.12,00:11:05.101,1.62398,1.62383,3.19,1.01
2014.09.12,00:11:07.801,1.62398,1.62383,2.44,1.76
2014.09.12,00:11:11.125,1.62398,1.62383,1.76,1.26
2014.09.12,00:11:12.596,1.62394,1.62383,1,1.29
2014.09.12,00:11:12.748,1.62393,1.62381,1,1.1
2014.09.12,00:11:12.799,1.62393,1.62381,1.12,1
2014.09.12,00:11:12.952,1.62391,1.62375,1.26,1.56
2014.09.12,00:11:13.207,1.62388,1.62373,1.01,1.19
2014.09.12,00:11:13.461,1.62387,1.62372,1.07,1.19
2014.09.12,00:11:15.001,1.62388,1.62372,1.76,1.29
2014.09.12,00:11:15.305,1.6239,1.62376,3.19,1.25
2014.09.12,00:11:15.609,1.62388,1.62374,1.32,1.19
2014.09.12,00:11:16.153,1.62388,1.62373,1.26,1.19
2014.09.12,00:11:17.123,1.62388,1.62372,1.76,1.29
2014.09.12,00:11:18.294,1.62387,1.62372,1.26,1.19
2014.09.12,00:11:19.271,1.62387,1.62372,1.5,1.19
2014.09.12,00:11:19.373,1.62388,1.62372,1.76,1.19
2014.09.12,00:11:19.474,1.62386,1.62372,1.07,1.19
2014.09.12,00:11:19.639,1.62384,1.62371,1.01,1
2014.09.12,00:11:19.742,1.62383,1.62371,1.29,1
2014.09.12,00:11:20.047,1.6238,1.62364,1.32,3.64
2014.09.12,00:11:21.230,1.62378,1.62363,1,1.84
2014.09.12,00:11:22.330,1.62378,1.62363,1.19,2.59
2014.09.12,00:11:23.434,1.62378,1.62364,1.25,1.19
2014.09.12,00:11:25.741,1.62378,1.62363,1.29,1.26
2014.09.12,00:11:25.911,1.62373,1.62363,1,1.26
2014.09.12,00:11:26.063,1.6237,1.62361,1,1
2014.09.12,00:11:26.165,1.6237,1.62357,1.1,1.19
2014.09.12,00:11:26.318,1.6237,1.62357,1.57,1.19
2014.09.12,00:11:26.369,1.6237,1.62355,1.57,1.69
2014.09.12,00:11:26.471,1.62367,1.62355,1,1.25
2014.09.12,00:11:26.880,1.62368,1.62351,3.26,1.29
2014.09.12,00:11:26.983,1.62365,1.6235,1.57,1.76
2014.09.12,00:11:28.103,1.62365,1.62349,2.59,1.19
2014.09.12,00:11:28.458,1.62365,1.62349,1.69,1.36
2014.09.12,00:11:28.662,1.62357,1.62344,1.57,1
2014.09.12,00:11:28.864,1.62355,1.62344,1,1.25
2014.09.12,00:11:28.915,1.62355,1.62339,1.31,1.69
2014.09.12,00:11:29.017,1.62353,1.62338,1.39,1.19
2014.09.12,00:11:29.322,1.62348,1.62335,1,1.32
2014.09.12,00:11:29.626,1.62347,1.62333,1.19,1.97
2014.09.12,00:11:29.728,1.62344,1.62329,1.25,1.39
2014.09.12,00:11:31.732,1.62346,1.62331,1.36,1.29
2014.09.12,00:11:32.442,1.62347,1.62331,1.69,1.69
2014.09.12,00:11:32.990,1.62347,1.62332,2.06,1.01
2014.09.12,00:11:34.599,1.62348,1.62332,2.51,1.01
2014.09.12,00:11:35.598,1.62348,1.62336,2.44,1
2014.09.12,00:11:36.156,1.6235,1.62332,4.09,2.81
2014.09.12,00:11:36.691,1.62349,1.62333,1.26,1.26
2014.09.12,00:11:40.844,1.6235,1.62335,2.51,1.22
2014.09.12,00:11:41.148,1.62353,1.62336,2.21,1.84
2014.09.12,00:11:41.352,1.62354,1.62338,1.32,1.26
2014.09.12,00:11:41.862,1.62356,1.62341,1.36,1.1
2014.09.12,00:11:42.453,1.62356,1.62341,1.32,1.19
2014.09.12,00:11:42.759,1.62359,1.62345,1.31,1.29
2014.09.12,00:11:43.217,1.62363,1.62346,1.39,1.84
2014.09.12,00:11:43.319,1.62364,1.62347,2.06,1.97
2014.09.12,00:11:43.674,1.62364,1.62351,1.62,1.19
2014.09.12,00:11:43.725,1.62364,1.62351,1.25,1.56
2014.09.12,00:11:43.827,1.62364,1.62353,1,2.25
2014.09.12,00:11:43.878,1.62372,1.62356,2.59,1
2014.09.12,00:11:43.929,1.62372,1.62358,1.64,1.19
2014.09.12,00:11:44.082,1.62375,1.6236,2.14,1.19
2014.09.12,00:11:44.234,1.62375,1.62361,1.2,1.29
2014.09.12,00:11:44.336,1.62379,1.62363,1.5,1.34
2014.09.12,00:11:44.438,1.62381,1.62365,1.55,1.36
2014.09.12,00:11:44.945,1.6238,1.62367,1.39,1.19
2014.09.12,00:11:45.554,1.62381,1.62368,1.97,1.19
2014.09.12,00:11:46.102,1.62382,1.62367,1.12,3.19
2014.09.12,00:11:46.153,1.62384,1.62371,2.25,1.07
2014.09.12,00:11:46.457,1.62384,1.62368,1.57,1.01
2014.09.12,00:11:46.660,1.62385,1.62369,1.74,1.36
2014.09.12,00:11:46.965,1.62388,1.62372,2.51,1.29
2014.09.12,00:11:47.481,1.62388,1.62372,1.19,1.34
2014.09.12,00:11:48.169,1.62388,1.62372,1.29,1.76
2014.09.12,00:11:48.692,1.62388,1.62372,1.36,1.36
2014.09.12,00:11:49.461,1.62389,1.62372,2.44,1.01
2014.09.12,00:11:52.840,1.62388,1.62371,1.26,3.19
2014.09.12,00:11:53.386,1.62388,1.62372,1.29,1.01
2014.09.12,00:11:53.895,1.62388,1.62372,1.76,1.3
2014.09.12,00:11:56.295,1.6239,1.62374,3.26,1.76
2014.09.12,00:11:56.599,1.62392,1.62378,1.46,1
2014.09.12,00:11:56.924,1.62392,1.62375,1.46,1.39
2014.09.12,00:11:57.384,1.62388,1.62374,1,1.84
2014.09.12,00:11:57.892,1.62388,1.62374,1,1.34
2014.09.12,00:11:58.398,1.62388,1.62374,1,1.76
2014.09.12,00:11:59.252,1.62388,1.62375,1,1.32
2014.09.12,00:12:00.779,1.62388,1.62382,1,1.5
2014.09.12,00:12:00.881,1.62392,1.62381,1,1.5
2014.09.12,00:12:00.982,1.62396,1.62382,1.62,1.32
2014.09.12,00:12:01.084,1.62395,1.62382,1.19,1.2
2014.09.12,00:12:01.287,1.62395,1.6238,1.69,1.39
2014.09.12,00:12:01.794,1.62394,1.6238,1.25,1.36
2014.09.12,00:12:02.302,1.62394,1.6238,2.14,1.19
2014.09.12,00:12:02.607,1.62396,1.62382,3.56,1.25
2014.09.12,00:12:04.433,1.62396,1.62382,1.1,1.76
2014.09.12,00:12:04.484,1.62398,1.62383,1.12,1.76
2014.09.12,00:12:04.585,1.62399,1.62385,1.56,1.01
2014.09.12,00:12:04.637,1.624,1.62387,1,1.2
2014.09.12,00:12:04.738,1.62403,1.62388,2.21,1.19
2014.09.12,00:12:05.245,1.624,1.62386,1.25,1.34
2014.09.12,00:12:06.901,1.62403,1.62387,4.01,1.29
2014.09.12,00:12:07.444,1.62403,1.62387,3.34,1.36
2014.09.12,00:12:08.047,1.62403,1.62387,4.09,1.84
2014.09.12,00:12:09.025,1.62403,1.62388,1.26,1.29
2014.09.12,00:12:10.344,1.62404,1.62389,3.94,1.39
2014.09.12,00:12:12.993,1.62404,1.62391,2.44,1
2014.09.12,00:12:13.247,1.62409,1.62394,1.74,1.29
2014.09.12,00:12:13.349,1.6241,1.62397,2.59,1.25
2014.09.12,00:12:13.552,1.62411,1.62397,1.76,1.25
2014.09.12,00:12:14.059,1.62411,1.62397,1.26,2.44
2014.09.12,00:12:14.666,1.6241,1.62397,1,1.01
2014.09.12,00:12:15.540,1.6241,1.62398,1,1.25
2014.09.12,00:12:15.743,1.62411,1.624,1.1,1.25
2014.09.12,00:12:16.249,1.62413,1.624,1.46,1.25
2014.09.12,00:12:16.756,1.62414,1.62399,2.21,1.19
2014.09.12,00:12:17.641,1.62413,1.62399,1.45,1.19
2014.09.12,00:12:19.913,1.62414,1.62399,2.89,1.19
2014.09.12,00:12:20.486,1.62414,1.624,1.87,1.19
2014.09.12,00:12:21.003,1.62413,1.624,1.37,1.25
2014.09.12,00:12:22.079,1.62413,1.624,1.37,1.29
2014.09.12,00:12:22.181,1.62414,1.624,1,1.36
2014.09.12,00:12:22.383,1.62415,1.62404,1.12,1.25
2014.09.12,00:12:22.943,1.62417,1.62404,1.69,1.25
2014.09.12,00:12:23.552,1.62417,1.62403,1.27,1.29
2014.09.12,00:12:24.450,1.62418,1.62405,2.21,1.25
2014.09.12,00:12:24.870,1.62419,1.62407,1,1.25
2014.09.12,00:12:25.377,1.6242,1.62407,1,1.01
2014.09.12,00:12:25.959,1.6242,1.62408,1,1.19
2014.09.12,00:12:26.519,1.62421,1.62408,1.76,1.19
2014.09.12,00:12:27.178,1.62422,1.6241,1.1,1.26
2014.09.12,00:12:27.684,1.62424,1.6241,2.44,1.34
2014.09.12,00:12:28.190,1.62424,1.62409,2.44,1.76
2014.09.12,00:12:28.697,1.62424,1.62409,2.59,1.29
2014.09.12,00:12:29.002,1.6242,1.62409,1,1.26
2014.09.12,00:12:29.154,1.62423,1.62409,1,1.26
2014.09.12,00:12:30.230,1.62424,1.62409,2.51,1.26
2014.09.12,00:12:31.362,1.62424,1.62409,1.69,1.76
2014.09.12,00:12:31.927,1.62424,1.6241,1.69,1.3
2014.09.12,00:12:32.613,1.62424,1.62411,1.69,1.09
2014.09.12,00:12:33.171,1.62424,1.62412,1,1.01
2014.09.12,00:12:33.273,1.62424,1.62413,1,1.29
2014.09.12,00:12:33.475,1.62427,1.62413,1,1.26
2014.09.12,00:12:33.880,1.62424,1.62413,1,1.26
2014.09.12,00:12:34.134,1.62428,1.62413,1.76,1.76
2014.09.12,00:12:34.185,1.62428,1.62416,1.76,1.25
2014.09.12,00:12:34.489,1.62424,1.62413,1,3.26
2014.09.12,00:12:34.793,1.62424,1.62416,1,1.19
2014.09.12,00:12:34.894,1.62428,1.62416,1,1.36
2014.09.12,00:12:35.913,1.62428,1.62416,1.01,1.25
2014.09.12,00:12:36.886,1.62429,1.62415,1.5,1.39
2014.09.12,00:12:37.601,1.62429,1.62414,1.31,1.4
2014.09.12,00:12:38.112,1.62429,1.62415,1.76,1.19
2014.09.12,00:12:38.619,1.62429,1.62415,1.19,1.76
2014.09.12,00:12:39.128,1.62429,1.62415,1.19,1.36
2014.09.12,00:12:39.331,1.62427,1.62414,1.19,1.01
2014.09.12,00:12:39.838,1.62425,1.62414,1,1.25
2014.09.12,00:12:40.607,1.62427,1.62415,1.25,1.25
2014.09.12,00:12:40.809,1.62427,1.62416,1,1.19
2014.09.12,00:12:40.911,1.62429,1.62416,2.44,1.19
2014.09.12,00:12:41.417,1.6243,1.62416,1.69,3.19
2014.09.12,00:12:41.929,1.6243,1.62417,1.69,1.76
2014.09.12,00:12:42.435,1.6243,1.62417,1.69,1.36
2014.09.12,00:12:42.946,1.62429,1.62417,1,1.26
2014.09.12,00:12:44.704,1.62429,1.62418,1,1.29
2014.09.12,00:12:45.235,1.6243,1.62418,1,1.29
2014.09.12,00:12:47.908,1.6243,1.62419,1,1.19
2014.09.12,00:12:51.250,1.6243,1.62418,1,1.01
2014.09.12,00:12:51.758,1.62431,1.62418,1,1.84
2014.09.12,00:12:52.468,1.62431,1.62418,1.25,1.84
2014.09.12,00:12:53.009,1.62431,1.62418,1.29,1.25
2014.09.12,00:13:03.574,1.62431,1.62418,1.25,1.29
2014.09.12,00:13:04.657,1.62431,1.62418,1,1.25
2014.09.12,00:13:07.262,1.62431,1.62418,1,1.69
2014.09.12,00:13:07.770,1.62434,1.62418,2.59,1.69
2014.09.12,00:13:08.283,1.62433,1.62418,1.76,1.69
2014.09.12,00:13:08.486,1.62433,1.62418,1.26,1.01
2014.09.12,00:13:08.638,1.62432,1.62418,1.32,1.25
2014.09.12,00:13:09.164,1.62433,1.62418,1.36,1.25
2014.09.12,00:13:10.088,1.62432,1.62418,1.39,1.25
2014.09.12,00:13:15.717,1.62434,1.62418,2.51,1.84
2014.09.12,00:13:16.577,1.62434,1.62419,1.19,3.26
2014.09.12,00:13:17.111,1.62434,1.62419,1.19,1.84
2014.09.12,00:13:17.618,1.62434,1.62418,1.84,1.39
2014.09.12,00:13:18.124,1.62434,1.62418,1.76,1.29
2014.09.12,00:13:18.643,1.62433,1.62418,1.36,1.29
2014.09.12,00:13:19.205,1.62434,1.62418,2.51,1.76
2014.09.12,00:13:21.382,1.62434,1.62418,2.51,2.14
2014.09.12,00:13:22.589,1.62435,1.62419,1.84,2.06
2014.09.12,00:13:24.592,1.62435,1.62419,2.59,2.06
2014.09.12,00:13:25.119,1.62435,1.62419,2.51,2.14
2014.09.12,00:13:25.930,1.62432,1.62418,1.19,1.45
2014.09.12,00:13:26.440,1.62432,1.62418,1.76,1.37
2014.09.12,00:13:26.950,1.62432,1.62418,2.51,1.62
2014.09.12,00:13:32.808,1.62431,1.62418,1.19,1.55
2014.09.12,00:13:34.533,1.62431,1.62418,1.29,1
2014.09.12,00:13:35.348,1.62432,1.62418,1.29,1.01
2014.09.12,00:13:36.347,1.62431,1.62418,1.69,1
2014.09.12,00:13:36.398,1.62429,1.62414,1.25,6.26
2014.09.12,00:13:36.450,1.62429,1.62415,1.25,1.09
2014.09.12,00:13:36.967,1.62429,1.62415,1.25,1.09
2014.09.12,00:13:38.848,1.62429,1.62415,1.25,1.09
2014.09.12,00:13:45.932,1.62429,1.62415,1.25,1.09
2014.09.12,00:13:52.664,1.62429,1.62415,1.25,1.76
2014.09.12,00:13:53.245,1.62427,1.62415,1,1.31
2014.09.12,00:13:53.550,1.62425,1.62412,2.44,1.62
2014.09.12,00:13:57.373,1.62423,1.62412,1,1.62
2014.09.12,00:14:01.698,1.62425,1.62412,1.1,1.66
2014.09.12,00:14:01.924,1.62428,1.62413,2.25,1.39
2014.09.12,00:14:02.483,1.62429,1.62415,1.19,2.14
2014.09.12,00:14:03.508,1.62429,1.62417,1,1.66
2014.09.12,00:14:04.977,1.62429,1.62418,1,1.74
2014.09.12,00:14:05.636,1.62434,1.62421,2.81,1.25
2014.09.12,00:14:05.687,1.62434,1.62422,2.62,1.19
2014.09.12,00:14:05.991,1.62439,1.62428,1.37,1.25
2014.09.12,00:14:06.296,1.62439,1.62429,1.37,1.19
2014.09.12,00:14:06.804,1.62439,1.62429,1,1.19
2014.09.12,00:14:07.421,1.62439,1.62428,1,1.69
2014.09.12,00:14:14.325,1.62434,1.62428,1,1
2014.09.12,00:14:14.529,1.62435,1.62425,1,1.62
2014.09.12,00:14:14.631,1.62436,1.62428,1,1
2014.09.12,00:14:15.139,1.62439,1.62428,1.65,1.25
2014.09.12,00:14:15.342,1.62437,1.62428,1.12,1
2014.09.12,00:14:15.900,1.62439,1.62428,1,1
2014.09.12,00:14:16.406,1.62436,1.62426,1,1.25
2014.09.12,00:14:16.913,1.62435,1.62423,1,1.66
2014.09.12,00:14:17.419,1.62436,1.62423,1.25,2.06
2014.09.12,00:14:18.549,1.62438,1.62424,1.39,1.66
2014.09.12,00:14:18.853,1.62438,1.62424,1.39,1.66
2014.09.12,00:14:19.359,1.62438,1.62425,1.01,1.56
2014.09.12,00:14:22.654,1.62438,1.62425,1,1.69
2014.09.12,00:14:25.309,1.62438,1.62426,1,1.56
2014.09.12,00:14:25.412,1.62438,1.62426,1,1.19
2014.09.12,00:14:27.854,1.6244,1.62426,1.27,1.19
2014.09.12,00:14:31.917,1.62438,1.62425,1,2.14
2014.09.12,00:14:32.018,1.62438,1.62425,1,2.14
2014.09.12,00:14:32.120,1.62433,1.62425,1,1.47
2014.09.12,00:14:32.324,1.62438,1.62425,1.09,1.37
2014.09.12,00:14:34.249,1.62438,1.62425,1.25,2.14
2014.09.12,00:14:40.334,1.62438,1.62425,1,1.66
2014.09.12,00:14:40.385,1.62433,1.62425,1,1.47
2014.09.12,00:14:40.932,1.62433,1.62425,1,1.37
2014.09.12,00:14:43.684,1.62438,1.62425,1.76,1.37
2014.09.12,00:14:43.837,1.62438,1.62425,1.25,1.47
2014.09.12,00:14:45.382,1.62438,1.62425,1.25,1.56
2014.09.12,00:14:46.377,1.62438,1.62422,1.19,3.64
2014.09.12,00:14:46.429,1.62433,1.62422,1,3.64
2014.09.12,00:14:47.376,1.62433,1.62422,1,2.89
2014.09.12,00:14:47.648,1.62436,1.62422,1.25,2.21
2014.09.12,00:14:48.168,1.62436,1.62423,1,1.64
2014.09.12,00:14:48.705,1.62439,1.62423,2.44,1.71
2014.09.12,00:14:49.795,1.62439,1.62424,2.44,1.76
2014.09.12,00:14:54.584,1.62439,1.62424,2.59,1.56
2014.09.12,00:14:56.189,1.62439,1.62424,2.59,1.56
2014.09.12,00:14:57.188,1.62439,1.62425,2.51,1.56
2014.09.12,00:14:58.224,1.62439,1.62425,2.51,1.56
2014.09.12,00:15:01.144,1.62439,1.62425,1.25,1.56
2014.09.12,00:15:03.575,1.62439,1.62427,1.17,1.56
2014.09.12,00:15:04.134,1.62439,1.62427,1.1,1.56
2014.09.12,00:15:05.056,1.62439,1.62424,1.17,1.39
2014.09.12,00:15:05.361,1.62433,1.62424,1,1.37
2014.09.12,00:15:05.665,1.62437,1.62423,1.01,1.37
2014.09.12,00:15:05.767,1.62436,1.62422,2.44,2.06
2014.09.12,00:15:06.282,1.62433,1.62421,1.25,1.62
2014.09.12,00:15:06.638,1.62434,1.62421,1.01,1.62
2014.09.12,00:15:06.730,1.62436,1.62421,2.44,2.06
2014.09.12,00:15:06.832,1.62434,1.62421,1.07,2.06
2014.09.12,00:15:07.340,1.62434,1.62421,1.32,1.37
2014.09.12,00:15:10.924,1.62434,1.62421,2.51,1
2014.09.12,00:15:11.027,1.62432,1.62421,1.3,1.37
2014.09.12,00:15:11.533,1.62434,1.6242,1.97,1.62
2014.09.12,00:15:12.749,1.62434,1.6242,1.07,1.56
2014.09.12,00:15:15.588,1.62434,1.6242,1.07,1.19
2014.09.12,00:15:16.101,1.62434,1.6242,1.5,1.19
2014.09.12,00:15:17.177,1.62435,1.6242,1.69,1.19
2014.09.12,00:15:20.251,1.62436,1.62421,1.97,1.19
2014.09.12,00:15:23.661,1.62436,1.62421,1.76,1.19
2014.09.12,00:15:24.201,1.62435,1.62421,1.01,1.19
2014.09.12,00:15:25.657,1.62435,1.62421,1.3,1.25
2014.09.12,00:15:26.903,1.62435,1.62421,1.3,1.69
2014.09.12,00:15:28.180,1.62436,1.62421,1.01,1.69
2014.09.12,00:15:28.783,1.62436,1.62421,1.69,1.19
2014.09.12,00:15:29.314,1.62437,1.62421,1.69,1.19
2014.09.12,00:15:29.922,1.62436,1.62421,1.3,1.19
2014.09.12,00:15:31.188,1.62436,1.62421,1.76,1.69
2014.09.12,00:15:32.365,1.62437,1.62421,1.84,1.69
2014.09.12,00:15:35.808,1.62433,1.62423,1,1
2014.09.12,00:15:36.314,1.62433,1.62422,1,1.37
2014.09.12,00:15:36.925,1.62433,1.62422,1.19,1.37
2014.09.12,00:15:38.007,1.62433,1.62422,1.25,1.37
2014.09.12,00:15:39.157,1.62433,1.62422,1.25,1.12
2014.09.12,00:15:39.788,1.62433,1.6242,1.25,1
2014.09.12,00:15:39.991,1.62433,1.6242,1.76,1.62
2014.09.12,00:15:40.805,1.62433,1.6242,1.26,1.62
2014.09.12,00:15:42.819,1.62433,1.6242,1.26,1.62
2014.09.12,00:15:45.213,1.62433,1.6242,1.69,1.62
2014.09.12,00:15:45.985,1.62433,1.6242,1.69,1.37
2014.09.12,00:15:46.738,1.62433,1.6242,1.84,1.37
2014.09.12,00:15:47.309,1.62433,1.6242,1.69,1.37
2014.09.12,00:15:52.131,1.62433,1.6242,1.69,1.62
2014.09.12,00:15:54.617,1.62433,1.6242,1.69,1.56
2014.09.12,00:15:55.129,1.62433,1.6242,1.01,1.56
2014.09.12,00:15:55.941,1.62433,1.6242,1.29,1.62
2014.09.12,00:15:56.551,1.62433,1.6242,1.39,1.62
2014.09.12,00:15:57.263,1.62433,1.6242,1.01,1.37
2014.09.12,00:15:58.253,1.62433,1.6242,1.29,1.62
2014.09.12,00:15:59.149,1.62433,1.6242,1.26,1.62
2014.09.12,00:15:59.675,1.62433,1.6242,1.39,1.62
2014.09.12,00:16:00.218,1.62433,1.62419,1.76,1.56
2014.09.12,00:16:00.729,1.62433,1.62418,1.36,1.66
2014.09.12,00:16:01.646,1.62433,1.6242,1.25,1.56
2014.09.12,00:16:02.255,1.62433,1.6242,1,1.66
2014.09.12,00:16:02.781,1.62433,1.62422,1,1.62
2014.09.12,00:16:03.668,1.62433,1.62421,1,1.56
2014.09.12,00:16:05.762,1.62433,1.62423,1,1.31
2014.09.12,00:16:05.813,1.62433,1.6242,1.69,1.47
2014.09.12,00:16:12.434,1.62433,1.6242,1.76,1.37
2014.09.12,00:16:15.661,1.62433,1.6242,2.51,1.37
2014.09.12,00:16:16.189,1.62433,1.6242,1.84,1.37
2014.09.12,00:16:16.700,1.62433,1.6242,1.84,1.37
2014.09.12,00:16:21.311,1.62433,1.6242,1.29,1.37
2014.09.12,00:16:22.354,1.62433,1.6242,1.76,1.37
2014.09.12,00:16:23.446,1.62432,1.62419,1.19,1.47
2014.09.12,00:16:26.843,1.62433,1.62419,1.39,1.37
2014.09.12,00:16:27.273,1.62433,1.62419,1.39,1
2014.09.12,00:16:27.375,1.62433,1.62419,1.39,1.37
2014.09.12,00:16:27.910,1.62433,1.62417,1.76,2.51
2014.09.12,00:16:28.170,1.62432,1.62417,1.39,1.69
2014.09.12,00:16:28.272,1.62432,1.62417,1.39,2.06
2014.09.12,00:16:28.789,1.62432,1.62417,1.39,1.69
2014.09.12,00:16:29.356,1.62432,1.62418,1.39,1.62
2014.09.12,00:16:29.876,1.62432,1.62418,1.39,1.62
2014.09.12,00:16:34.785,1.62432,1.62418,1.39,2.06
2014.09.12,00:16:35.296,1.62432,1.62418,1.29,2.14
2014.09.12,00:16:35.806,1.62433,1.62418,1.19,1.95
2014.09.12,00:16:40.224,1.62433,1.62415,1.76,3.26
2014.09.12,00:16:40.528,1.6243,1.62415,1.29,1.64
2014.09.12,00:16:41.553,1.62431,1.62415,1.76,2.89
2014.09.12,00:16:43.155,1.62431,1.62415,1.76,2.89
2014.09.12,00:16:45.157,1.62431,1.62415,1.76,2.89
2014.09.12,00:16:46.841,1.62431,1.62416,1.76,1.01
2014.09.12,00:16:47.348,1.62431,1.62416,1.19,3.64
2014.09.12,00:16:48.259,1.62432,1.62416,1.76,4.01
2014.09.12,00:16:49.257,1.62432,1.62416,1.34,3.56
2014.09.12,00:16:51.273,1.62431,1.62416,1.19,2.96
2014.09.12,00:16:52.377,1.62431,1.62416,1.19,3.34
2014.09.12,00:16:54.694,1.62433,1.62416,1.76,2.89
2014.09.12,00:16:55.237,1.62433,1.62416,1.76,3.26
2014.09.12,00:16:55.714,1.62433,1.62417,1.26,1.66
2014.09.12,00:16:56.222,1.62433,1.62417,1.26,2.89
2014.09.12,00:16:56.783,1.62432,1.62417,1.3,3.19
2014.09.12,00:16:57.290,1.62433,1.62417,1.01,3.26
2014.09.12,00:16:57.814,1.62434,1.62418,2.59,1.62
2014.09.12,00:16:59.716,1.62434,1.62418,3.56,1.62
2014.09.12,00:17:00.224,1.62434,1.62418,3.56,1.62
2014.09.12,00:17:01.915,1.62434,1.62418,1.46,1.74
2014.09.12,00:17:04.517,1.62434,1.62418,1.76,1.66
2014.09.12,00:17:05.946,1.62433,1.62418,1.3,1.56
2014.09.12,00:17:06.821,1.62434,1.62418,1.36,1.56
2014.09.12,00:17:06.923,1.62433,1.62418,1.3,1.56
2014.09.12,00:17:07.449,1.62432,1.62418,1.07,1.56
2014.09.12,00:17:08.053,1.62434,1.62418,1.76,1.56
2014.09.12,00:17:08.924,1.62434,1.62418,1.76,1.56
2014.09.12,00:17:10.023,1.62434,1.62418,1.76,1.56
2014.09.12,00:17:22.450,1.62433,1.62417,1.36,3.94
2014.09.12,00:17:22.984,1.62433,1.62417,1.36,3.94
2014.09.12,00:17:23.850,1.62434,1.62418,1.76,1.01
2014.09.12,00:17:24.989,1.62434,1.62417,1.76,4.01
2014.09.12,00:17:25.192,1.62433,1.62418,1.3,1.19
2014.09.12,00:17:25.698,1.62434,1.62417,1.76,1.76
2014.09.12,00:17:25.978,1.62433,1.62417,1.26,2.14
2014.09.12,00:17:26.492,1.62433,1.62419,1.76,1.62
2014.09.12,00:17:27.009,1.62433,1.62417,1.76,1.66
2014.09.12,00:17:27.515,1.62433,1.62417,1.29,1.66
2014.09.12,00:17:28.059,1.62433,1.62417,2.44,1.56
2014.09.12,00:17:29.017,1.62433,1.62417,1.26,1.64
2014.09.12,00:17:30.806,1.62433,1.62417,1.84,1.36
2014.09.12,00:17:31.703,1.62433,1.62417,1.36,1.74
2014.09.12,00:17:32.217,1.62433,1.62417,1.34,1.56
2014.09.12,00:17:33.993,1.62433,1.62417,1.76,1.29
2014.09.12,00:17:34.702,1.62433,1.62418,1.26,1.01
2014.09.12,00:17:35.482,1.62433,1.62418,1.34,1.69
2014.09.12,00:17:37.602,1.62433,1.62417,1.34,3.19
2014.09.12,00:17:38.611,1.62434,1.62417,2.44,1.69
2014.09.12,00:17:39.682,1.62432,1.62417,1.39,2.44
2014.09.12,00:17:43.211,1.62432,1.62416,1.01,1.29
2014.09.12,00:17:48.942,1.62432,1.62417,1.29,1.69
2014.09.12,00:17:49.245,1.62431,1.62417,1.32,1.69
2014.09.12,00:17:49.854,1.62432,1.62417,1.34,1.69
2014.09.12,00:17:50.046,1.62431,1.62417,1.3,1.69
2014.09.12,00:17:50.553,1.62432,1.62417,1.76,1.19
2014.09.12,00:17:51.275,1.62431,1.62417,1.32,1.19
2014.09.12,00:17:51.376,1.62433,1.62417,1.76,1.19
2014.09.12,00:17:53.563,1.62431,1.62417,1.3,1.19
2014.09.12,00:17:53.665,1.62433,1.62416,3.19,1.69
2014.09.12,00:17:54.174,1.62433,1.62417,2.44,1.19
2014.09.12,00:17:54.476,1.62431,1.62417,1.07,1.19
2014.09.12,00:17:54.682,1.62433,1.62417,1.36,1.19
2014.09.12,00:17:54.977,1.62432,1.62417,1.32,1.19
2014.09.12,00:17:57.551,1.62432,1.62416,1.32,1.29
2014.09.12,00:18:01.514,1.62434,1.62416,2.81,1.39
2014.09.12,00:18:02.073,1.62433,1.62416,1.76,1.19
2014.09.12,00:18:02.764,1.62433,1.62418,1.01,1.19
2014.09.12,00:18:03.068,1.62434,1.62421,1.84,1
2014.09.12,00:18:03.119,1.62434,1.62418,1.84,1.19
2014.09.12,00:18:03.625,1.62433,1.62418,1.01,1.69
2014.09.12,00:18:04.127,1.62433,1.62418,1.3,1.69
2014.09.12,00:18:04.229,1.62434,1.62418,1.34,1.69
2014.09.12,00:18:05.126,1.62434,1.62418,1.76,1.69
2014.09.12,00:18:06.031,1.62434,1.62418,2.51,1.69
2014.09.12,00:18:06.234,1.62432,1.62418,1.3,1.19
2014.09.12,00:18:06.335,1.62434,1.62417,2.44,1.69
2014.09.12,00:18:07.621,1.62434,1.62421,1.46,1
2014.09.12,00:18:08.644,1.62435,1.62421,3.56,1
2014.09.12,00:18:10.955,1.62434,1.62421,1.01,1.25
2014.09.12,00:18:11.246,1.62435,1.62421,2.14,1.01
2014.09.12,00:18:12.269,1.62434,1.62421,1.4,1.25
2014.09.12,00:18:12.896,1.62434,1.62421,1.57,1
2014.09.12,00:18:18.250,1.62434,1.62422,1.76,1
2014.09.12,00:18:18.301,1.62434,1.62422,1.5,1.87
2014.09.12,00:18:18.352,1.62434,1.62423,1,1.52
2014.09.12,00:18:18.403,1.62439,1.62425,1.25,2.14
2014.09.12,00:18:18.859,1.62441,1.62426,1.01,1.76
2014.09.12,00:18:22.163,1.62441,1.62426,1.17,1.39
2014.09.12,00:18:22.767,1.62441,1.62426,1.1,2.21
2014.09.12,00:18:23.317,1.62441,1.62426,1.29,2.21
2014.09.12,00:18:28.071,1.62441,1.62426,1.76,1.84
2014.09.12,00:18:29.280,1.62441,1.62426,1.29,1.65
2014.09.12,00:18:29.807,1.62441,1.62426,1.26,1.57
2014.09.12,00:18:30.356,1.62441,1.62426,1.76,1.76
2014.09.12,00:18:36.506,1.6244,1.62426,1,3.26
2014.09.12,00:18:38.595,1.6244,1.62427,1,1.69
2014.09.12,00:18:39.103,1.62442,1.6243,1.09,1
2014.09.12,00:18:39.685,1.6244,1.6243,1,1
2014.09.12,00:18:41.951,1.62443,1.6243,2.51,1
2014.09.12,00:18:44.491,1.62442,1.62429,1.09,1.62
2014.09.12,00:18:52.342,1.62444,1.62429,3.26,1.31
2014.09.12,00:18:52.849,1.62444,1.62429,3.26,1.47
2014.09.12,00:18:53.355,1.62444,1.62429,4.76,1.12
2014.09.12,00:18:56.237,1.62444,1.62429,2.21,1.12
2014.09.12,00:18:57.583,1.62444,1.62429,2.21,1.37
2014.09.12,00:18:58.090,1.62444,1.62429,2.21,1.37
2014.09.12,00:18:58.617,1.62443,1.62429,1.31,1.37
2014.09.12,00:18:59.144,1.62443,1.62429,1.39,1.37
2014.09.12,00:19:00.869,1.62443,1.62429,1.46,1.37
2014.09.12,00:19:06.730,1.62444,1.62429,3.64,1.62
2014.09.12,00:19:09.574,1.62444,1.62429,5.14,1.31
2014.09.12,00:19:10.082,1.62443,1.62429,1.46,1.37
2014.09.12,00:19:12.681,1.62444,1.62429,3.34,1.62
2014.09.12,00:19:14.669,1.62444,1.62429,2.59,1.31
2014.09.12,00:19:17.059,1.62444,1.62429,1.09,1.31
2014.09.12,00:19:20.171,1.62444,1.62429,1.84,1.39
2014.09.12,00:19:20.507,1.62444,1.62429,1.76,1.62
2014.09.12,00:19:21.211,1.62443,1.62429,1.31,1.39
2014.09.12,00:19:30.501,1.62443,1.62429,1.46,1.62
2014.09.12,00:19:31.007,1.62443,1.62429,1.46,1.25
2014.09.12,00:19:32.010,1.62443,1.62429,2.14,1.25
2014.09.12,00:19:32.865,1.62442,1.62429,1.3,1.25
2014.09.12,00:19:33.373,1.62443,1.62429,2.14,1.25
2014.09.12,00:19:34.201,1.62443,1.62429,1.39,1.12
2014.09.12,00:19:35.031,1.62443,1.62429,1.46,1
2014.09.12,00:19:35.556,1.62443,1.62429,2.14,1.25
2014.09.12,00:19:36.062,1.62442,1.62427,1.32,2.44
2014.09.12,00:19:36.591,1.62442,1.62427,1.26,1.69
2014.09.12,00:19:37.188,1.62443,1.62427,3.94,1.69
2014.09.12,00:19:38.108,1.62443,1.62427,2.51,1.76
2014.09.12,00:19:38.762,1.62442,1.62426,2.89,1.19
2014.09.12,00:19:38.916,1.62438,1.62424,1,1.36
2014.09.12,00:19:39.221,1.62437,1.62424,1.07,1.19
2014.09.12,00:19:39.626,1.62437,1.62422,2.32,1.1
2014.09.12,00:19:39.678,1.62434,1.62421,1.5,1.5
2014.09.12,00:19:39.982,1.62432,1.62421,1.07,1
2014.09.12,00:19:42.817,1.62431,1.62421,1.01,1
2014.09.12,00:19:42.868,1.6243,1.62416,1.07,2.06
2014.09.12,00:19:42.919,1.6243,1.62416,2.32,2.06
2014.09.12,00:19:43.530,1.62429,1.62416,1.5,1.69
2014.09.12,00:19:43.935,1.62429,1.62416,1.32,1.25
2014.09.12,00:19:44.998,1.6243,1.62416,1.76,1
2014.09.12,00:19:48.391,1.62429,1.62416,1.39,1
2014.09.12,00:19:50.228,1.6243,1.62416,2.89,1
2014.09.12,00:19:51.329,1.62431,1.62421,1.84,1
2014.09.12,00:19:51.381,1.62431,1.62421,1.2,1
2014.09.12,00:19:51.685,1.62431,1.62416,1.17,1.39
2014.09.12,00:19:52.090,1.62429,1.62414,1.01,1.46
2014.09.12,00:19:52.344,1.62424,1.62412,1,2.32
2014.09.12,00:19:52.548,1.62424,1.62408,1.01,1.01
2014.09.12,00:19:53.861,1.62424,1.62409,1.09,1.25
2014.09.12,00:19:54.379,1.62424,1.62409,1.01,1.09
2014.09.12,00:19:54.783,1.62424,1.62409,1.76,1.09
2014.09.12,00:19:55.336,1.62424,1.62409,1.84,1.25
2014.09.12,00:19:59.768,1.62424,1.62409,1.39,1
2014.09.12,00:20:00.259,1.62424,1.62412,1.39,1
2014.09.12,00:20:01.674,1.62426,1.62412,2.14,1
2014.09.12,00:20:01.877,1.62426,1.62411,1.01,1.84
2014.09.12,00:20:02.514,1.62426,1.62411,1.32,1.76
2014.09.12,00:20:03.073,1.62428,1.62412,1.26,1.76
2014.09.12,00:20:03.276,1.62425,1.62412,1.87,1.19
2014.09.12,00:20:03.428,1.62423,1.62411,1.2,1.25
2014.09.12,00:20:03.479,1.62423,1.62411,2.44,1
2014.09.12,00:20:03.985,1.62423,1.6241,2.44,1.25
2014.09.12,00:20:04.866,1.62423,1.62409,1.76,1.25
2014.09.12,00:20:05.379,1.62423,1.62409,1.29,1.25
2014.09.12,00:20:06.599,1.62423,1.62407,1.01,1.76
2014.09.12,00:20:07.368,1.62423,1.62407,1.01,2.51
2014.09.12,00:20:07.870,1.62423,1.62407,1.29,3.26
2014.09.12,00:20:08.895,1.62424,1.62408,1.36,1.09
2014.09.12,00:20:11.092,1.62419,1.62408,3,1.1
2014.09.12,00:20:11.246,1.62419,1.62405,4.01,1.29
2014.09.12,00:20:13.307,1.62419,1.62405,4.39,1.39
2014.09.12,00:20:14.627,1.62419,1.62405,1.39,1.2
2014.09.12,00:20:16.589,1.62419,1.62405,1.39,1.39
2014.09.12,00:20:19.772,1.62415,1.62403,1.07,1.19
2014.09.12,00:20:19.823,1.62415,1.62402,1.76,1.69
2014.09.12,00:20:19.925,1.62412,1.62402,1.12,1.25
2014.09.12,00:20:20.431,1.62411,1.62402,1.2,1.25
2014.09.12,00:20:20.951,1.62412,1.62402,1.57,1
2014.09.12,00:20:30.361,1.62412,1.62402,1.95,1
2014.09.12,00:20:31.074,1.62412,1.62402,1.95,1
2014.09.12,00:20:31.601,1.62412,1.62402,1.27,1
2014.09.12,00:20:32.774,1.62415,1.62402,7.2,1.37
2014.09.12,00:20:32.826,1.62415,1.62403,3.52,1.56
2014.09.12,00:20:32.927,1.62417,1.62407,1.1,1
2014.09.12,00:20:33.435,1.6242,1.62407,6.26,1
2014.09.12,00:20:35.074,1.62416,1.62407,3.07,1
2014.09.12,00:20:35.125,1.62416,1.62403,3.07,1.19
2014.09.12,00:20:35.176,1.62416,1.62403,3.75,1.19
2014.09.12,00:20:35.532,1.62416,1.62401,4.5,1.19
2014.09.12,00:20:36.251,1.62414,1.62401,1.07,1.19
2014.09.12,00:20:37.182,1.62415,1.62401,1.76,1.19
2014.09.12,00:20:37.692,1.62415,1.62401,5.44,1.19
2014.09.12,00:20:40.185,1.62415,1.62401,3.94,1.19
2014.09.12,00:20:40.814,1.62415,1.62406,3.19,1
2014.09.12,00:20:41.170,1.62419,1.62406,2.14,1
2014.09.12,00:20:41.271,1.62419,1.62406,1.01,1
2014.09.12,00:20:45.081,1.62417,1.62406,3.37,1
2014.09.12,00:20:45.182,1.62417,1.62402,3.56,1.76
2014.09.12,00:20:45.691,1.62417,1.62402,1.46,1.29
2014.09.12,00:20:46.263,1.62417,1.62401,1.46,1.36
2014.09.12,00:21:00.712,1.62418,1.62403,4.39,1
2014.09.12,00:21:01.230,1.62419,1.62404,6.56,1.2
2014.09.12,00:21:01.767,1.62419,1.62404,5.96,1.29
2014.09.12,00:21:02.274,1.62419,1.62404,4.31,1.76
2014.09.12,00:21:02.785,1.62419,1.62404,4.31,1.29
2014.09.12,00:21:05.038,1.62419,1.62404,3.94,1.4
2014.09.12,00:21:16.974,1.62419,1.62404,1.69,1.4
2014.09.12,00:21:17.521,1.62419,1.62404,1.76,1.76
2014.09.12,00:21:21.858,1.6242,1.62407,1.26,1
2014.09.12,00:21:21.960,1.62422,1.62407,1.76,1.31
2014.09.12,00:21:22.468,1.62423,1.62407,4.84,2.21
2014.09.12,00:21:22.620,1.62423,1.62412,4.09,1
2014.09.12,00:21:23.127,1.62424,1.62412,3.45,1
2014.09.12,00:21:23.432,1.62423,1.62408,1.46,1.66
2014.09.12,00:21:23.533,1.62422,1.62407,1.39,2.21
2014.09.12,00:21:23.584,1.62422,1.62407,1.76,2.21
2014.09.12,00:21:23.838,1.6242,1.62406,1.01,1.76
2014.09.12,00:21:24.344,1.6242,1.62407,1.69,1.1
2014.09.12,00:21:25.369,1.6242,1.62407,2,1.17
2014.09.12,00:21:25.906,1.6242,1.62409,2.06,1
2014.09.12,00:21:26.496,1.6242,1.62407,2,1.57
2014.09.12,00:21:27.206,1.62421,1.62407,1.39,1.57
2014.09.12,00:21:27.308,1.62421,1.6241,1.39,1
2014.09.12,00:21:27.359,1.62426,1.6241,2.44,2.06
2014.09.12,00:21:27.460,1.62429,1.62414,1.57,1.12
2014.09.12,00:21:27.562,1.62429,1.62416,1,1.84
2014.09.12,00:21:27.614,1.62431,1.62416,1.31,1.84
2014.09.12,00:21:27.665,1.62431,1.62417,1,1.39
2014.09.12,00:21:27.969,1.62435,1.62422,1.75,1
2014.09.12,00:21:28.020,1.62437,1.62422,1.76,1.1
2014.09.12,00:21:28.173,1.62439,1.62422,1.84,2.51
2014.09.12,00:21:28.477,1.6244,1.62425,2.44,1.07
2014.09.12,00:21:29.536,1.6244,1.62425,1.19,2.44
2014.09.12,00:21:29.841,1.6244,1.62427,1,2.06
2014.09.12,00:21:30.348,1.62444,1.62432,1.01,1
2014.09.12,00:21:30.450,1.62446,1.62432,1.84,1.25
2014.09.12,00:21:30.653,1.62447,1.62432,2.44,1.76
2014.09.12,00:21:31.368,1.62447,1.62432,1.19,3.19
2014.09.12,00:21:31.521,1.62449,1.62433,1.69,1.01
2014.09.12,00:21:31.673,1.62449,1.62435,1.69,1.5
2014.09.12,00:21:31.775,1.62449,1.62434,1.19,2.44
2014.09.12,00:21:31.826,1.6245,1.62434,1.25,2.44
2014.09.12,00:21:31.928,1.62451,1.62437,1.25,1.19
2014.09.12,00:21:32.451,1.62455,1.62438,2.32,1.07
2014.09.12,00:21:32.857,1.62454,1.62442,1.07,1.25
2014.09.12,00:21:32.960,1.62458,1.62443,1.76,1.36
2014.09.12,00:21:33.264,1.62459,1.62444,2.44,1.76
2014.09.12,00:21:33.786,1.6246,1.62444,1.29,1.76
2014.09.12,00:21:34.141,1.6246,1.62444,1.01,1.76
2014.09.12,00:21:34.647,1.62462,1.62447,1.46,1.01
2014.09.12,00:21:35.154,1.62462,1.62447,2.14,1.25
2014.09.12,00:21:35.703,1.62462,1.62447,1.95,1.19
2014.09.12,00:21:36.363,1.6246,1.62446,1.01,1.29
2014.09.12,00:21:37.276,1.6246,1.62446,1.3,1.69
2014.09.12,00:21:37.580,1.62461,1.62446,5.32,1.19
2014.09.12,00:21:37.683,1.62461,1.62446,3.82,1.19
2014.09.12,00:21:37.989,1.62462,1.62446,1.46,1.84
2014.09.12,00:21:38.796,1.62462,1.62446,1.39,1.76
2014.09.12,00:21:39.113,1.62463,1.62448,1.39,1.19
2014.09.12,00:21:39.652,1.62462,1.62448,1.32,1.19
2014.09.12,00:21:40.159,1.62463,1.62448,1.39,1.19
2014.09.12,00:21:40.654,1.62463,1.62446,1.39,1.36
2014.09.12,00:21:40.908,1.62459,1.62445,1,1.84
2014.09.12,00:21:41.886,1.62459,1.62445,1,2.51
2014.09.12,00:21:42.434,1.62459,1.62444,1.01,1.76
2014.09.12,00:21:44.745,1.62461,1.62445,1.34,1.69
2014.09.12,00:21:45.050,1.6246,1.62445,1.32,1.69
2014.09.12,00:21:45.101,1.62461,1.62445,1.34,1.69
2014.09.12,00:21:47.027,1.6246,1.62445,1.3,1.69
2014.09.12,00:21:47.997,1.6246,1.62445,1.69,1.19
2014.09.12,00:21:48.313,1.62455,1.62442,1,2.51
2014.09.12,00:21:48.821,1.62459,1.62442,1.76,1.76
2014.09.12,00:21:49.487,1.62459,1.62442,1.76,1.32
2014.09.12,00:21:50.304,1.62459,1.62442,1.76,1.76
2014.09.12,00:21:51.676,1.62459,1.62443,1.26,1.29
2014.09.12,00:21:52.450,1.6246,1.62443,1.84,1.34
2014.09.12,00:21:52.754,1.6246,1.62442,1.84,1.34
2014.09.12,00:21:53.260,1.6246,1.62442,1.84,2.44
2014.09.12,00:21:54.844,1.62455,1.62443,1,1.97
2014.09.12,00:21:54.947,1.62455,1.62442,1.25,1.69
2014.09.12,00:21:55.049,1.62455,1.62441,1.46,1.25
2014.09.12,00:21:55.304,1.62453,1.62439,1.19,1.17
2014.09.12,00:21:55.557,1.62449,1.62436,1,2.4
2014.09.12,00:21:56.063,1.6245,1.62435,1.25,1.76
2014.09.12,00:21:56.421,1.6245,1.62435,1.69,1.76
2014.09.12,00:21:56.780,1.6245,1.62435,1.5,1.34
2014.09.12,00:21:57.185,1.62452,1.62436,1.76,1.76
2014.09.12,00:21:57.491,1.6245,1.62435,2.44,1.76
2014.09.12,00:21:57.694,1.6245,1.62435,1.84,1.01
2014.09.12,00:21:57.999,1.62447,1.62432,1.19,1.76
2014.09.12,00:21:58.506,1.62447,1.62431,4.39,1.29
2014.09.12,00:21:59.003,1.62445,1.6243,1.66,1.17
2014.09.12,00:21:59.510,1.62445,1.6243,1.36,1.1
2014.09.12,00:22:00.035,1.62446,1.6243,5.21,1.19
2014.09.12,00:22:02.008,1.62446,1.6243,2.21,1.84
2014.09.12,00:22:02.533,1.62446,1.6243,2.89,1.76
2014.09.12,00:22:03.039,1.62446,1.6243,2.89,1.01
2014.09.12,00:22:05.687,1.62446,1.6243,2.21,1.09
2014.09.12,00:22:07.127,1.62446,1.6243,3.71,1.84
2014.09.12,00:22:07.330,1.62445,1.62428,1.39,2.81
2014.09.12,00:22:07.432,1.62443,1.62428,2.06,2
2014.09.12,00:22:07.534,1.62443,1.62428,2.14,1.32
2014.09.12,00:22:07.636,1.62443,1.62431,2.14,1
2014.09.12,00:22:07.839,1.6244,1.62427,1,1.76
2014.09.12,00:22:08.043,1.6244,1.62431,1,1
2014.09.12,00:22:08.408,1.6244,1.62426,1,2.14
2014.09.12,00:22:08.611,1.6244,1.6243,1.12,1
2014.09.12,00:22:10.007,1.62439,1.6243,1,1.25
2014.09.12,00:22:10.514,1.6244,1.6243,1,1
2014.09.12,00:22:14.026,1.6244,1.6243,1,1.19
2014.09.12,00:22:14.230,1.62442,1.6243,1,1.29
2014.09.12,00:22:14.433,1.62445,1.6243,1.64,1.29
2014.09.12,00:22:15.147,1.62445,1.6243,1.46,1.25
2014.09.12,00:22:15.657,1.62446,1.62431,1.39,1.5
2014.09.12,00:22:16.179,1.62447,1.62432,1.76,1.25
2014.09.12,00:22:16.281,1.62448,1.62435,2.44,1
2014.09.12,00:22:16.789,1.62448,1.62436,1.25,1
2014.09.12,00:22:19.142,1.62448,1.62435,1.25,1.01
2014.09.12,00:22:21.056,1.62448,1.62434,1.01,1.1
2014.09.12,00:22:23.150,1.62447,1.62434,1.19,1.1
2014.09.12,00:22:23.353,1.62445,1.62431,2.51,1.1
2014.09.12,00:22:24.151,1.62445,1.6243,2.96,1.01
2014.09.12,00:22:24.253,1.62441,1.6243,1,1.25
2014.09.12,00:22:24.761,1.62441,1.6243,1,1.19
2014.09.12,00:22:25.327,1.62443,1.6243,1.65,1.19
2014.09.12,00:22:25.840,1.62443,1.6243,1.1,1.25
2014.09.12,00:22:26.451,1.62443,1.6243,1.2,1.19
2014.09.12,00:22:27.475,1.62443,1.6243,1.2,1.25
2014.09.12,00:22:31.357,1.62443,1.6243,1.2,1.19
2014.09.12,00:22:33.871,1.62443,1.6243,2.02,1
2014.09.12,00:22:33.974,1.62443,1.62428,2.59,1
2014.09.12,00:22:34.025,1.6244,1.62426,1,1.46
2014.09.12,00:22:34.541,1.6244,1.62424,1.76,2.51
2014.09.12,00:22:35.053,1.62438,1.62424,1,1.76
2014.09.12,00:22:35.357,1.62434,1.62422,1,1.76
2014.09.12,00:22:35.510,1.62434,1.62421,1,2.21
2014.09.12,00:22:41.489,1.62434,1.6242,1.69,1.84
2014.09.12,00:22:42.046,1.62434,1.6242,3.34,1.19
2014.09.12,00:22:42.300,1.62431,1.6242,1,1.19
2014.09.12,00:22:43.240,1.62431,1.6242,1,1
2014.09.12,00:22:49.926,1.62431,1.6242,1.09,1
2014.09.12,00:22:50.079,1.62431,1.62418,1.25,1.25
2014.09.12,00:22:50.637,1.62431,1.62421,1,1
2014.09.12,00:22:51.196,1.62431,1.62419,1,1.25
2014.09.12,00:22:51.726,1.62431,1.62419,1,1.19
2014.09.12,00:22:55.067,1.62431,1.62419,1.1,1.25
2014.09.12,00:22:55.523,1.6243,1.62415,1.39,1.69
2014.09.12,00:22:56.030,1.62428,1.62415,1.1,1.19
2014.09.12,00:23:03.543,1.62428,1.62414,1,1.39
2014.09.12,00:23:04.560,1.62428,1.62414,1.17,1.19
2014.09.12,00:23:05.313,1.62428,1.62414,1.2,1.19
2014.09.12,00:23:05.919,1.62428,1.62414,1.2,1.69
2014.09.12,00:23:09.672,1.62428,1.62414,1.25,1.19
2014.09.12,00:23:11.064,1.62428,1.62414,1,1.69
2014.09.12,00:23:15.113,1.62428,1.62415,1,1.76
2014.09.12,00:23:16.088,1.62428,1.62415,1,1.29
2014.09.12,00:23:18.076,1.62428,1.62415,1,1.76
2014.09.12,00:23:21.846,1.62429,1.62415,1.5,1.84
2014.09.12,00:23:22.424,1.62429,1.62415,1.01,1.29
2014.09.12,00:23:22.753,1.62432,1.62417,2.89,1.32
2014.09.12,00:23:23.059,1.62433,1.6242,2.06,1
2014.09.12,00:23:23.568,1.62433,1.62421,1.19,1
2014.09.12,00:23:24.075,1.62433,1.62421,1,1
2014.09.12,00:23:26.040,1.62433,1.62426,1.1,1
2014.09.12,00:23:26.243,1.62437,1.62426,1.5,1
2014.09.12,00:23:27.361,1.62434,1.62424,1,1.1
2014.09.12,00:23:27.564,1.62434,1.62422,1.01,1
2014.09.12,00:23:28.070,1.62434,1.62421,1.76,1.25
2014.09.12,00:23:28.620,1.62434,1.62421,1.57,1.19
2014.09.12,00:23:32.198,1.62434,1.6242,1.57,1.76
2014.09.12,00:23:32.461,1.62434,1.6242,1.57,1.01
2014.09.12,00:23:38.497,1.62434,1.6242,1.84,1.25
2014.09.12,00:23:39.491,1.62434,1.6242,2.51,1.25
2014.09.12,00:23:43.320,1.62434,1.6242,2.32,1.69
2014.09.12,00:23:43.624,1.62433,1.62419,1.39,1
2014.09.12,00:23:43.726,1.62431,1.62419,2.51,1
2014.09.12,00:23:43.879,1.62429,1.62415,1.01,1.01
2014.09.12,00:23:44.389,1.62428,1.62414,1.1,1.29
2014.09.12,00:23:44.936,1.62428,1.62413,1.01,2.59
2014.09.12,00:23:45.948,1.62428,1.62416,1.1,1
2014.09.12,00:23:50.356,1.62429,1.62421,1.65,1
2014.09.12,00:23:50.611,1.62431,1.62421,1,1
2014.09.12,00:23:51.125,1.62432,1.62421,1.57,1
2014.09.12,00:23:52.915,1.62432,1.62418,1.5,1.31
2014.09.12,00:23:53.169,1.62432,1.62417,1.84,1.01
2014.09.12,00:23:53.372,1.6243,1.62415,1.84,2.06
2014.09.12,00:23:54.356,1.6243,1.62414,3.34,1.39
2014.09.12,00:23:54.871,1.6243,1.62414,3.26,1.76
2014.09.12,00:23:55.684,1.6243,1.62415,1.76,1.09
2014.09.12,00:23:56.657,1.6243,1.62415,1.76,1.36
2014.09.12,00:23:57.696,1.6243,1.62415,1.25,1.76
2014.09.12,00:23:58.648,1.6243,1.62415,1.19,2.51
2014.09.12,00:23:59.317,1.6243,1.62415,1.29,1.84
2014.09.12,00:23:59.827,1.62431,1.62415,1.84,1.84
2014.09.12,00:24:00.652,1.62432,1.62415,2.96,2.51
2014.09.12,00:24:01.573,1.62432,1.62422,1.07,1
2014.09.12,00:24:01.726,1.62434,1.62422,1,1
2014.09.12,00:24:03.017,1.62435,1.62422,1.01,1
2014.09.12,00:24:03.577,1.62437,1.62424,1.5,1.19
2014.09.12,00:24:03.628,1.62437,1.62424,1.1,1.69
2014.09.12,00:24:03.730,1.62441,1.62427,2.44,1.1
2014.09.12,00:24:04.596,1.62441,1.62427,1.29,1.01
2014.09.12,00:24:08.356,1.62441,1.62427,1.31,1.32
2014.09.12,00:24:08.861,1.62441,1.62427,1.39,1.01
2014.09.12,00:24:11.695,1.62442,1.62427,1.46,1.1
2014.09.12,00:24:12.599,1.62441,1.62427,1.29,1.1
2014.09.12,00:24:13.614,1.62442,1.62427,2.21,1.1
2014.09.12,00:24:14.600,1.62441,1.62427,1.29,1.1
2014.09.12,00:24:15.990,1.62442,1.62427,2.21,1.01
2014.09.12,00:24:26.071,1.62441,1.62426,2.21,1
2014.09.12,00:24:27.355,1.6244,1.62424,1.69,3.19
2014.09.12,00:24:27.863,1.62441,1.62425,2.44,1.84
2014.09.12,00:24:28.462,1.62441,1.62425,1.76,3.26
2014.09.12,00:24:29.471,1.62441,1.62425,1.76,1.76
2014.09.12,00:24:30.008,1.62441,1.62425,1.76,1.84
2014.09.12,00:24:30.520,1.62441,1.62425,2.51,2.51
2014.09.12,00:24:31.028,1.62441,1.62425,2.44,1.84
2014.09.12,00:24:33.470,1.62441,1.62425,2.06,1.84
2014.09.12,00:24:34.638,1.62441,1.62425,3.19,1.65
2014.09.12,00:24:34.980,1.62434,1.62422,1.37,1
2014.09.12,00:24:37.826,1.62433,1.62422,2.25,1
2014.09.12,00:24:40.801,1.62433,1.62422,1.57,1
2014.09.12,00:24:41.317,1.62433,1.62417,1.57,1.76
2014.09.12,00:24:41.643,1.62432,1.62421,1.39,1
2014.09.12,00:24:41.856,1.62432,1.62417,1.31,1.36
2014.09.12,00:24:42.009,1.62432,1.62415,1.56,4.69
2014.09.12,00:24:42.520,1.62432,1.62415,2.59,1.84
2014.09.12,00:24:43.079,1.62432,1.62415,3.34,2.59
2014.09.12,00:24:47.466,1.62431,1.62415,1.19,1.84
2014.09.12,00:24:48.997,1.6243,1.62415,1.19,1.4
2014.09.12,00:24:52.071,1.62431,1.62415,2.44,1.34
2014.09.12,00:24:54.110,1.62431,1.62415,2.06,1.34
2014.09.12,00:24:55.116,1.62431,1.62415,1.31,1.4
2014.09.12,00:24:56.074,1.62431,1.62415,1.31,1.84
2014.09.12,00:24:57.118,1.62431,1.62415,1.31,1.34
2014.09.12,00:25:00.939,1.6243,1.62415,1.69,1.76
2014.09.12,00:25:01.467,1.6243,1.62415,1.69,1.39
2014.09.12,00:25:01.974,1.6243,1.62413,3.19,3.19
2014.09.12,00:25:02.485,1.62429,1.62416,1.19,1
2014.09.12,00:25:02.996,1.62429,1.62416,1,1
2014.09.12,00:25:03.520,1.6243,1.62416,1.69,1
2014.09.12,00:25:04.917,1.6243,1.62416,1.69,1.25
2014.09.12,00:25:07.540,1.6243,1.62416,1.57,1.01
2014.09.12,00:25:09.108,1.6243,1.62416,1.69,1.19
2014.09.12,00:25:16.339,1.62431,1.62416,2.21,1.01
2014.09.12,00:25:16.845,1.6243,1.62413,2.14,3.26
2014.09.12,00:25:17.351,1.62429,1.62414,1.19,1.01
2014.09.12,00:25:17.859,1.62428,1.62413,1.19,1.76
2014.09.12,00:25:18.436,1.62428,1.62414,1.19,1.3
2014.09.12,00:25:19.068,1.62428,1.62412,1.69,2.51
2014.09.12,00:25:19.372,1.62428,1.62417,1.76,1
2014.09.12,00:25:19.524,1.62428,1.62417,1.01,1
2014.09.12,00:25:20.435,1.62429,1.62417,1,1.1
2014.09.12,00:25:20.942,1.62431,1.62417,1.19,1.2
2014.09.12,00:25:22.066,1.62432,1.6242,1.07,1.5
2014.09.12,00:25:22.117,1.62434,1.62422,2.25,1.2
2014.09.12,00:25:22.220,1.62434,1.62427,1.5,1
2014.09.12,00:25:22.423,1.62429,1.62418,1,1.2
2014.09.12,00:25:22.541,1.62429,1.62418,1.69,1.1
2014.09.12,00:25:22.644,1.62429,1.62414,1.76,1.19
2014.09.12,00:25:22.695,1.62429,1.62414,3.26,1.19
2014.09.12,00:25:23.203,1.62428,1.62417,1.5,1
2014.09.12,00:25:24.215,1.62426,1.62413,1.07,1.69
2014.09.12,00:25:24.317,1.62429,1.62413,1.97,1.69
2014.09.12,00:25:24.621,1.62428,1.62416,3.19,1
2014.09.12,00:25:25.133,1.62427,1.62413,1.07,1.19
2014.09.12,00:25:25.183,1.62427,1.62412,1.32,1.25
2014.09.12,00:25:26.559,1.62428,1.62413,2.44,1.19
2014.09.12,00:25:26.866,1.62428,1.62417,1.76,1
2014.09.12,00:25:34.339,1.62428,1.62417,1.97,1
2014.09.12,00:25:40.764,1.62429,1.62417,3.19,1
2014.09.12,00:25:40.815,1.62429,1.62413,3.94,1.19
2014.09.12,00:25:41.272,1.62427,1.62414,1.07,1.19
2014.09.12,00:25:41.475,1.62429,1.62416,1.69,1
2014.09.12,00:25:42.002,1.62428,1.62416,1.69,1
2014.09.12,00:25:42.509,1.62429,1.62416,1.5,1
2014.09.12,00:25:42.814,1.62428,1.62416,1.5,1
2014.09.12,00:25:42.866,1.6243,1.62416,3.19,1
2014.09.12,00:25:45.407,1.6243,1.62416,3.19,1.19
2014.09.12,00:25:46.397,1.6243,1.62416,3.19,1
2014.09.12,00:25:49.394,1.62429,1.62413,1.01,2.81
2014.09.12,00:25:50.822,1.62429,1.62416,1.01,1
2014.09.12,00:25:51.565,1.62428,1.62416,1.3,1
2014.09.12,00:25:52.074,1.62428,1.62416,1.5,1
2014.09.12,00:25:52.821,1.62429,1.62416,1.5,1
2014.09.12,00:25:53.988,1.62429,1.62416,1.5,1
2014.09.12,00:25:54.445,1.62427,1.62413,1.3,2.06
2014.09.12,00:25:54.649,1.62427,1.62417,1.3,1
2014.09.12,00:25:57.263,1.62426,1.62417,1.07,1
2014.09.12,00:25:57.466,1.62428,1.62413,1.3,1.69
2014.09.12,00:25:58.390,1.62428,1.62413,2.44,1.69
2014.09.12,00:25:58.644,1.62427,1.62417,1.5,1
2014.09.12,00:25:59.051,1.62427,1.62412,1.07,3.19
2014.09.12,00:25:59.564,1.62427,1.62412,1.5,3.19
2014.09.12,00:26:00.075,1.62426,1.62412,1.3,2.44
2014.09.12,00:26:01.612,1.62427,1.62417,1.5,1
2014.09.12,00:26:01.815,1.62428,1.62412,1.57,3.19
2014.09.12,00:26:02.017,1.62429,1.62412,1.84,3.34
2014.09.12,00:26:02.069,1.62428,1.62412,1.07,3.34
2014.09.12,00:26:02.576,1.62429,1.62412,3.19,3.19
2014.09.12,00:26:03.084,1.62429,1.62412,3.19,2.44
2014.09.12,00:26:03.895,1.62428,1.62412,1.69,2.44
2014.09.12,00:26:04.808,1.62428,1.62412,1.5,3.19
2014.09.12,00:26:05.112,1.6243,1.62417,1.69,1
2014.09.12,00:26:05.972,1.62429,1.62417,1.3,1
2014.09.12,00:26:07.334,1.62429,1.62413,2.44,1.19
2014.09.12,00:26:07.841,1.62428,1.62415,1.3,1.25
2014.09.12,00:26:08.403,1.62429,1.62415,1.76,1.25
2014.09.12,00:26:08.656,1.6243,1.62417,1.97,1
2014.09.12,00:26:09.177,1.6243,1.62417,1.3,1
2014.09.12,00:26:09.686,1.62429,1.62417,1.5,1
2014.09.12,00:26:16.752,1.62429,1.62417,1.5,1
2014.09.12,00:26:17.260,1.62429,1.62417,1.5,1
2014.09.12,00:26:33.617,1.62431,1.62417,2.89,1
2014.09.12,00:26:34.126,1.6243,1.62417,1.22,1
2014.09.12,00:26:35.150,1.62429,1.62417,1.27,1
2014.09.12,00:26:35.252,1.62427,1.62417,2.62,1
2014.09.12,00:26:35.354,1.62425,1.6241,1.39,1.5
2014.09.12,00:26:35.405,1.62424,1.62409,1.22,1.01
2014.09.12,00:26:35.457,1.62422,1.62408,1.39,1.1
2014.09.12,00:26:35.964,1.62423,1.62406,3.94,2.81
2014.09.12,00:26:36.167,1.62422,1.62406,1.39,2.14
2014.09.12,00:26:37.179,1.62422,1.62406,2.06,1.69
2014.09.12,00:26:40.015,1.62421,1.62406,1.39,1.5
2014.09.12,00:26:40.522,1.6242,1.62406,1.32,1.5
2014.09.12,00:26:41.029,1.62419,1.62406,1.2,1
2014.09.12,00:26:43.089,1.62419,1.62407,1.39,1
2014.09.12,00:26:45.541,1.62418,1.62407,1.07,1
2014.09.12,00:26:49.352,1.6242,1.62407,1.69,1
2014.09.12,00:26:49.889,1.62419,1.62406,1.69,1
2014.09.12,00:26:50.478,1.62418,1.62406,1.07,1
2014.09.12,00:26:51.011,1.62419,1.62406,1.3,1
2014.09.12,00:26:53.237,1.6242,1.62406,2.51,1
2014.09.12,00:26:54.419,1.6242,1.62405,3.19,1.25
2014.09.12,00:26:55.763,1.62419,1.62404,1.01,1.19
2014.09.12,00:26:56.293,1.62418,1.62404,1.07,1.25
2014.09.12,00:26:56.344,1.6242,1.62404,2.44,1.25
2014.09.12,00:26:56.851,1.62419,1.62404,1.69,1.25
2014.09.12,00:26:58.175,1.62418,1.62404,1.22,1
2014.09.12,00:26:58.479,1.6242,1.62404,3.19,1
2014.09.12,00:26:59.140,1.62418,1.62404,1.32,1.25
2014.09.12,00:26:59.242,1.6242,1.62404,3.19,1.25
2014.09.12,00:26:59.648,1.62418,1.62404,1.32,1.25
2014.09.12,00:26:59.901,1.6242,1.62404,2.51,1.01
2014.09.12,00:27:00.407,1.6242,1.62404,2.51,1.29
2014.09.12,00:27:03.164,1.62419,1.62404,1.29,1.32
2014.09.12,00:27:03.683,1.62419,1.62404,1.26,1.01
2014.09.12,00:27:04.184,1.6242,1.62404,1.84,1.17
2014.09.12,00:27:04.815,1.6242,1.62404,1.76,1.1
2014.09.12,00:27:07.543,1.62419,1.62404,1.34,1.1
2014.09.12,00:27:07.696,1.62412,1.62402,1,1.46
2014.09.12,00:27:07.950,1.62412,1.62399,1,2.81
2014.09.12,00:27:08.609,1.62412,1.62399,1.17,2.06
2014.09.12,00:27:08.761,1.62412,1.62399,1.01,1.25
2014.09.12,00:27:09.268,1.62412,1.62399,1.09,1.25
2014.09.12,00:27:09.775,1.62412,1.62399,1.09,1.25
2014.09.12,00:27:20.164,1.62412,1.62398,1.1,1.01
2014.09.12,00:27:20.947,1.62412,1.62397,1.07,1.39
2014.09.12,00:27:21.352,1.62412,1.62397,1.75,1.31
2014.09.12,00:27:21.657,1.62408,1.62393,1.76,2.06
2014.09.12,00:27:22.576,1.62408,1.62393,1.76,1.31
2014.09.12,00:27:23.082,1.62407,1.62392,1.3,1.69
2014.09.12,00:27:23.654,1.62408,1.62392,3.19,1.69
2014.09.12,00:27:23.705,1.62405,1.62391,1,2.81
2014.09.12,00:27:23.756,1.62405,1.62391,1.75,2.81
2014.09.12,00:27:23.908,1.62402,1.62388,1.95,1.5
2014.09.12,00:27:24.061,1.62401,1.62387,1.85,1.19
2014.09.12,00:27:24.568,1.62401,1.62387,1.57,1.19
2014.09.12,00:27:25.095,1.62401,1.62386,1.76,2.06
2014.09.12,00:27:30.129,1.62401,1.62386,1.76,1.19
2014.09.12,00:27:38.193,1.62401,1.62386,1.39,1.19
2014.09.12,00:27:47.117,1.62401,1.62386,1,1.34
2014.09.12,00:27:47.625,1.62402,1.62386,1.01,1.76
2014.09.12,00:27:55.178,1.62402,1.62386,2.14,2.14
2014.09.12,00:27:56.133,1.62402,1.62386,1.29,1.76
2014.09.12,00:27:57.136,1.62402,1.62386,1.76,1.76
2014.09.12,00:27:59.140,1.62402,1.62386,1.29,1.76
2014.09.12,00:28:00.155,1.62402,1.62386,1.76,1.76
2014.09.12,00:28:01.990,1.62402,1.62387,1.69,1.32
2014.09.12,00:28:06.858,1.624,1.62391,1.25,1
2014.09.12,00:28:08.473,1.62403,1.62391,1.39,1
2014.09.12,00:28:17.218,1.62402,1.62391,1.31,1
2014.09.12,00:28:18.324,1.62403,1.62391,2.44,1
2014.09.12,00:28:23.308,1.62403,1.62391,2.89,1
2014.09.12,00:28:25.347,1.62403,1.62391,3.56,1
2014.09.12,00:28:32.389,1.62403,1.62391,2.96,1
2014.09.12,00:28:35.482,1.62401,1.62391,1,1
2014.09.12,00:28:35.989,1.62402,1.62391,1.39,1
2014.09.12,00:28:36.873,1.62403,1.62391,3.45,1
2014.09.12,00:28:37.380,1.62402,1.62392,1.1,1
2014.09.12,00:28:40.248,1.62403,1.62392,2.59,1
2014.09.12,00:28:41.719,1.62403,1.62392,1.2,1
2014.09.12,00:28:42.505,1.62403,1.62391,1.2,1.25
2014.09.12,00:28:43.869,1.62403,1.62391,1.39,1
2014.09.12,00:28:45.169,1.62402,1.62391,1.31,1
2014.09.12,00:28:49.352,1.62402,1.62389,1.31,1
2014.09.12,00:28:51.309,1.62402,1.62388,1.26,1
2014.09.12,00:28:52.171,1.62398,1.62388,1,1.07
2014.09.12,00:28:52.273,1.62398,1.62385,1,3.94
2014.09.12,00:28:52.784,1.62399,1.62385,1,3.94
2014.09.12,00:28:53.294,1.62399,1.62386,1.19,1.87
2014.09.12,00:28:55.228,1.62399,1.62387,1.25,1.17
2014.09.12,00:28:56.231,1.62399,1.62387,1.19,1.17
2014.09.12,00:28:58.792,1.62399,1.62387,1.19,1.1
2014.09.12,00:28:59.609,1.62399,1.62385,1.19,2.06
2014.09.12,00:29:01.028,1.62399,1.62387,1.25,1.17
2014.09.12,00:29:04.497,1.62399,1.62387,1,1.57
2014.09.12,00:29:05.322,1.62399,1.62387,1,1.07
2014.09.12,00:29:06.626,1.62399,1.62387,1,1.1
2014.09.12,00:29:07.314,1.62399,1.62387,1,1.17
2014.09.12,00:29:07.866,1.62399,1.62387,1,1.55
2014.09.12,00:29:09.294,1.62399,1.62386,1,1.57
2014.09.12,00:29:10.119,1.62399,1.62385,1,2.05
2014.09.12,00:29:10.374,1.62401,1.62386,1,1.27
2014.09.12,00:29:10.628,1.62402,1.62387,1.12,1.32
2014.09.12,00:29:11.332,1.62402,1.62386,1.2,2.14
2014.09.12,00:29:11.883,1.62402,1.62387,1.12,1.3
2014.09.12,00:29:12.428,1.62403,1.62387,2.7,1.3
2014.09.12,00:29:16.310,1.62403,1.62386,2.02,1.76
2014.09.12,00:29:16.830,1.62403,1.62386,1.87,2.44
2014.09.12,00:29:17.333,1.62402,1.62386,1.1,1.76
2014.09.12,00:29:17.941,1.62403,1.62387,2.7,1.3
2014.09.12,00:29:18.475,1.62403,1.62386,2.77,1.76
2014.09.12,00:29:19.138,1.62403,1.62386,1.87,3.19
2014.09.12,00:29:20.679,1.62402,1.62386,1,3.94
2014.09.12,00:29:21.756,1.62404,1.62386,2.96,3.94
2014.09.12,00:29:22.544,1.62404,1.62386,3.64,3.26
2014.09.12,00:29:23.446,1.62404,1.62387,2.21,1.3
2014.09.12,00:29:24.261,1.62404,1.62387,5.21,1.3
2014.09.12,00:29:28.054,1.62403,1.62386,1.01,3.64
2014.09.12,00:29:28.678,1.62403,1.62387,1.01,1.32
2014.09.12,00:29:29.111,1.62401,1.62386,1.37,2
2014.09.12,00:29:29.162,1.62402,1.62386,2.32,1.01
2014.09.12,00:29:29.669,1.62402,1.62386,2.32,1.76
2014.09.12,00:29:30.422,1.62403,1.62386,1.09,2.14
2014.09.12,00:29:30.989,1.62403,1.62386,1.09,2.14
2014.09.12,00:29:31.843,1.62403,1.62387,1.09,1.17
2014.09.12,00:29:32.612,1.62403,1.62387,1.76,1.2
2014.09.12,00:29:32.765,1.62404,1.62387,3.34,1.57
2014.09.12,00:29:33.277,1.62403,1.62387,1.66,1.76
2014.09.12,00:29:33.563,1.62403,1.62387,1.66,1.01
2014.09.12,00:29:34.071,1.62403,1.62387,1.56,1.09
2014.09.12,00:29:36.529,1.62404,1.62388,3.26,1.01
2014.09.12,00:29:39.166,1.62404,1.62388,2.51,1.09
2014.09.12,00:29:44.575,1.62404,1.62388,3.26,1.01
2014.09.12,00:29:46.415,1.62404,1.62388,2.59,1.62
2014.09.12,00:29:52.799,1.62403,1.62388,1.64,1.56
2014.09.12,00:29:54.480,1.62404,1.62388,3.34,1.56
2014.09.12,00:29:54.634,1.62405,1.62391,1.17,2.06
2014.09.12,00:29:54.888,1.62403,1.62391,1,3.34
2014.09.12,00:29:55.142,1.62407,1.62391,1.01,3.26
2014.09.12,00:29:55.193,1.62408,1.62391,1.76,2.89
2014.09.12,00:29:55.244,1.62408,1.62394,1.76,1
2014.09.12,00:29:56.168,1.62409,1.62394,2.51,1.25
2014.09.12,00:29:57.521,1.62409,1.62394,1.36,1.1
2014.09.12,00:29:58.028,1.62409,1.62394,1.19,1.17
2014.09.12,00:29:58.535,1.62409,1.62394,1.19,1.1
2014.09.12,00:29:59.062,1.62409,1.62394,1.19,1.29
2014.09.12,00:30:00.951,1.62409,1.62396,1.19,1
2014.09.12,00:30:01.872,1.62409,1.62396,1.25,1.1
2014.09.12,00:30:04.017,1.62409,1.62396,1,1.76
2014.09.12,00:30:06.022,1.62409,1.62397,1,1.76
2014.09.12,00:30:07.301,1.62409,1.62397,1,1
2014.09.12,00:30:09.467,1.62409,1.62395,1.25,1.26
2014.09.12,00:30:09.988,1.62409,1.62395,1.19,1.4
2014.09.12,00:30:10.819,1.62409,1.62395,1.29,1.01
2014.09.12,00:30:11.125,1.62413,1.62404,1,1
2014.09.12,00:30:11.176,1.62418,1.62406,1.2,1
2014.09.12,00:30:11.328,1.62418,1.62409,1,1.19
2014.09.12,00:30:11.379,1.62421,1.62409,1.12,1.19
2014.09.12,00:30:11.431,1.62421,1.62411,1.12,1.19
2014.09.12,00:30:11.937,1.62425,1.62411,3.07,1.19
2014.09.12,00:30:12.751,1.62424,1.62411,1.2,1.19
2014.09.12,00:30:13.117,1.62425,1.62411,2.4,1.19
2014.09.12,00:30:13.653,1.62425,1.6241,2.77,1.19
2014.09.12,00:30:14.862,1.62425,1.6241,2.77,1.19
2014.09.12,00:30:15.046,1.62425,1.62412,2.77,1.19
2014.09.12,00:30:16.745,1.62424,1.6241,1.57,1.19
2014.09.12,00:30:19.152,1.62422,1.62408,1.19,2.77
2014.09.12,00:30:20.265,1.6242,1.62408,1.19,1.65
2014.09.12,00:30:21.065,1.6242,1.62408,1.19,2.02
2014.09.12,00:30:21.576,1.6242,1.62408,1.19,1.12
2014.09.12,00:30:22.085,1.6242,1.62408,1.19,1.2
2014.09.12,00:30:22.728,1.62422,1.62408,1.19,1.27
2014.09.12,00:30:23.259,1.62421,1.62408,1.19,1.12
2014.09.12,00:30:23.735,1.62421,1.6241,1.19,1
2014.09.12,00:30:24.278,1.62422,1.6241,1.19,1
2014.09.12,00:30:25.249,1.62422,1.6241,1.29,1
2014.09.12,00:30:26.260,1.62421,1.6241,1.19,1
2014.09.12,00:30:29.264,1.62423,1.6241,1.19,1.12
2014.09.12,00:30:30.244,1.62422,1.6241,1.19,1.12
2014.09.12,00:30:30.751,1.62422,1.62409,1.19,1.12
2014.09.12,00:30:31.410,1.62422,1.62409,1.19,1.37
2014.09.12,00:30:34.050,1.62425,1.6241,3.71,1.87
2014.09.12,00:30:35.273,1.62425,1.6241,2.21,1.12
2014.09.12,00:30:36.187,1.62424,1.6241,1.76,1.12
2014.09.12,00:30:44.344,1.62425,1.6241,2.21,1.12
2014.09.12,00:30:44.976,1.62425,1.6241,2.96,1.31
2014.09.12,00:30:48.351,1.62425,1.62412,1.76,1.5
2014.09.12,00:30:48.909,1.62425,1.62411,2.51,1.5
2014.09.12,00:30:49.842,1.62424,1.62411,2.51,1.5
2014.09.12,00:30:51.274,1.62424,1.62411,1.26,1
2014.09.12,00:30:51.679,1.62427,1.62413,2.51,1
2014.09.12,00:30:52.339,1.62425,1.62413,1.07,1
2014.09.12,00:30:52.643,1.62428,1.62417,1.01,1
2014.09.12,00:30:52.897,1.62428,1.62413,1.01,1
2014.09.12,00:30:55.588,1.62429,1.62414,2.51,1
2014.09.12,00:30:56.256,1.62429,1.62416,2.51,1
2014.09.12,00:30:56.776,1.62429,1.62417,1.84,1
2014.09.12,00:30:56.928,1.62429,1.62415,1.84,1.5
2014.09.12,00:30:57.523,1.62428,1.62414,1.26,1
2014.09.12,00:30:59.496,1.62429,1.62413,3.19,1.25
2014.09.12,00:31:00.364,1.62429,1.62413,1.84,1.69
2014.09.12,00:31:01.784,1.62428,1.62413,1.3,1.69
2014.09.12,00:31:02.325,1.62429,1.62413,3.26,1.76
2014.09.12,00:31:04.795,1.62428,1.62413,1.26,1.19
2014.09.12,00:31:06.504,1.62427,1.62413,1.32,1.19
2014.09.12,00:31:07.343,1.62428,1.62412,2.44,1.69
2014.09.12,00:31:07.869,1.62427,1.62412,1.69,1.69
2014.09.12,00:31:08.174,1.62428,1.62416,1.36,1
2014.09.12,00:31:08.861,1.62429,1.62416,1.76,1
2014.09.12,00:31:12.369,1.62429,1.62416,1.4,1
2014.09.12,00:31:15.941,1.6243,1.62416,2.04,1
2014.09.12,00:31:16.458,1.6243,1.62416,1.69,1
2014.09.12,00:31:17.285,1.62429,1.62416,1.32,1
2014.09.12,00:31:17.841,1.6243,1.62416,1.01,1
2014.09.12,00:31:19.283,1.62431,1.62416,2.51,1
2014.09.12,00:31:21.090,1.6243,1.62416,1.01,1.25
2014.09.12,00:31:24.822,1.62431,1.62424,1.5,1.5
2014.09.12,00:31:24.976,1.62436,1.62427,1,1
2014.09.12,00:31:25.078,1.62435,1.62427,2.25,1
2014.09.12,00:31:25.129,1.62429,1.62419,1,3.56
2014.09.12,00:31:25.181,1.62429,1.62419,1.87,1.25
2014.09.12,00:31:25.232,1.62428,1.62417,1.5,3.07
2014.09.12,00:31:25.335,1.62427,1.62414,1.3,1.25
2014.09.12,00:31:25.538,1.62427,1.62412,1.97,1.25
2014.09.12,00:31:25.691,1.62424,1.62411,1.76,1
2014.09.12,00:31:25.792,1.62424,1.62409,2.44,1.5
2014.09.12,00:31:26.198,1.62421,1.62409,1.07,1
2014.09.12,00:31:26.401,1.6242,1.62406,1.32,2.25
2014.09.12,00:31:26.604,1.6242,1.62405,2.44,2.06
2014.09.12,00:31:27.224,1.6242,1.62405,1.76,1.31
2014.09.12,00:31:30.326,1.6242,1.62405,1.76,1.19
2014.09.12,00:31:30.869,1.6242,1.62405,1.39,1.19
2014.09.12,00:31:36.550,1.6242,1.62405,1.26,1.01
2014.09.12,00:31:38.228,1.6242,1.62403,1.57,2.89
2014.09.12,00:31:38.755,1.6242,1.62403,1.07,3.64
2014.09.12,00:31:39.263,1.6242,1.62406,1.07,1
2014.09.12,00:31:41.562,1.6242,1.62406,1.4,1.19
2014.09.12,00:31:41.917,1.6242,1.62406,2.44,1.19
2014.09.12,00:31:42.554,1.6242,1.62406,1.76,1.25
2014.09.12,00:31:43.631,1.6242,1.62406,2.44,1
2014.09.12,00:31:44.063,1.6242,1.62406,1.84,1
2014.09.12,00:31:45.618,1.6242,1.62406,1.76,1.25
2014.09.12,00:31:57.394,1.62419,1.62406,1.07,1
2014.09.12,00:31:57.599,1.6242,1.62406,1.15,1
2014.09.12,00:31:58.163,1.62419,1.62403,1.07,2.51
2014.09.12,00:31:58.744,1.62419,1.62403,1.5,2.44
2014.09.12,00:31:59.276,1.6242,1.62403,1.76,2.51
2014.09.12,00:32:00.297,1.6242,1.62403,2.51,3.34
2014.09.12,00:32:02.472,1.6242,1.62403,1.34,2.59
2014.09.12,00:32:03.181,1.6242,1.62404,2.59,1
2014.09.12,00:32:03.705,1.6242,1.62404,1.4,1.19
2014.09.12,00:32:04.588,1.6242,1.62404,1.4,1.25
2014.09.12,00:32:05.091,1.6242,1.62404,1.09,1.09
2014.09.12,00:32:05.919,1.6242,1.62404,1.39,1.39
2014.09.12,00:32:07.589,1.6242,1.62404,1.19,1.84
2014.09.12,00:32:12.140,1.6242,1.62405,1,1.57
2014.09.12,00:32:12.624,1.6242,1.62405,1.69,1.57
2014.09.12,00:32:13.596,1.6242,1.62405,1.69,1.01
2014.09.12,00:32:14.700,1.6242,1.62405,2.44,1.01
2014.09.12,00:32:16.137,1.6242,1.62405,1.84,1.29
2014.09.12,00:32:20.565,1.6242,1.62405,1.29,3.19
2014.09.12,00:32:21.488,1.6242,1.62406,1.19,1.32
2014.09.12,00:32:21.589,1.6242,1.62405,1.36,1.29
2014.09.12,00:32:22.112,1.6242,1.62405,1.25,1.1
2014.09.12,00:32:22.635,1.6242,1.62405,1.69,1.1
2014.09.12,00:32:23.619,1.6242,1.62405,1.36,1.1
2014.09.12,00:32:24.622,1.6242,1.62405,1.84,1.01
2014.09.12,00:32:25.984,1.6242,1.62405,2.59,1.32
2014.09.12,00:32:27.129,1.62421,1.62404,1.84,1.3
2014.09.12,00:32:30.091,1.62421,1.62405,1.76,2.32
2014.09.12,00:32:30.142,1.62422,1.62409,1.5,1.1
2014.09.12,00:32:30.193,1.62422,1.62411,1.5,1.47
2014.09.12,00:32:30.396,1.62429,1.62413,1.84,1.5
2014.09.12,00:32:30.447,1.62429,1.62417,1.27,1.25
2014.09.12,00:32:30.549,1.62433,1.62418,1.69,1.36
2014.09.12,00:32:31.057,1.62434,1.6242,1.39,1.25
2014.09.12,00:32:31.209,1.62435,1.6242,1,2.14
2014.09.12,00:32:31.515,1.62435,1.62421,4.39,1
2014.09.12,00:32:32.025,1.62434,1.62421,1.01,1
2014.09.12,00:32:32.797,1.62435,1.62421,2.89,1
2014.09.12,00:32:32.848,1.62436,1.62422,1.4,1
2014.09.12,00:32:32.899,1.62435,1.62422,1.2,1
2014.09.12,00:32:33.407,1.62436,1.62423,2.44,1
2014.09.12,00:32:33.712,1.62437,1.62423,1.39,1
2014.09.12,00:32:34.219,1.62438,1.62422,2.89,2.32
2014.09.12,00:32:34.727,1.62438,1.62422,2.51,2.51
2014.09.12,00:32:37.431,1.62438,1.62422,1.39,2.32
2014.09.12,00:32:37.482,1.62438,1.62423,1.39,1.19
2014.09.12,00:32:37.635,1.62438,1.62423,1.39,1.19
2014.09.12,00:32:38.471,1.62438,1.62422,1.46,3.34
2014.09.12,00:32:38.572,1.62438,1.62422,1.76,2.59
2014.09.12,00:32:38.624,1.62437,1.62422,1.01,2.51
2014.09.12,00:32:38.928,1.62435,1.62422,1,1.69
2014.09.12,00:32:40.192,1.62435,1.62422,1.76,1
2014.09.12,00:32:40.800,1.62435,1.62422,1,1.25
2014.09.12,00:32:41.770,1.62435,1.62421,1,2.59
2014.09.12,00:32:42.337,1.62435,1.62424,1,1
2014.09.12,00:32:42.844,1.62438,1.62424,1.76,1.25
2014.09.12,00:32:43.815,1.62439,1.62424,1.46,1.25
2014.09.12,00:32:44.781,1.62439,1.62424,1.46,1.19
2014.09.12,00:32:44.882,1.62438,1.62424,1.3,1.19
2014.09.12,00:32:45.085,1.62439,1.62424,1.46,1.19
2014.09.12,00:32:47.403,1.62439,1.62424,3.19,1.19
2014.09.12,00:32:47.912,1.62438,1.62424,1.84,1.25
2014.09.12,00:32:48.431,1.62438,1.62422,3.19,1.19
2014.09.12,00:32:50.800,1.62438,1.62422,2.59,1.19
2014.09.12,00:32:51.972,1.62437,1.62422,1.32,1.19
2014.09.12,00:32:52.602,1.62438,1.62422,3.26,1.29
2014.09.12,00:33:00.707,1.62438,1.62422,1.57,3.26
2014.09.12,00:33:01.213,1.62438,1.62422,1.65,2.59
2014.09.12,00:33:01.731,1.62439,1.62423,1.76,1.76
2014.09.12,00:33:02.237,1.62438,1.62423,1.32,1.69
2014.09.12,00:33:02.680,1.62439,1.62423,1.84,1.69
2014.09.12,00:33:04.206,1.62438,1.62423,1.22,1.69
2014.09.12,00:33:04.730,1.62439,1.62423,2.51,1.76
2014.09.12,00:33:06.866,1.62437,1.62427,1.57,1.5
2014.09.12,00:33:09.343,1.62436,1.62427,1,1.5
2014.09.12,00:33:09.852,1.62436,1.62426,1,1.5
2014.09.12,00:33:15.370,1.62436,1.62426,1.47,1.5
2014.09.12,00:33:17.792,1.62436,1.62425,1.47,1
2014.09.12,00:33:18.298,1.62434,1.62426,1.1,1
2014.09.12,00:33:19.006,1.62434,1.62426,1.47,1
2014.09.12,00:33:27.571,1.62434,1.62426,1.47,1
2014.09.12,00:33:27.773,1.62434,1.62424,1.47,1
2014.09.12,00:33:27.976,1.62434,1.62426,1.37,1
2014.09.12,00:33:29.750,1.62436,1.62425,2.81,1.5
2014.09.12,00:33:31.476,1.62436,1.62425,2.51,1.5
2014.09.12,00:33:34.024,1.62436,1.62426,2.51,1
2014.09.12,00:33:34.584,1.62436,1.62428,1,1
2014.09.12,00:33:35.091,1.62436,1.62427,1,1
2014.09.12,00:33:35.806,1.62437,1.62427,1,1
2014.09.12,00:33:45.044,1.62435,1.62427,1,1
2014.09.12,00:33:45.246,1.62437,1.62426,1,1.25
2014.09.12,00:33:45.760,1.62438,1.62426,1.5,1.69
2014.09.12,00:33:51.394,1.62437,1.62426,1,1.69
2014.09.12,00:33:54.138,1.62437,1.62428,1,1
2014.09.12,00:33:57.321,1.62437,1.62427,1,1.5
2014.09.12,00:33:57.984,1.62437,1.62429,1,1
2014.09.12,00:33:58.899,1.62439,1.62428,1.69,1.5
2014.09.12,00:33:59.102,1.62439,1.6243,1.25,1
2014.09.12,00:33:59.647,1.62441,1.6243,1.36,1
2014.09.12,00:34:00.842,1.6244,1.6243,1.17,1
2014.09.12,00:34:02.368,1.6244,1.6243,1,1
2014.09.12,00:34:03.387,1.62439,1.62429,1.1,1.5
2014.09.12,00:34:03.852,1.62439,1.6243,1.57,1
2014.09.12,00:34:04.361,1.62439,1.6243,1.1,1
2014.09.12,00:34:05.920,1.62441,1.62431,1.76,1
2014.09.12,00:34:07.339,1.62441,1.6243,1.39,1
2014.09.12,00:34:07.918,1.62441,1.62429,1.39,1
2014.09.12,00:34:08.494,1.62442,1.62429,2.81,1
2014.09.12,00:34:11.441,1.62442,1.62429,1.34,1
2014.09.12,00:34:13.899,1.62442,1.62429,1.09,1
2014.09.12,00:34:14.051,1.62441,1.62432,1,1
2014.09.12,00:34:14.727,1.62442,1.62432,1.01,1
2014.09.12,00:34:14.980,1.62442,1.6243,1.01,1
2014.09.12,00:34:21.313,1.62442,1.6243,1.09,1
2014.09.12,00:34:21.899,1.62442,1.6243,1.01,1
2014.09.12,00:34:28.099,1.62442,1.6243,1.17,1
2014.09.12,00:34:28.505,1.62441,1.62429,2.32,1.5
2014.09.12,00:34:29.040,1.62441,1.62429,1.65,1.5
2014.09.12,00:34:33.242,1.62441,1.62429,1.84,1.5
2014.09.12,00:34:39.571,1.62441,1.6243,1.65,1
2014.09.12,00:34:41.750,1.62441,1.6243,1.07,1
2014.09.12,00:34:42.740,1.62441,1.6243,1.1,1
2014.09.12,00:34:43.258,1.62441,1.6243,1.17,1
2014.09.12,00:34:44.203,1.62441,1.62429,1.09,1
2014.09.12,00:34:44.948,1.62438,1.62429,1,1
2014.09.12,00:34:45.847,1.6244,1.62428,1.57,1
2014.09.12,00:34:46.721,1.6244,1.62429,1.1,1
2014.09.12,00:34:47.734,1.62441,1.62429,1.2,1
2014.09.12,00:34:48.251,1.6244,1.62428,1,1
2014.09.12,00:34:49.279,1.62441,1.62429,1.17,1
2014.09.12,00:34:50.126,1.62441,1.62429,1.57,1
2014.09.12,00:34:51.863,1.62441,1.62429,1.17,1
2014.09.12,00:34:52.577,1.62441,1.62432,1.07,1
2014.09.12,00:34:52.780,1.62442,1.62432,1.57,1
2014.09.12,00:34:52.882,1.62442,1.62429,1.1,1
2014.09.12,00:34:52.983,1.6244,1.62429,1,1
2014.09.12,00:35:04.241,1.62441,1.62427,1.57,1.69
2014.09.12,00:35:04.984,1.62441,1.62427,1.76,1.69
2014.09.12,00:35:05.500,1.62441,1.62427,2.51,1.69
2014.09.12,00:35:06.935,1.62441,1.62427,1.84,1.69
2014.09.12,00:35:07.609,1.62441,1.62427,1.84,1.69
2014.09.12,00:35:11.163,1.6244,1.6243,1.09,1
2014.09.12,00:35:11.267,1.62441,1.62428,1.84,1.5
2014.09.12,00:35:11.859,1.6244,1.62428,1.32,1.5
2014.09.12,00:35:13.098,1.62441,1.62428,2.51,1.5
2014.09.12,00:35:15.441,1.62441,1.62428,1.84,1.5
2014.09.12,00:35:15.995,1.62441,1.62428,1.76,1.5
2014.09.12,00:35:17.410,1.62441,1.62428,1.76,1.5
2014.09.12,00:35:22.094,1.6244,1.62428,1,1.76
2014.09.12,00:35:22.399,1.62438,1.6243,4.5,1
2014.09.12,00:35:22.501,1.62438,1.62427,4.5,2.51
2014.09.12,00:35:23.260,1.62437,1.62426,1.75,1.25
2014.09.12,00:35:24.615,1.62438,1.62424,7.12,2.44
2014.09.12,00:35:29.638,1.62435,1.62426,1.12,1.25
2014.09.12,00:35:30.310,1.62435,1.62425,1.12,1.25
2014.09.12,00:35:32.436,1.62435,1.62425,1,1.69
2014.09.12,00:35:32.538,1.62437,1.62425,1.12,1.69
2014.09.12,00:35:33.276,1.62437,1.62427,1,1
2014.09.12,00:35:33.580,1.62439,1.62427,1.5,1.69
2014.09.12,00:35:36.661,1.6244,1.62427,1.87,1.69
2014.09.12,00:35:38.627,1.62439,1.62429,1,1
2014.09.12,00:35:41.301,1.62439,1.62428,1,1.25
2014.09.12,00:35:41.939,1.62439,1.62428,1,1.69
2014.09.12,00:35:42.461,1.62439,1.62428,1,1.25
2014.09.12,00:35:42.817,1.62439,1.62432,1,1
2014.09.12,00:35:43.324,1.62442,1.6243,6.07,1.19
2014.09.12,00:35:43.578,1.62442,1.6243,1.5,1.19
2014.09.12,00:35:43.781,1.62442,1.62432,1.5,1.19
2014.09.12,00:35:44.085,1.62443,1.62434,1.12,1.19
2014.09.12,00:35:45.121,1.62445,1.62434,1.5,1.19
2014.09.12,00:35:46.585,1.62445,1.62433,2.25,1.69
2014.09.12,00:35:47.091,1.62444,1.62433,1,1.25
2014.09.12,00:35:56.412,1.62444,1.62433,1,1.69
2014.09.12,00:35:58.415,1.62444,1.62433,1,1.69
2014.09.12,00:35:58.567,1.62442,1.62433,1,1.25
2014.09.12,00:35:59.422,1.62442,1.62433,1,1.19
2014.09.12,00:36:00.540,1.62443,1.62433,1,1.19
2014.09.12,00:36:01.084,1.62444,1.62433,1.5,1.19
2014.09.12,00:36:02.431,1.62444,1.62434,1.5,1.19
2014.09.12,00:36:02.636,1.62444,1.62431,2.25,2.51
2014.09.12,00:36:04.677,1.62444,1.62433,2.25,1.25
2014.09.12,00:36:05.626,1.62444,1.62431,2.25,2.59
2014.09.12,00:36:06.163,1.62444,1.62431,2.4,2.44
2014.09.12,00:36:06.818,1.62444,1.62431,2.4,2.44
2014.09.12,00:36:09.808,1.62444,1.62432,2.25,1.69
2014.09.12,00:36:10.112,1.62445,1.62435,1,1.76
2014.09.12,00:36:10.721,1.62445,1.62437,1,2.25
2014.09.12,00:36:11.239,1.62446,1.62437,1,1.65
2014.09.12,00:36:17.816,1.62446,1.62438,1,1.22
2014.09.12,00:36:17.918,1.62446,1.62437,1,1.34
2014.09.12,00:36:19.684,1.62446,1.62436,1,1.69
2014.09.12,00:36:20.698,1.62446,1.62436,1,1.25
2014.09.12,00:36:22.678,1.62446,1.62436,1,1.69
2014.09.12,00:36:24.708,1.62446,1.62436,1,1.25
2014.09.12,00:36:26.681,1.62446,1.62436,1,1.19
2014.09.12,00:36:30.695,1.62446,1.62437,1,1.19
2014.09.12,00:36:35.098,1.62446,1.62436,1,1.69
2014.09.12,00:36:37.724,1.62446,1.62436,1,1
2014.09.12,00:36:38.028,1.62444,1.62435,1,1.25
2014.09.12,00:36:38.567,1.62445,1.62435,1,1.25
2014.09.12,00:36:38.871,1.62445,1.62435,1,3.26
2014.09.12,00:36:39.279,1.62447,1.62436,1.5,1.84
2014.09.12,00:36:43.467,1.62448,1.62437,1,1.1
2014.09.12,00:36:43.822,1.62449,1.62438,1.5,1.76
2014.09.12,00:36:44.126,1.6245,1.62441,1,1
2014.09.12,00:36:44.228,1.62451,1.62439,1,1
2014.09.12,00:36:44.815,1.62451,1.6244,1,1
2014.09.12,00:36:45.327,1.62451,1.62441,1,1
2014.09.12,00:36:45.987,1.62452,1.62442,1.5,1.5
2014.09.12,00:36:46.495,1.62451,1.62442,1,1
2014.09.12,00:36:46.546,1.62449,1.62441,1,1
2014.09.12,00:36:56.840,1.62449,1.6244,1.1,1
2014.09.12,00:37:05.532,1.62449,1.62439,1.1,1.5
2014.09.12,00:37:05.837,1.62447,1.62439,1,1
2014.09.12,00:37:06.313,1.62447,1.62437,1.2,1.5
2014.09.12,00:37:06.415,1.62446,1.62435,2.14,1
2014.09.12,00:37:06.466,1.62446,1.62432,2.89,2.62
2014.09.12,00:37:07.199,1.62446,1.62432,3.26,2.25
2014.09.12,00:37:09.359,1.62446,1.62432,2.21,2.44
2014.09.12,00:37:10.057,1.62446,1.62432,2.51,2.44
2014.09.12,00:37:10.651,1.62446,1.62432,2.51,2.44
2014.09.12,00:37:11.405,1.62446,1.62432,2.51,2.44
2014.09.12,00:37:28.893,1.62445,1.62435,1.09,1
2014.09.12,00:37:29.425,1.62445,1.62435,1.76,1
2014.09.12,00:37:30.335,1.62445,1.62435,1.07,1
2014.09.12,00:37:38.256,1.62445,1.62435,1.76,1
2014.09.12,00:37:38.358,1.62445,1.62433,1.3,1.5
2014.09.12,00:37:41.030,1.62444,1.62433,1.39,1.5
2014.09.12,00:37:41.537,1.62442,1.62432,1.29,1
2014.09.12,00:37:48.096,1.62439,1.62432,1.19,1
2014.09.12,00:37:48.349,1.62439,1.6243,1.19,1.5
2014.09.12,00:37:49.021,1.6244,1.62432,1.01,1
2014.09.12,00:37:49.327,1.62439,1.62432,1.19,1.5
2014.09.12,00:37:49.480,1.62441,1.62432,1.76,1
2014.09.12,00:37:50.192,1.62441,1.62434,1.32,1
2014.09.12,00:37:51.490,1.62441,1.62434,1.01,1
2014.09.12,00:37:53.500,1.62441,1.62434,1.19,1
2014.09.12,00:37:54.513,1.62441,1.62434,1.25,1
2014.09.12,00:37:57.201,1.6244,1.62434,1.19,1
2014.09.12,00:37:57.508,1.62442,1.62434,1.25,1
2014.09.12,00:37:58.021,1.62442,1.62434,1.4,1
2014.09.12,00:37:58.072,1.62441,1.62434,1.07,1
2014.09.12,00:37:59.439,1.62441,1.62433,1.07,1
2014.09.12,00:37:59.794,1.62441,1.62431,1.76,1
2014.09.12,00:38:00.456,1.62441,1.62432,1.76,1
2014.09.12,00:38:05.944,1.62441,1.62432,1.36,1
2014.09.12,00:38:06.147,1.62441,1.62434,1.19,1
2014.09.12,00:38:07.322,1.62439,1.62434,1.25,1
2014.09.12,00:38:07.678,1.62441,1.62432,1.19,2.25
2014.09.12,00:38:08.844,1.62441,1.62432,1.69,1.5
2014.09.12,00:38:09.351,1.6244,1.62432,1.01,1
2014.09.12,00:38:09.453,1.6244,1.62431,1.69,1
