Time,Ask,Bid,AskVolume,BidVolume,
2014.09.12,00:00:00.197,0.93617,0.93605,1.25,1.17
2014.09.12,00:00:00.771,0.93617,0.93605,1.31,1.52
2014.09.12,00:00:01.075,0.93618,0.93608,1.29,1
2014.09.12,00:00:01.780,0.93618,0.93608,1.01,1
2014.09.12,00:00:11.564,0.93618,0.93608,1.76,1
2014.09.12,00:00:12.566,0.93618,0.93608,1.25,1
2014.09.12,00:00:14.596,0.93617,0.93608,1,1
2014.09.12,00:00:16.248,0.93618,0.93608,1,1
2014.09.12,00:00:21.164,0.93618,0.93608,1,1.17
2014.09.12,00:00:21.722,0.93618,0.93608,1,1.1
2014.09.12,00:00:22.230,0.93617,0.93608,1.01,1
2014.09.12,00:00:22.281,0.93617,0.93606,1.39,1
2014.09.12,00:00:22.535,0.93615,0.93606,1,1
2014.09.12,00:00:22.850,0.93612,0.93604,1,1
2014.09.12,00:00:23.003,0.93612,0.93601,1.1,1.5
2014.09.12,00:00:23.424,0.9361,0.93601,1,1.1
2014.09.12,00:00:23.932,0.93613,0.93601,2.59,1
2014.09.12,00:00:24.712,0.93611,0.93601,1.12,1
2014.09.12,00:00:25.272,0.93609,0.93601,1,1
2014.09.12,00:00:25.904,0.9361,0.93601,1.25,1
2014.09.12,00:00:28.371,0.93612,0.93601,2.14,1
2014.09.12,00:00:28.877,0.9361,0.93601,1,1
2014.09.12,00:00:30.133,0.9361,0.93601,1.69,1
2014.09.12,00:00:33.500,0.93611,0.93601,2.06,1.1
2014.09.12,00:00:34.006,0.93609,0.93601,1,1.1
2014.09.12,00:00:34.828,0.9361,0.93601,1.31,1
2014.09.12,00:00:35.362,0.9361,0.93601,1.69,1
2014.09.12,00:00:36.379,0.93611,0.93601,1.25,1
2014.09.12,00:00:36.687,0.93608,0.93601,1,1
2014.09.12,00:00:37.474,0.93609,0.93601,1.12,1
2014.09.12,00:00:39.349,0.93608,0.93601,1,1
2014.09.12,00:00:41.226,0.93608,0.936,1,1.1
2014.09.12,00:00:41.379,0.93608,0.93598,1,1.1
2014.09.12,00:00:41.634,0.93606,0.93596,1,2.21
2014.09.12,00:00:42.091,0.93608,0.93596,1.25,2.02
2014.09.12,00:00:42.193,0.93609,0.93596,2.06,2.02
2014.09.12,00:00:42.700,0.93609,0.93596,2.06,2.02
2014.09.12,00:00:43.214,0.93609,0.93596,2.81,2.02
2014.09.12,00:00:43.726,0.93609,0.93596,2.81,2.02
2014.09.12,00:00:44.344,0.93609,0.93596,2.06,2.21
2014.09.12,00:00:44.860,0.93608,0.93596,1,2.21
2014.09.12,00:00:47.151,0.93607,0.93596,1.37,1.65
2014.09.12,00:00:47.355,0.93606,0.93595,1.62,1.57
2014.09.12,00:00:47.609,0.93603,0.93593,1,2.32
2014.09.12,00:00:48.116,0.93602,0.93593,1,1
2014.09.12,00:00:48.689,0.93603,0.93593,1.1,1
2014.09.12,00:00:48.993,0.93602,0.93593,1.39,1
2014.09.12,00:00:49.501,0.93603,0.93593,1.66,1
2014.09.12,00:00:50.921,0.93604,0.93593,1.56,1.1
2014.09.12,00:00:52.097,0.93604,0.93593,1.74,1
2014.09.12,00:00:52.875,0.93604,0.93593,1.66,1
2014.09.12,00:00:54.221,0.93605,0.93593,2.06,1.27
2014.09.12,00:00:54.740,0.93605,0.93593,2.06,1.17
2014.09.12,00:00:55.274,0.93605,0.93593,2.06,1.15
2014.09.12,00:00:55.796,0.93605,0.93594,2.06,1.1
2014.09.12,00:00:56.304,0.93605,0.93594,1.31,1.1
2014.09.12,00:00:56.425,0.93605,0.93594,1.62,1.1
2014.09.12,00:00:56.527,0.93605,0.93594,1.31,1.17
2014.09.12,00:00:57.269,0.93605,0.93594,1.31,1.1
2014.09.12,00:00:57.772,0.93605,0.93594,1.62,1.1
2014.09.12,00:01:05.026,0.93605,0.93594,2.06,1.07
2014.09.12,00:01:05.586,0.93606,0.93594,2.81,1.17
2014.09.12,00:01:06.539,0.93606,0.93594,2.89,1.1
2014.09.12,00:01:07.053,0.93606,0.93594,3.56,1.17
2014.09.12,00:01:07.560,0.93606,0.93594,2.81,1.15
2014.09.12,00:01:07.763,0.93606,0.93594,2.81,1.07
2014.09.12,00:01:07.907,0.93606,0.93594,2.81,1.17
2014.09.12,00:01:08.341,0.93606,0.93594,2.89,1.1
2014.09.12,00:01:09.366,0.93606,0.93594,3.56,1.17
2014.09.12,00:01:09.914,0.93606,0.93594,3.64,1.1
2014.09.12,00:01:10.422,0.93606,0.93594,3.56,1.17
2014.09.12,00:01:10.929,0.93606,0.93594,2.81,1.17
2014.09.12,00:01:11.476,0.93606,0.93594,2.89,1.1
2014.09.12,00:01:11.987,0.93606,0.93594,2.81,1.17
2014.09.12,00:01:12.818,0.93606,0.93594,2.81,1.17
2014.09.12,00:01:13.478,0.93606,0.93594,2.81,1.17
2014.09.12,00:01:13.985,0.93606,0.93594,2.81,1.2
2014.09.12,00:01:15.677,0.93606,0.93594,2.81,1.15
2014.09.12,00:01:16.185,0.93606,0.93594,2.81,1.15
2014.09.12,00:01:16.880,0.93606,0.93594,2.81,1.17
2014.09.12,00:01:17.910,0.93606,0.93594,2.81,1.17
2014.09.12,00:01:18.722,0.93606,0.93594,3.56,1.17
2014.09.12,00:01:18.926,0.93606,0.93594,3.64,1.1
2014.09.12,00:01:19.434,0.93606,0.93594,2.81,1.17
2014.09.12,00:01:19.689,0.93606,0.93594,2.81,1.27
2014.09.12,00:01:21.464,0.93606,0.93594,3.56,1.27
2014.09.12,00:01:22.091,0.93606,0.93594,3.56,1.27
2014.09.12,00:01:22.896,0.93606,0.93594,2.51,1.2
2014.09.12,00:01:23.412,0.93606,0.93594,2.44,1.27
2014.09.12,00:01:24.489,0.93606,0.93594,2.44,1.27
2014.09.12,00:01:25.022,0.93606,0.93594,2.44,1.27
2014.09.12,00:01:25.545,0.93606,0.93594,2.44,1.52
2014.09.12,00:01:26.507,0.93606,0.93593,1.69,3.71
2014.09.12,00:01:28.700,0.93606,0.93593,1.69,3.52
2014.09.12,00:01:29.263,0.93606,0.93593,1.69,3.52
2014.09.12,00:01:31.106,0.93606,0.93593,2.44,3.52
2014.09.12,00:01:32.949,0.93606,0.93593,2.44,3.52
2014.09.12,00:01:33.456,0.93606,0.93594,1,1.65
2014.09.12,00:01:34.563,0.93606,0.93594,1,2.02
2014.09.12,00:01:35.427,0.93606,0.93594,1.25,2.02
2014.09.12,00:01:36.935,0.93606,0.93594,1.25,2.02
2014.09.12,00:02:08.690,0.93607,0.93594,1,2.02
2014.09.12,00:02:10.545,0.93607,0.93594,1.69,2.02
2014.09.12,00:02:13.192,0.93607,0.93594,1.69,2.02
2014.09.12,00:02:13.851,0.93607,0.93594,1.69,2.02
2014.09.12,00:02:15.104,0.93607,0.93594,1.25,2.21
2014.09.12,00:02:15.712,0.93607,0.93594,1.25,2.21
2014.09.12,00:02:16.407,0.93607,0.93594,1.25,2.21
2014.09.12,00:02:16.928,0.93607,0.93594,1.25,2.21
2014.09.12,00:02:17.483,0.93607,0.93594,1.25,2.21
2014.09.12,00:02:19.639,0.93607,0.93594,1.69,2.02
2014.09.12,00:02:21.502,0.93607,0.93594,1.69,2.02
2014.09.12,00:02:22.009,0.93607,0.93594,1.25,2.21
2014.09.12,00:02:22.518,0.93607,0.93594,1.25,2.21
2014.09.12,00:02:22.825,0.93607,0.93594,1.25,2.21
2014.09.12,00:02:23.344,0.93607,0.93595,1,1.84
2014.09.12,00:02:23.651,0.9361,0.93599,1,1.95
2014.09.12,00:02:23.956,0.93611,0.93602,1,1.07
2014.09.12,00:02:24.007,0.93613,0.93602,1,1.65
2014.09.12,00:02:24.059,0.93616,0.93604,1.69,1.15
2014.09.12,00:02:24.575,0.93615,0.93604,1,1.65
2014.09.12,00:02:25.740,0.93615,0.93604,1,2.02
2014.09.12,00:02:30.967,0.93615,0.93604,1,1.95
2014.09.12,00:02:34.205,0.93615,0.93604,1,2.02
2014.09.12,00:02:35.786,0.93615,0.93604,1.5,1.95
2014.09.12,00:02:41.742,0.93615,0.93604,1.69,1.95
2014.09.12,00:02:49.763,0.93615,0.93604,1.25,1.95
2014.09.12,00:02:50.270,0.93615,0.93604,1.25,1.95
2014.09.12,00:02:55.673,0.93615,0.93604,1.31,1.57
2014.09.12,00:02:57.711,0.93615,0.93604,1.25,1.47
2014.09.12,00:02:58.228,0.93615,0.93604,1.25,1.47
2014.09.12,00:03:00.450,0.93615,0.93604,1.12,1.2
2014.09.12,00:03:02.245,0.93614,0.93604,1,1.12
2014.09.12,00:03:03.029,0.93614,0.93603,1.95,1
2014.09.12,00:03:03.547,0.93614,0.93601,1.95,2.21
2014.09.12,00:03:04.075,0.93614,0.93601,2.21,1.2
2014.09.12,00:03:05.765,0.93614,0.93601,2.96,1
2014.09.12,00:03:11.119,0.93613,0.93601,1.19,1.07
2014.09.12,00:03:11.423,0.93614,0.93601,2.44,1.17
2014.09.12,00:03:11.677,0.93614,0.93601,2.44,1.15
2014.09.12,00:03:13.492,0.93614,0.93601,2.06,1.77
2014.09.12,00:03:14.632,0.93614,0.93601,2.81,1.52
2014.09.12,00:03:19.035,0.93614,0.93601,2.44,2.02
2014.09.12,00:03:19.846,0.93614,0.93601,1.69,2.21
2014.09.12,00:03:20.918,0.93614,0.93601,1.76,2.21
2014.09.12,00:03:24.415,0.93614,0.93601,2.89,1.65
2014.09.12,00:03:27.448,0.93614,0.93601,2.81,2.02
2014.09.12,00:03:27.854,0.93614,0.93602,2.44,1.27
2014.09.12,00:03:28.057,0.93614,0.93602,2.44,1.27
2014.09.12,00:03:28.564,0.93614,0.93603,1.69,1.1
2014.09.12,00:03:29.673,0.93614,0.93603,1.25,1.1
2014.09.12,00:03:30.265,0.93613,0.93603,1,1
2014.09.12,00:03:31.735,0.93614,0.93603,1.76,1
2014.09.12,00:03:34.884,0.93614,0.93603,1.69,1.1
2014.09.12,00:03:36.103,0.93614,0.93603,2.81,1.07
2014.09.12,00:03:36.737,0.93614,0.93603,2.81,1.1
2014.09.12,00:03:40.870,0.93614,0.93603,1.25,1.1
2014.09.12,00:03:41.894,0.93614,0.93603,2.06,1.1
2014.09.12,00:03:49.061,0.93614,0.93603,2.06,1.17
2014.09.12,00:03:49.949,0.93614,0.93603,1.69,1.1
2014.09.12,00:03:50.898,0.93613,0.93603,1.19,1.1
2014.09.12,00:03:52.269,0.93613,0.93603,1.19,1.07
2014.09.12,00:03:53.459,0.93613,0.93603,1.31,1.1
2014.09.12,00:03:54.069,0.93614,0.93603,1.2,1
2014.09.12,00:03:59.294,0.93614,0.93603,1.27,1.25
2014.09.12,00:04:00.201,0.93614,0.93603,1.2,1
2014.09.12,00:04:00.996,0.93614,0.93603,2.02,1
2014.09.12,00:04:02.326,0.93614,0.93603,1.1,1.25
2014.09.12,00:04:15.143,0.93614,0.93603,1,1.09
2014.09.12,00:04:15.905,0.93614,0.93603,1,1.09
2014.09.12,00:04:17.616,0.93614,0.93603,1,1.07
2014.09.12,00:04:18.125,0.93614,0.93603,1.37,1.17
2014.09.12,00:04:18.923,0.93616,0.93603,1.37,1.84
2014.09.12,00:04:19.448,0.93616,0.93603,1.37,1.84
2014.09.12,00:04:19.995,0.93616,0.93603,1.47,1.84
2014.09.12,00:04:21.114,0.93616,0.93603,2.06,1.84
2014.09.12,00:04:21.216,0.93616,0.93603,2.14,1.84
2014.09.12,00:04:21.790,0.93616,0.93603,2.02,1.76
2014.09.12,00:04:23.973,0.93616,0.93603,1.62,1.84
2014.09.12,00:04:24.990,0.93616,0.93603,1.37,1.84
2014.09.12,00:04:30.742,0.93618,0.93603,5.21,1.01
2014.09.12,00:04:31.251,0.93618,0.93603,5.21,1.09
2014.09.12,00:04:32.474,0.93618,0.93603,5.21,1.01
2014.09.12,00:04:33.243,0.93618,0.93603,5.21,1.09
2014.09.12,00:04:38.587,0.93618,0.93603,5.21,1.36
2014.09.12,00:04:39.255,0.93618,0.93603,5.21,1.29
2014.09.12,00:04:42.011,0.93617,0.93604,2.14,1.25
2014.09.12,00:04:42.264,0.93617,0.93604,1.77,1.25
2014.09.12,00:04:42.770,0.93617,0.93603,1.77,1.19
2014.09.12,00:04:43.277,0.93617,0.93603,2.21,1.36
2014.09.12,00:04:43.822,0.93616,0.93603,1.27,1.29
2014.09.12,00:04:44.375,0.93616,0.93603,1.2,1.36
2014.09.12,00:04:44.972,0.93617,0.93603,2.21,1.39
2014.09.12,00:04:45.504,0.93616,0.93603,1,1.39
2014.09.12,00:04:46.125,0.93616,0.93603,1.37,1.39
2014.09.12,00:04:46.731,0.93617,0.93603,2.21,1.36
2014.09.12,00:04:47.302,0.93617,0.93603,2.21,1.46
2014.09.12,00:04:47.739,0.93617,0.93603,2.21,1.09
2014.09.12,00:04:48.312,0.93617,0.93602,2.96,1.46
2014.09.12,00:04:48.818,0.93617,0.93602,2.96,1.46
2014.09.12,00:04:50.971,0.93616,0.93602,1.39,1.46
2014.09.12,00:04:51.375,0.93616,0.93602,1.46,1.39
2014.09.12,00:04:52.052,0.93616,0.93601,2.96,1.74
2014.09.12,00:04:54.375,0.93616,0.93601,2.96,1.71
2014.09.12,00:05:03.914,0.93616,0.93601,2.89,1.71
2014.09.12,00:05:04.944,0.93616,0.93601,2.89,1.71
2014.09.12,00:05:05.450,0.93616,0.93601,2.14,1.71
2014.09.12,00:05:05.986,0.93616,0.93601,2.21,1.71
2014.09.12,00:05:06.493,0.93616,0.93601,2.21,1.71
2014.09.12,00:05:07.004,0.93616,0.93601,2.21,1.74
2014.09.12,00:05:07.511,0.93616,0.93601,2.21,1.71
2014.09.12,00:05:08.226,0.93616,0.93602,1.77,1.66
2014.09.12,00:05:08.896,0.93616,0.93602,1.46,1.74
2014.09.12,00:05:09.554,0.93616,0.93602,1.46,1.74
2014.09.12,00:05:11.682,0.93616,0.93601,2.21,1.71
2014.09.12,00:05:13.285,0.93616,0.93601,1.74,1.71
2014.09.12,00:05:13.386,0.93616,0.93601,2.21,1.71
2014.09.12,00:05:14.248,0.93614,0.93601,1,1.46
2014.09.12,00:05:15.362,0.93614,0.936,1.69,2.96
2014.09.12,00:05:16.121,0.93614,0.93601,2.81,1.15
2014.09.12,00:05:16.428,0.93613,0.93601,3.56,1.2
2014.09.12,00:05:16.784,0.93609,0.93598,1,1.65
2014.09.12,00:05:17.293,0.93609,0.93598,1.37,1.1
2014.09.12,00:05:25.163,0.9361,0.93598,2.21,1
2014.09.12,00:05:26.356,0.93609,0.93598,1.19,1
2014.09.12,00:05:27.348,0.93608,0.93598,1.19,1
2014.09.12,00:05:28.478,0.93609,0.93598,1.19,1.1
2014.09.12,00:05:43.680,0.93608,0.93598,1.31,1
2014.09.12,00:05:44.784,0.93609,0.93598,1.39,1
2014.09.12,00:05:54.845,0.9361,0.93598,2.21,1
2014.09.12,00:05:59.639,0.93609,0.93598,1.39,1
2014.09.12,00:06:04.522,0.93609,0.93598,1.31,1.17
2014.09.12,00:06:06.664,0.93609,0.93598,1.31,1.1
2014.09.12,00:06:07.269,0.93609,0.93598,1.31,1.17
2014.09.12,00:06:10.730,0.93609,0.93598,1.31,1.1
2014.09.12,00:06:11.338,0.93609,0.93598,1.31,1.1
2014.09.12,00:06:12.441,0.93609,0.93598,1.31,1.1
2014.09.12,00:06:14.646,0.9361,0.93598,2.14,1.1
2014.09.12,00:06:15.748,0.93609,0.93598,1.31,1.1
2014.09.12,00:06:28.802,0.93609,0.93596,1.56,2.02
2014.09.12,00:06:29.361,0.93609,0.93596,1.56,2.02
2014.09.12,00:06:31.436,0.93609,0.93596,1.56,2.02
2014.09.12,00:06:31.937,0.93609,0.93596,1.56,2.02
2014.09.12,00:06:33.504,0.93609,0.93596,1.56,2.77
2014.09.12,00:06:34.056,0.93609,0.93596,1.56,2.02
2014.09.12,00:06:34.531,0.93606,0.93595,1,2.21
2014.09.12,00:06:34.988,0.93605,0.93593,1,2.32
2014.09.12,00:06:35.545,0.93605,0.93593,1.57,1.5
2014.09.12,00:06:36.053,0.93605,0.93593,2.96,1
2014.09.12,00:06:36.665,0.93604,0.93593,1.39,1
2014.09.12,00:06:37.280,0.93604,0.93593,2.14,1.12
2014.09.12,00:06:46.845,0.93604,0.93591,1.69,2.02
2014.09.12,00:06:47.871,0.93604,0.93591,1.25,2.21
2014.09.12,00:06:53.291,0.93603,0.93591,1,1.46
2014.09.12,00:06:53.343,0.93601,0.93591,1,1.46
2014.09.12,00:06:54.002,0.93603,0.93591,1.25,2.02
2014.09.12,00:06:57.265,0.93604,0.93591,1.69,2.96
2014.09.12,00:06:59.107,0.93604,0.93593,1.25,1.27
2014.09.12,00:06:59.725,0.93604,0.93593,1.25,1.55
2014.09.12,00:07:01.133,0.93604,0.93593,1.25,1.27
2014.09.12,00:07:01.644,0.93604,0.93593,1.25,1.57
2014.09.12,00:07:06.328,0.93604,0.93593,1.25,1.27
2014.09.12,00:07:07.108,0.93604,0.93593,1,1.57
2014.09.12,00:07:12.420,0.93604,0.93593,1,1.57
2014.09.12,00:07:12.952,0.93604,0.93593,1,1.95
2014.09.12,00:07:13.591,0.93604,0.93593,1.1,1.87
2014.09.12,00:07:16.926,0.93604,0.93593,1.1,1.87
2014.09.12,00:07:17.773,0.93604,0.93593,1,1.95
2014.09.12,00:07:18.332,0.93604,0.93593,1,2.02
2014.09.12,00:07:22.233,0.93604,0.93593,1,1.47
2014.09.12,00:07:28.002,0.93606,0.93596,1.29,1
2014.09.12,00:07:28.669,0.93608,0.93596,2.21,1
2014.09.12,00:07:40.095,0.93608,0.93596,1.39,1.2
2014.09.12,00:07:42.715,0.93608,0.93596,1.39,1.47
2014.09.12,00:07:43.222,0.93608,0.93597,1,1.47
2014.09.12,00:07:43.421,0.93609,0.93599,1.25,1.47
2014.09.12,00:07:45.480,0.93609,0.93599,1,2.21
2014.09.12,00:07:45.843,0.93611,0.93599,1.5,3.71
2014.09.12,00:07:46.351,0.93612,0.93601,1,1.69
2014.09.12,00:07:47.114,0.93612,0.93602,1.1,1.19
2014.09.12,00:07:49.410,0.93612,0.93602,1.1,1.25
2014.09.12,00:07:50.426,0.93612,0.93602,1.1,1.19
2014.09.12,00:07:51.497,0.93612,0.93601,1,1.01
2014.09.12,00:07:52.648,0.93612,0.93601,1,1.69
2014.09.12,00:07:56.517,0.93612,0.93601,1.12,3.19
2014.09.12,00:07:58.094,0.93612,0.93601,1.37,2.44
2014.09.12,00:08:01.635,0.93612,0.93601,1.37,1.69
2014.09.12,00:08:02.174,0.93612,0.93601,1.2,1.69
2014.09.12,00:08:02.703,0.93612,0.93602,1,1.39
2014.09.12,00:08:02.805,0.93613,0.93602,1.5,2.14
2014.09.12,00:08:03.008,0.93617,0.93605,1.39,1.1
2014.09.12,00:08:03.516,0.93617,0.93606,1.12,1.1
2014.09.12,00:08:04.276,0.93617,0.93607,1.12,1.25
2014.09.12,00:08:08.584,0.93617,0.93607,1.37,1.25
2014.09.12,00:08:10.358,0.93617,0.93607,1.12,1.01
2014.09.12,00:08:11.084,0.93617,0.93607,1.12,1.29
2014.09.12,00:08:15.290,0.93617,0.93607,1.12,1.01
2014.09.12,00:08:17.971,0.93617,0.93608,1.12,1.25
2014.09.12,00:08:20.146,0.93617,0.93609,1,1.1
2014.09.12,00:08:20.299,0.93619,0.93609,1.12,1.1
2014.09.12,00:08:24.717,0.93619,0.9361,1.12,1.25
2014.09.12,00:08:26.758,0.93618,0.9361,1,1.25
2014.09.12,00:08:27.440,0.93619,0.9361,1.5,1.25
2014.09.12,00:08:30.042,0.93618,0.9361,1,1.25
2014.09.12,00:08:32.693,0.93619,0.9361,1.5,1.25
2014.09.12,00:08:33.252,0.93621,0.9361,1.57,1.31
2014.09.12,00:08:33.354,0.93622,0.93612,1.2,1.25
2014.09.12,00:08:34.029,0.93621,0.93612,1,1.25
2014.09.12,00:08:34.549,0.9362,0.93612,1,1.25
2014.09.12,00:08:35.057,0.93622,0.93612,1.27,1.25
2014.09.12,00:08:35.561,0.93622,0.93612,1.2,1.25
2014.09.12,00:08:36.363,0.93622,0.93612,1.27,1.25
2014.09.12,00:08:37.197,0.9362,0.93611,1,1.69
2014.09.12,00:08:37.780,0.9362,0.93611,1,1
2014.09.12,00:08:38.291,0.93621,0.93611,1.57,1
2014.09.12,00:08:40.065,0.9362,0.93611,1,1
2014.09.12,00:08:41.480,0.93621,0.93611,1.57,1
2014.09.12,00:08:42.188,0.93621,0.93611,1.65,1
2014.09.12,00:08:44.104,0.93621,0.93611,1.65,1
2014.09.12,00:08:47.757,0.93621,0.93611,1.1,2.06
2014.09.12,00:08:49.976,0.93621,0.93611,1.1,1.25
2014.09.12,00:08:51.368,0.93621,0.93611,1.1,1.69
2014.09.12,00:08:56.878,0.93621,0.93611,1.1,1.69
2014.09.12,00:09:02.587,0.93621,0.93611,1.07,1.25
2014.09.12,00:09:03.118,0.93621,0.93611,1.1,1.25
2014.09.12,00:09:04.816,0.93621,0.93611,1,1.69
2014.09.12,00:09:05.173,0.93623,0.93611,2.25,2.21
2014.09.12,00:09:05.783,0.93621,0.93613,1,1.46
2014.09.12,00:09:06.139,0.93623,0.93613,1,1.25
2014.09.12,00:09:06.647,0.93624,0.93614,1,2.14
2014.09.12,00:09:07.155,0.93625,0.93614,1,2.21
2014.09.12,00:09:07.857,0.93625,0.93616,1,1.19
2014.09.12,00:09:10.132,0.93625,0.93615,1,1.19
2014.09.12,00:09:11.329,0.93625,0.93616,1,1.19
2014.09.12,00:09:12.936,0.93625,0.93615,1,1.29
2014.09.12,00:09:14.369,0.93625,0.93614,1,2.14
2014.09.12,00:09:15.437,0.93625,0.93615,1,1.19
2014.09.12,00:09:16.439,0.93625,0.93615,1,1.25
2014.09.12,00:09:18.343,0.93625,0.93615,1,1.19
2014.09.12,00:09:20.132,0.93626,0.93616,1.1,1.25
2014.09.12,00:09:24.694,0.93626,0.93614,1.5,2.21
2014.09.12,00:09:25.484,0.93626,0.93616,1.1,1.25
2014.09.12,00:09:46.378,0.93628,0.93616,1.55,1.25
2014.09.12,00:09:46.885,0.93628,0.93616,1.27,1.25
2014.09.12,00:09:47.492,0.93628,0.93616,1.27,1.25
2014.09.12,00:09:48.206,0.93628,0.93616,1.27,1.25
2014.09.12,00:09:50.008,0.93628,0.93616,1.55,1.25
2014.09.12,00:09:50.517,0.93628,0.93616,1.52,1.25
2014.09.12,00:09:51.111,0.93628,0.93616,1.55,1.25
2014.09.12,00:09:52.806,0.93628,0.93616,1.52,1.25
2014.09.12,00:09:53.180,0.93628,0.93616,1.27,1.25
2014.09.12,00:09:53.897,0.93628,0.93616,1.47,1.01
2014.09.12,00:09:54.405,0.93628,0.93616,1.2,1.39
2014.09.12,00:09:57.449,0.93628,0.93616,1.46,1.12
2014.09.12,00:09:58.108,0.93628,0.93616,1.39,1.2
2014.09.12,00:09:58.731,0.93628,0.93616,1.46,1.12
2014.09.12,00:09:59.271,0.93628,0.93616,1.46,1.12
2014.09.12,00:10:00.537,0.93628,0.93616,1.47,1.2
2014.09.12,00:10:07.646,0.93628,0.93616,1.2,1.1
2014.09.12,00:10:08.351,0.93627,0.93616,1,1.1
2014.09.12,00:10:16.478,0.93627,0.93616,2.06,1.1
2014.09.12,00:10:16.580,0.93627,0.93616,2.14,1
2014.09.12,00:10:16.785,0.93625,0.93613,1,2.59
2014.09.12,00:10:17.675,0.93625,0.93613,1.39,1.1
2014.09.12,00:10:17.777,0.93625,0.93613,1.62,1.17
2014.09.12,00:10:18.031,0.93623,0.93611,1.37,1.09
2014.09.12,00:10:18.538,0.93623,0.93611,2.02,1.25
2014.09.12,00:10:19.531,0.93623,0.93611,2.21,1
2014.09.12,00:10:20.039,0.93621,0.93611,1.47,1
2014.09.12,00:10:22.524,0.93622,0.93611,2.96,1
2014.09.12,00:10:26.034,0.93622,0.93611,2.96,1
2014.09.12,00:10:38.060,0.93621,0.93609,1.39,1.1
2014.09.12,00:10:38.628,0.9362,0.93608,1.87,1.09
2014.09.12,00:10:39.908,0.9362,0.93608,1.95,1.01
2014.09.12,00:10:46.018,0.9362,0.93611,1.39,1
2014.09.12,00:10:46.435,0.9362,0.93608,2.14,1.1
2014.09.12,00:10:54.440,0.9362,0.93611,1.39,1
2014.09.12,00:10:55.449,0.9362,0.93608,1.39,1.1
2014.09.12,00:10:56.260,0.9362,0.93608,2.06,1.17
2014.09.12,00:10:56.764,0.9362,0.93608,1.62,1
2014.09.12,00:10:59.942,0.9362,0.93608,1.62,1.07
2014.09.12,00:11:00.458,0.9362,0.93608,1.39,1.1
2014.09.12,00:11:01.143,0.9362,0.93608,1.62,1.07
2014.09.12,00:11:01.650,0.9362,0.93608,1.39,1.1
2014.09.12,00:11:02.214,0.9362,0.93609,1.39,1
2014.09.12,00:11:03.873,0.9362,0.93609,1.37,1.07
2014.09.12,00:11:04.437,0.9362,0.93609,1.12,1.17
2014.09.12,00:11:06.779,0.9362,0.93609,1.37,1.09
2014.09.12,00:11:10.245,0.9362,0.93609,1.37,1.2
2014.09.12,00:11:10.759,0.9362,0.93609,1.37,1.17
2014.09.12,00:11:15.092,0.9362,0.93608,1.37,2.21
2014.09.12,00:11:15.624,0.9362,0.93608,1.37,1.84
2014.09.12,00:11:16.987,0.9362,0.93608,1.37,2.21
2014.09.12,00:11:17.490,0.9362,0.93608,1.37,1.84
2014.09.12,00:11:18.290,0.9362,0.93608,1.37,1.84
2014.09.12,00:11:18.907,0.93621,0.93608,1.31,2.96
2014.09.12,00:11:19.419,0.93621,0.93608,1.62,3.71
2014.09.12,00:11:20.608,0.93621,0.93608,1.62,3.71
2014.09.12,00:11:21.129,0.93621,0.93608,1.62,3.71
2014.09.12,00:11:21.645,0.93621,0.93608,1.62,2.96
2014.09.12,00:11:24.207,0.93621,0.93608,1.37,3.71
2014.09.12,00:11:24.713,0.93621,0.93608,1.37,3.71
2014.09.12,00:11:25.225,0.93621,0.93609,1.37,1.4
2014.09.12,00:11:25.741,0.93621,0.93609,1.37,1.84
2014.09.12,00:11:26.248,0.93623,0.93611,2.06,1.17
2014.09.12,00:11:26.655,0.93623,0.93611,1,4.39
2014.09.12,00:11:26.706,0.93624,0.93613,1.12,1.2
2014.09.12,00:11:27.026,0.93626,0.93614,1.87,2.77
2014.09.12,00:11:27.280,0.93627,0.93616,1,1.07
2014.09.12,00:11:27.788,0.93628,0.93618,1,1.1
2014.09.12,00:11:28.448,0.93627,0.93618,1,1.1
2014.09.12,00:11:28.958,0.93628,0.93618,1,1.25
2014.09.12,00:11:29.465,0.93628,0.93618,1.87,1
2014.09.12,00:11:38.206,0.93628,0.93618,1.37,1
2014.09.12,00:11:40.716,0.93627,0.93618,1.37,1
2014.09.12,00:11:40.767,0.93627,0.93616,1.37,1.1
2014.09.12,00:11:40.919,0.93626,0.93614,2.7,1.1
2014.09.12,00:11:41.428,0.93624,0.93613,1.55,1
2014.09.12,00:11:41.885,0.93623,0.93613,1.57,1
2014.09.12,00:11:41.987,0.93622,0.9361,1.47,2.32
2014.09.12,00:11:42.495,0.93621,0.9361,1.12,1.57
2014.09.12,00:11:42.800,0.93621,0.9361,1.47,1.5
2014.09.12,00:11:43.307,0.93622,0.9361,1.77,1.5
2014.09.12,00:11:44.433,0.93622,0.9361,1.76,1.5
2014.09.12,00:11:44.944,0.93622,0.9361,2.14,1.1
2014.09.12,00:11:45.523,0.93622,0.9361,2.14,1.1
2014.09.12,00:11:45.932,0.93622,0.9361,2.14,1.1
2014.09.12,00:11:47.362,0.93622,0.9361,1.62,1.17
2014.09.12,00:11:48.359,0.93622,0.9361,1.39,1.1
2014.09.12,00:11:48.974,0.93622,0.9361,1.62,1.17
2014.09.12,00:11:49.483,0.93622,0.93609,2.14,2.59
2014.09.12,00:11:50.028,0.93622,0.93611,1.39,1
2014.09.12,00:11:53.064,0.93622,0.93611,1.31,1.1
2014.09.12,00:11:53.590,0.93622,0.93611,1.62,1.1
2014.09.12,00:11:54.855,0.93622,0.93611,1.12,1.1
2014.09.12,00:11:55.364,0.93622,0.93611,1.37,1.1
2014.09.12,00:11:56.662,0.93622,0.93611,1.31,1.1
2014.09.12,00:11:57.266,0.93622,0.93611,1.62,1.17
2014.09.12,00:11:57.977,0.93622,0.93611,1.62,1.1
2014.09.12,00:11:58.505,0.93622,0.93611,1.37,1.17
2014.09.12,00:11:59.013,0.93622,0.93611,1.37,1
2014.09.12,00:12:00.321,0.93624,0.93611,2.96,1.5
2014.09.12,00:12:00.373,0.93624,0.93614,2.14,1
2014.09.12,00:12:00.679,0.93624,0.93614,2.21,1
2014.09.12,00:12:03.656,0.93624,0.93614,1.39,1
2014.09.12,00:12:03.758,0.93624,0.93614,2.21,1
2014.09.12,00:12:03.860,0.93622,0.93611,1.37,1.09
2014.09.12,00:12:04.369,0.93621,0.93611,1.2,1
2014.09.12,00:12:12.240,0.93621,0.93609,2.06,1
2014.09.12,00:12:12.746,0.93621,0.93609,2.06,1.17
2014.09.12,00:12:12.899,0.93621,0.93609,2.06,1.17
2014.09.12,00:12:13.052,0.93621,0.93609,2.14,1.1
2014.09.12,00:12:17.213,0.93621,0.93609,2.89,1
2014.09.12,00:12:22.519,0.93621,0.93609,2.96,1
2014.09.12,00:12:28.692,0.93621,0.93609,2.81,1.17
2014.09.12,00:12:29.199,0.93621,0.93609,2.89,1.1
2014.09.12,00:12:39.496,0.93621,0.93609,2.21,1
2014.09.12,00:12:45.340,0.9362,0.93609,1.12,1.07
2014.09.12,00:12:46.003,0.9362,0.93609,1.12,1.1
2014.09.12,00:12:56.375,0.9362,0.93609,1.37,1.01
2014.09.12,00:13:12.299,0.9362,0.93607,1.39,1.09
2014.09.12,00:13:14.242,0.9362,0.93607,1.62,2.21
2014.09.12,00:13:17.862,0.9362,0.93607,1.37,2.59
2014.09.12,00:13:25.001,0.9362,0.93607,1.37,3.34
2014.09.12,00:13:26.098,0.9362,0.93607,1.37,3.34
2014.09.12,00:13:26.357,0.9362,0.93607,1.37,3.34
2014.09.12,00:13:35.884,0.9362,0.93607,1.62,2.59
2014.09.12,00:13:39.776,0.93623,0.93607,2.96,1.09
2014.09.12,00:13:51.723,0.93622,0.93607,1.64,2.21
2014.09.12,00:13:53.144,0.93621,0.93608,1.62,1.84
2014.09.12,00:13:53.652,0.93621,0.93609,1.25,1.17
2014.09.12,00:13:54.159,0.93621,0.93609,1.1,1.09
2014.09.12,00:13:54.260,0.93621,0.93609,1.47,1.01
2014.09.12,00:13:54.767,0.93621,0.93609,1.37,1.32
2014.09.12,00:13:55.733,0.93621,0.93609,1.37,1.09
2014.09.12,00:13:56.317,0.93621,0.93609,1.37,1.09
2014.09.12,00:13:56.875,0.93621,0.93609,1.37,1.09
2014.09.12,00:14:01.053,0.93621,0.93609,1.37,1.09
2014.09.12,00:14:01.596,0.93621,0.93609,1.47,1.1
2014.09.12,00:14:02.158,0.93621,0.93609,1.37,1.17
2014.09.12,00:14:03.759,0.93621,0.93609,1.47,1.01
2014.09.12,00:14:04.270,0.93621,0.93609,1.37,1.09
2014.09.12,00:14:04.791,0.93621,0.93609,1.31,1.07
2014.09.12,00:14:10.735,0.93621,0.93609,1.12,1.4
2014.09.12,00:14:11.349,0.93621,0.93609,1.12,1.09
2014.09.12,00:14:14.931,0.93621,0.93609,1.12,1.09
2014.09.12,00:14:15.539,0.93621,0.93608,1.31,1.4
2014.09.12,00:14:16.468,0.93621,0.93608,1.31,1.4
2014.09.12,00:14:16.978,0.93621,0.93608,1.31,1.4
2014.09.12,00:14:20.381,0.93621,0.93608,1.31,1.4
2014.09.12,00:14:21.095,0.93621,0.93608,1.31,1.4
2014.09.12,00:14:22.368,0.93621,0.93608,1.31,1.4
2014.09.12,00:14:23.175,0.93621,0.93608,1.31,1.4
2014.09.12,00:14:23.683,0.93621,0.93608,1.62,1.4
2014.09.12,00:14:24.292,0.93621,0.93608,2.06,1.15
2014.09.12,00:14:24.816,0.93621,0.93608,2.06,1.15
2014.09.12,00:14:26.196,0.93621,0.93608,2.14,1.17
2014.09.12,00:14:27.073,0.93621,0.93608,2.06,1.15
2014.09.12,00:14:27.697,0.93621,0.93608,2.14,1.17
2014.09.12,00:14:28.357,0.93621,0.93608,2.06,1.15
2014.09.12,00:14:28.896,0.93621,0.93608,2.14,1.07
2014.09.12,00:14:29.678,0.93621,0.93608,2.06,1.15
2014.09.12,00:14:30.184,0.93621,0.93608,2.96,1.1
2014.09.12,00:14:30.691,0.93618,0.93606,1.37,2.59
2014.09.12,00:14:31.706,0.93618,0.93606,1.87,1.32
2014.09.12,00:14:32.240,0.93618,0.93606,1.87,1.4
2014.09.12,00:14:37.879,0.93618,0.93606,2.06,1.17
2014.09.12,00:14:38.531,0.93618,0.93606,2.06,1.15
2014.09.12,00:14:39.309,0.93618,0.93606,2.06,1.17
2014.09.12,00:14:39.848,0.93618,0.93606,2.06,1.27
2014.09.12,00:14:40.277,0.93618,0.93606,1.87,1.09
2014.09.12,00:14:40.379,0.93618,0.93606,1.87,1.09
2014.09.12,00:14:44.500,0.93618,0.93606,1.87,1.09
2014.09.12,00:14:45.039,0.93618,0.93606,1.87,1.4
2014.09.12,00:14:45.910,0.93618,0.93607,1.87,1.1
2014.09.12,00:14:56.975,0.93618,0.93606,2.06,1.65
2014.09.12,00:14:57.513,0.93618,0.93606,2.06,1.15
2014.09.12,00:15:00.618,0.93618,0.93606,2.06,1.57
2014.09.12,00:15:01.655,0.93618,0.93606,2.06,1.65
2014.09.12,00:15:02.845,0.93618,0.93606,2.06,1.65
2014.09.12,00:15:03.369,0.93618,0.93606,2.06,1.65
2014.09.12,00:15:04.118,0.93619,0.93609,2.06,1
2014.09.12,00:15:04.626,0.93619,0.93609,2.06,1
2014.09.12,00:15:08.245,0.93619,0.93609,1.47,1
2014.09.12,00:15:11.146,0.93619,0.93609,1.39,1
2014.09.12,00:15:11.754,0.93619,0.93609,1.62,1.07
2014.09.12,00:15:13.867,0.93619,0.93609,1.12,1.17
2014.09.12,00:15:14.375,0.93621,0.93609,1.62,1.17
2014.09.12,00:15:14.917,0.93621,0.93609,1.39,1.2
2014.09.12,00:15:15.444,0.93621,0.93609,1.62,1.17
2014.09.12,00:15:18.141,0.93621,0.93609,1.39,1.1
2014.09.12,00:15:26.333,0.93621,0.93609,1.39,1.1
2014.09.12,00:15:26.864,0.93621,0.93609,1.39,1.1
2014.09.12,00:15:32.829,0.93621,0.93609,2.21,1
2014.09.12,00:15:39.870,0.9362,0.93609,2.14,1
2014.09.12,00:15:40.377,0.9362,0.93609,1.47,1
2014.09.12,00:15:41.186,0.9362,0.93609,1.47,1
2014.09.12,00:15:58.837,0.9362,0.93609,2.21,1
2014.09.12,00:15:59.384,0.9362,0.93609,2.21,1
2014.09.12,00:16:00.370,0.9362,0.93609,2.14,1
2014.09.12,00:16:00.890,0.9362,0.93609,2.21,1
2014.09.12,00:16:02.294,0.9362,0.93609,1.39,1
2014.09.12,00:16:03.866,0.9362,0.93609,2.21,1
2014.09.12,00:16:04.146,0.9362,0.93607,2.21,1
2014.09.12,00:16:06.802,0.9362,0.93607,1.77,1.31
2014.09.12,00:16:12.179,0.9362,0.93607,1.77,1.25
2014.09.12,00:16:12.383,0.9362,0.93607,1.46,1.01
2014.09.12,00:16:13.059,0.9362,0.93607,1.77,1.25
2014.09.12,00:16:17.399,0.9362,0.93607,1.77,1
2014.09.12,00:16:20.605,0.9362,0.93607,2.21,1
2014.09.12,00:16:25.265,0.93618,0.93605,1.47,3.71
2014.09.12,00:16:26.413,0.93618,0.93605,1.37,2.96
2014.09.12,00:16:27.404,0.93618,0.93605,1.47,2.96
2014.09.12,00:16:35.446,0.93618,0.93605,1.37,3.71
2014.09.12,00:16:36.009,0.93618,0.93605,1.47,3.71
2014.09.12,00:16:43.534,0.93618,0.93605,1.39,1.84
2014.09.12,00:16:43.940,0.93618,0.93605,1.01,1.84
2014.09.12,00:16:44.144,0.93618,0.93605,1.39,2.21
2014.09.12,00:16:44.246,0.93618,0.93605,1.39,2.21
2014.09.12,00:16:44.448,0.93618,0.93605,1.39,1.84
2014.09.12,00:16:44.753,0.93614,0.93604,1,1.65
2014.09.12,00:16:45.260,0.93616,0.93604,1.47,1.1
2014.09.12,00:16:45.767,0.93615,0.93603,1.47,1.39
2014.09.12,00:16:46.286,0.93615,0.93603,1.37,1.27
2014.09.12,00:16:46.844,0.93615,0.93603,1.47,1.07
2014.09.12,00:16:47.148,0.93615,0.93603,2.02,1
2014.09.12,00:16:47.351,0.93615,0.93603,3.71,1
2014.09.12,00:16:48.062,0.93615,0.93603,2.96,1
2014.09.12,00:16:48.366,0.93614,0.93603,1.46,1
2014.09.12,00:16:55.997,0.93614,0.93603,2.14,1
2014.09.12,00:17:05.827,0.93614,0.93603,1.46,1
2014.09.12,00:17:06.546,0.93614,0.93603,1.77,1
2014.09.12,00:17:10.141,0.93614,0.93603,2.21,1
2014.09.12,00:17:10.683,0.93614,0.93603,2.21,1
2014.09.12,00:17:23.954,0.93614,0.93603,2.21,1
2014.09.12,00:17:24.603,0.93614,0.93603,2.21,1
2014.09.12,00:17:31.787,0.93614,0.93603,1.84,1
2014.09.12,00:17:31.990,0.93614,0.93603,2.21,1
2014.09.12,00:17:32.091,0.93614,0.93603,1.84,1
2014.09.12,00:17:36.495,0.93614,0.93603,2.14,1
2014.09.12,00:17:44.779,0.93614,0.93601,2.21,1
2014.09.12,00:17:48.510,0.93614,0.936,1.71,2.51
2014.09.12,00:17:50.450,0.93614,0.936,1.74,2.4
2014.09.12,00:17:50.967,0.93614,0.936,1.71,1.57
2014.09.12,00:17:55.550,0.93614,0.936,1.74,1.65
2014.09.12,00:17:56.103,0.93614,0.936,1.71,1.57
2014.09.12,00:17:57.089,0.93614,0.936,1.74,1.65
2014.09.12,00:17:57.653,0.93614,0.936,1.71,1.57
2014.09.12,00:17:58.166,0.93615,0.936,1.71,1.84
2014.09.12,00:17:58.691,0.93615,0.936,1.71,1.76
2014.09.12,00:18:00.294,0.93615,0.936,1.71,1.84
2014.09.12,00:18:00.804,0.93615,0.936,1.71,1.76
2014.09.12,00:18:01.413,0.93614,0.936,1.74,1.65
2014.09.12,00:18:01.916,0.93614,0.936,1.71,1.57
2014.09.12,00:18:02.426,0.93614,0.936,1.74,1.65
2014.09.12,00:18:04.922,0.93615,0.936,1.71,1.57
2014.09.12,00:18:05.737,0.93614,0.936,1.76,1.65
2014.09.12,00:18:08.449,0.93614,0.936,1.71,1.57
2014.09.12,00:18:09.110,0.93614,0.936,1.74,1.65
2014.09.12,00:18:10.938,0.93614,0.936,1.71,1.57
2014.09.12,00:18:11.450,0.93614,0.936,1.74,1.65
2014.09.12,00:18:12.004,0.93614,0.936,1.71,1.57
2014.09.12,00:18:12.510,0.93614,0.93599,1.64,2.96
2014.09.12,00:18:13.081,0.93614,0.93599,1.64,2.96
2014.09.12,00:18:15.568,0.93615,0.93599,2.21,3.71
2014.09.12,00:18:16.083,0.93615,0.93599,2.21,3.71
2014.09.12,00:18:16.862,0.93615,0.93599,2.21,3.71
2014.09.12,00:18:17.763,0.93615,0.93599,2.21,3.71
2014.09.12,00:18:18.358,0.93615,0.93599,2.21,3.71
2014.09.12,00:18:18.872,0.93615,0.93599,2.21,3.71
2014.09.12,00:18:19.491,0.93615,0.93602,2.21,1
2014.09.12,00:18:19.645,0.93615,0.93602,2.21,1
2014.09.12,00:18:20.234,0.93615,0.93602,2.21,1
2014.09.12,00:18:20.886,0.93615,0.93602,2.21,1
2014.09.12,00:18:32.432,0.93615,0.93602,2.21,1
2014.09.12,00:18:32.534,0.93615,0.93602,2.21,1
2014.09.12,00:18:34.062,0.93615,0.93602,2.21,1
2014.09.12,00:18:34.749,0.93615,0.93602,2.21,1
2014.09.12,00:18:44.293,0.93615,0.93602,1.71,1
2014.09.12,00:18:45.090,0.93615,0.93602,2.21,1
2014.09.12,00:18:46.295,0.93615,0.93602,2.21,1
2014.09.12,00:18:48.787,0.93614,0.93602,1.74,1
2014.09.12,00:18:51.326,0.93615,0.93602,2.21,1
2014.09.12,00:18:51.903,0.93615,0.93603,2.21,1
2014.09.12,00:18:53.312,0.93614,0.93602,1.45,1
2014.09.12,00:18:54.363,0.93614,0.93601,2.14,1.65
2014.09.12,00:18:54.894,0.93614,0.93601,2.21,1.57
2014.09.12,00:18:57.560,0.93614,0.93601,2.96,1.57
2014.09.12,00:19:30.597,0.93613,0.93601,1.56,1.17
2014.09.12,00:19:31.105,0.93614,0.93601,2.96,1.1
2014.09.12,00:19:32.390,0.93614,0.93601,2.89,1.17
2014.09.12,00:19:37.379,0.93614,0.93601,2.96,1
2014.09.12,00:19:38.631,0.93614,0.93601,2.96,1
2014.09.12,00:19:38.936,0.93614,0.93601,1.87,2.21
2014.09.12,00:19:39.089,0.93614,0.93604,1,1.17
2014.09.12,00:19:39.597,0.93617,0.93606,2.06,1.1
2014.09.12,00:19:40.105,0.93617,0.93606,2.14,1
2014.09.12,00:19:40.623,0.93617,0.93606,1.39,1
2014.09.12,00:19:41.135,0.93617,0.93606,2.14,1
2014.09.12,00:19:45.077,0.93617,0.93606,1.46,1
2014.09.12,00:19:51.041,0.93617,0.93606,1.46,1
2014.09.12,00:19:58.667,0.93617,0.93606,1.7,1
2014.09.12,00:20:01.386,0.93617,0.93606,1.46,1
2014.09.12,00:20:04.384,0.93617,0.93606,1.39,1
2014.09.12,00:20:23.877,0.93617,0.93608,1.84,1
2014.09.12,00:20:24.952,0.93618,0.93608,1.46,1
2014.09.12,00:20:27.607,0.93617,0.93608,1.47,1
2014.09.12,00:20:27.658,0.93617,0.93606,1.45,1
2014.09.12,00:20:34.514,0.93617,0.93606,1.46,1
2014.09.12,00:20:34.971,0.93618,0.93606,1.37,1.27
2014.09.12,00:20:35.022,0.9362,0.93608,2.89,1.1
2014.09.12,00:20:36.133,0.9362,0.93608,1.95,1.1
2014.09.12,00:20:37.233,0.9362,0.93608,1.95,1.1
2014.09.12,00:20:37.386,0.9362,0.93608,2.02,1
2014.09.12,00:20:37.895,0.9362,0.93608,1.87,1
2014.09.12,00:20:38.409,0.9362,0.93608,2.14,1.1
2014.09.12,00:20:43.073,0.9362,0.93608,2.21,1
2014.09.12,00:20:43.608,0.9362,0.93608,2.21,1
2014.09.12,00:20:43.873,0.9362,0.93608,2.21,1
2014.09.12,00:20:54.489,0.9362,0.93608,2.02,1
2014.09.12,00:20:55.035,0.9362,0.93608,2.02,1
2014.09.12,00:20:55.547,0.9362,0.93608,2.02,1
2014.09.12,00:20:56.486,0.9362,0.93608,2.21,1
2014.09.12,00:20:57.192,0.9362,0.93608,1.62,1.65
2014.09.12,00:20:57.712,0.93621,0.9361,2.96,1
2014.09.12,00:21:00.425,0.93621,0.93613,2.21,1
2014.09.12,00:21:00.578,0.93623,0.93615,1,1
2014.09.12,00:21:00.985,0.93624,0.93612,1.77,1
2014.09.12,00:21:01.745,0.93623,0.9361,2.02,1.01
2014.09.12,00:21:02.255,0.93621,0.9361,1.55,1
2014.09.12,00:21:08.031,0.93621,0.93608,1.46,1.57
2014.09.12,00:21:09.754,0.9362,0.93607,1.39,2.4
2014.09.12,00:21:10.265,0.9362,0.93607,1.46,3.07
2014.09.12,00:21:12.256,0.9362,0.93607,1.55,2.32
2014.09.12,00:21:19.958,0.9362,0.93607,2.21,1.57
2014.09.12,00:21:21.069,0.9362,0.93607,1.46,1.57
2014.09.12,00:21:22.551,0.93617,0.93606,1.12,1.1
2014.09.12,00:21:23.970,0.93617,0.93605,1.2,1.1
2014.09.12,00:21:24.507,0.93617,0.93605,1.12,1.17
2014.09.12,00:21:24.913,0.93617,0.93605,1.37,1.17
2014.09.12,00:21:25.168,0.93616,0.93604,1.55,1.69
2014.09.12,00:21:25.625,0.93613,0.93602,1,1.25
2014.09.12,00:21:26.165,0.93613,0.936,1.15,3.19
2014.09.12,00:21:26.369,0.93613,0.936,1.15,2.44
2014.09.12,00:21:28.024,0.93613,0.936,1.52,2.44
2014.09.12,00:21:28.533,0.93611,0.936,1.52,1
2014.09.12,00:21:29.229,0.93611,0.936,1.52,1
2014.09.12,00:21:29.742,0.93611,0.936,1.77,1
2014.09.12,00:21:30.255,0.93611,0.936,1.77,1
2014.09.12,00:21:31.250,0.93611,0.936,1.77,1
2014.09.12,00:21:31.453,0.9361,0.93598,2.21,1
2014.09.12,00:21:31.605,0.93609,0.93598,2.96,1
2014.09.12,00:21:31.860,0.93608,0.93596,1.52,1
2014.09.12,00:21:32.196,0.93608,0.93595,1.15,1.25
2014.09.12,00:21:44.791,0.93607,0.93595,1.27,1.37
2014.09.12,00:21:45.096,0.93608,0.93597,1.27,1
2014.09.12,00:21:45.503,0.93607,0.93596,1.65,1
2014.09.12,00:21:45.604,0.93607,0.93596,1.15,1
2014.09.12,00:21:46.010,0.93607,0.93596,1.84,1
2014.09.12,00:21:46.536,0.93606,0.93596,1.77,1
2014.09.12,00:21:47.050,0.93606,0.93596,1.77,1
2014.09.12,00:21:47.661,0.93606,0.93596,1.77,1
2014.09.12,00:21:48.414,0.93606,0.93596,2.21,1
2014.09.12,00:21:50.552,0.93606,0.93596,2.21,1
2014.09.12,00:21:51.217,0.93606,0.93596,2.21,1
2014.09.12,00:21:51.727,0.93606,0.93596,2.21,1
2014.09.12,00:21:52.555,0.93606,0.93596,2.21,1
2014.09.12,00:21:53.644,0.93606,0.93596,2.21,1
2014.09.12,00:21:55.845,0.93606,0.93596,1.77,1
2014.09.12,00:21:56.363,0.93606,0.93596,1.46,1
2014.09.12,00:21:56.669,0.93608,0.93596,1.09,1.5
2014.09.12,00:21:57.076,0.93608,0.93598,1.01,1
2014.09.12,00:22:01.713,0.93609,0.93598,1.12,1.25
2014.09.12,00:22:08.840,0.93609,0.93598,1.2,1
2014.09.12,00:22:09.470,0.93609,0.93598,1.2,1
2014.09.12,00:22:10.129,0.93609,0.93598,1.47,1
2014.09.12,00:22:14.484,0.93609,0.93598,1.2,1.31
2014.09.12,00:22:18.586,0.93609,0.93598,1.37,1.01
2014.09.12,00:22:19.692,0.93609,0.93598,1.12,1.25
2014.09.12,00:22:25.519,0.93609,0.93598,1.37,1.1
2014.09.12,00:22:26.484,0.93609,0.93598,1.2,1
2014.09.12,00:22:33.412,0.9361,0.93598,1.47,1.39
2014.09.12,00:22:33.920,0.93611,0.93599,1.57,1.39
2014.09.12,00:22:34.585,0.93611,0.93599,1.47,1.39
2014.09.12,00:22:35.926,0.93611,0.93599,1.47,1.39
2014.09.12,00:22:36.453,0.93611,0.93599,1.12,1.46
2014.09.12,00:22:36.958,0.93612,0.93601,1.55,1
2014.09.12,00:22:37.631,0.93612,0.93601,1.55,1
2014.09.12,00:22:38.149,0.93612,0.93601,1.55,1
2014.09.12,00:22:40.345,0.93612,0.93601,1.12,1.2
2014.09.12,00:22:40.752,0.93614,0.93601,1.57,3.71
2014.09.12,00:22:41.209,0.93614,0.93603,1.1,1.37
2014.09.12,00:22:41.718,0.93617,0.93605,2.14,1
2014.09.12,00:22:42.325,0.93617,0.93605,2.06,1.17
2014.09.12,00:22:46.315,0.93617,0.93605,1.87,1.2
2014.09.12,00:22:46.642,0.93617,0.93604,1.87,2.21
2014.09.12,00:22:47.204,0.93617,0.93604,1.87,2.96
2014.09.12,00:22:47.761,0.93617,0.93604,1.87,2.96
2014.09.12,00:22:48.308,0.93617,0.93604,1.87,2.96
2014.09.12,00:22:50.034,0.93619,0.93606,1.95,1.46
2014.09.12,00:22:50.086,0.93619,0.93608,1.37,1.07
2014.09.12,00:22:50.341,0.93621,0.93609,1.62,1.17
2014.09.12,00:22:50.848,0.93621,0.93608,1,1.84
2014.09.12,00:22:51.618,0.93621,0.93608,1.37,1.65
2014.09.12,00:22:52.128,0.93621,0.93608,1.37,2.02
2014.09.12,00:22:53.201,0.93621,0.93608,1.37,2.96
2014.09.12,00:22:53.614,0.93621,0.93608,1.47,1.65
2014.09.12,00:22:54.901,0.93621,0.93608,1.37,1.65
2014.09.12,00:22:55.459,0.93621,0.93608,1.37,1.65
2014.09.12,00:22:56.015,0.93621,0.93608,1.37,2.02
2014.09.12,00:22:56.521,0.93621,0.93608,1.37,2.02
2014.09.12,00:22:56.623,0.93621,0.93608,1.37,2.21
2014.09.12,00:22:57.168,0.93621,0.93608,1.37,2.21
2014.09.12,00:22:58.598,0.93621,0.93608,1.47,2.21
2014.09.12,00:22:59.294,0.93621,0.93608,1.37,2.21
2014.09.12,00:23:00.319,0.93621,0.93608,1.37,4.46
2014.09.12,00:23:00.949,0.93623,0.93611,1.66,1.1
2014.09.12,00:23:01.709,0.93623,0.93611,1.56,1.17
2014.09.12,00:23:02.213,0.93623,0.93611,1.66,1.1
2014.09.12,00:23:03.391,0.93624,0.93611,4.46,1.1
2014.09.12,00:23:03.940,0.93624,0.93611,3.64,1.17
2014.09.12,00:23:07.266,0.93624,0.93611,3.71,1.57
2014.09.12,00:23:10.912,0.93624,0.93611,3.71,1.57
2014.09.12,00:23:15.265,0.93621,0.93609,1.12,1.65
2014.09.12,00:23:15.821,0.93621,0.93608,1.12,3.34
2014.09.12,00:23:16.983,0.93621,0.93608,1.37,3.34
2014.09.12,00:23:17.647,0.93621,0.93608,1.37,2.59
2014.09.12,00:23:18.188,0.93621,0.93608,1.37,2.59
2014.09.12,00:23:18.695,0.93621,0.93608,1.37,2.59
2014.09.12,00:23:19.227,0.93621,0.93608,1.37,2.59
2014.09.12,00:23:21.566,0.93621,0.93608,1.47,2.59
2014.09.12,00:23:22.288,0.93621,0.93608,1.37,2.59
2014.09.12,00:23:25.216,0.93621,0.93608,1.37,2.59
2014.09.12,00:23:25.725,0.93621,0.93608,1.62,2.4
2014.09.12,00:23:32.745,0.93621,0.93608,1.37,2.77
2014.09.12,00:23:36.771,0.93621,0.93608,1.12,2.59
2014.09.12,00:23:39.492,0.93621,0.93608,1.31,2.4
2014.09.12,00:23:43.766,0.93621,0.93608,1.62,2.77
2014.09.12,00:23:44.175,0.93621,0.93608,1,2.59
2014.09.12,00:23:45.077,0.93621,0.93608,1,3.34
2014.09.12,00:23:45.582,0.93621,0.93608,1.37,3.34
2014.09.12,00:23:46.166,0.93621,0.93608,1.37,4.46
2014.09.12,00:23:46.479,0.93621,0.93608,1.37,4.46
2014.09.12,00:23:47.001,0.93621,0.93608,1.37,4.46
2014.09.12,00:23:49.049,0.93621,0.93608,1.12,3.71
2014.09.12,00:23:56.505,0.93621,0.93608,2.7,3.71
2014.09.12,00:23:57.406,0.93621,0.93608,2.62,3.71
2014.09.12,00:23:58.004,0.93621,0.93608,2.7,3.71
2014.09.12,00:24:01.109,0.93621,0.93608,2.7,3.71
2014.09.12,00:24:01.621,0.9362,0.93608,2.4,1.5
2014.09.12,00:24:02.135,0.93618,0.93608,1.1,1
2014.09.12,00:24:02.525,0.93618,0.93608,1.47,1
2014.09.12,00:24:02.627,0.93618,0.93608,1.1,1
2014.09.12,00:24:03.729,0.93619,0.93608,1.46,1
2014.09.12,00:24:04.578,0.93619,0.93608,1.71,1
2014.09.12,00:24:05.167,0.93619,0.93608,1.46,1
2014.09.12,00:24:07.816,0.93619,0.93608,1.46,1
2014.09.12,00:24:07.867,0.93619,0.93608,1.74,1
2014.09.12,00:24:13.386,0.93619,0.93608,1.74,1
2014.09.12,00:24:14.780,0.93619,0.93608,1.74,1
2014.09.12,00:24:15.186,0.93619,0.93608,1.36,1
2014.09.12,00:24:15.288,0.93619,0.93606,1.36,1.1
2014.09.12,00:24:19.579,0.93619,0.93606,1.71,1
2014.09.12,00:24:20.086,0.9362,0.93606,4.46,1.1
2014.09.12,00:24:22.035,0.9362,0.93606,4.09,1
2014.09.12,00:24:22.540,0.9362,0.93606,4.09,1.1
2014.09.12,00:24:23.473,0.9362,0.93606,4.46,1.1
2014.09.12,00:24:26.477,0.9362,0.93606,4.46,1.1
2014.09.12,00:24:37.393,0.93619,0.93606,3.71,1
2014.09.12,00:24:38.606,0.93619,0.93606,3.71,1
2014.09.12,00:24:45.376,0.93618,0.93606,2.14,1.1
2014.09.12,00:24:47.357,0.93618,0.93606,1.39,1.1
2014.09.12,00:24:48.402,0.93618,0.93606,2.14,1.1
2014.09.12,00:24:52.366,0.93618,0.93606,1.39,1.1
2014.09.12,00:24:59.382,0.93618,0.93606,1.39,1.1
2014.09.12,00:25:00.917,0.93619,0.93606,2.21,1.47
2014.09.12,00:25:01.019,0.9362,0.93607,2.89,1.2
2014.09.12,00:25:01.526,0.9362,0.93607,2.81,2.4
2014.09.12,00:25:02.340,0.93622,0.93607,1.64,1.84
2014.09.12,00:25:05.946,0.93622,0.93607,1.64,2.59
2014.09.12,00:25:07.059,0.93621,0.93607,1.62,4.09
2014.09.12,00:25:07.636,0.93621,0.93607,1.39,4.09
2014.09.12,00:25:08.143,0.93621,0.93607,1.62,4.09
2014.09.12,00:25:12.925,0.93621,0.93607,1.62,4.09
2014.09.12,00:25:13.027,0.93621,0.93607,1.62,4.09
2014.09.12,00:25:21.040,0.93621,0.93607,1.62,2.59
2014.09.12,00:25:21.401,0.93621,0.93607,1.62,2.59
2014.09.12,00:25:21.909,0.93621,0.93607,1.39,2.59
2014.09.12,00:25:22.433,0.93621,0.93607,1.62,2.59
2014.09.12,00:25:23.650,0.93621,0.93607,1.62,3.34
2014.09.12,00:25:26.906,0.93621,0.93607,1.62,1.84
2014.09.12,00:25:27.413,0.93621,0.93607,1.62,1.84
2014.09.12,00:25:29.726,0.93621,0.93607,1.39,1.84
2014.09.12,00:25:30.315,0.93621,0.93607,1.62,1.84
2014.09.12,00:25:32.711,0.93621,0.93607,1.62,1.84
2014.09.12,00:25:33.631,0.93621,0.9361,2.06,1
2014.09.12,00:25:34.563,0.93621,0.9361,2.06,1.17
2014.09.12,00:25:35.122,0.93621,0.9361,2.06,1
2014.09.12,00:25:35.942,0.93621,0.9361,2.06,1.17
2014.09.12,00:25:36.466,0.93621,0.9361,1.62,1.1
2014.09.12,00:25:37.517,0.93621,0.9361,1.62,1.1
2014.09.12,00:25:46.066,0.93621,0.9361,1.62,1.1
2014.09.12,00:25:50.133,0.93621,0.9361,1.62,1.1
2014.09.12,00:25:50.670,0.93621,0.9361,1.62,1.1
2014.09.12,00:25:51.489,0.93621,0.9361,1.62,1.1
2014.09.12,00:25:51.591,0.93621,0.9361,1.62,1.1
2014.09.12,00:25:52.854,0.93621,0.9361,1.12,1.1
2014.09.12,00:25:54.629,0.93621,0.9361,1.12,1.07
2014.09.12,00:25:55.428,0.93621,0.9361,1.12,1.1
2014.09.12,00:25:56.014,0.93621,0.9361,1.12,1.17
2014.09.12,00:26:00.537,0.93621,0.9361,1.12,1.1
2014.09.12,00:26:01.075,0.93621,0.9361,1.12,1.17
2014.09.12,00:26:01.988,0.93621,0.9361,1.12,1.1
2014.09.12,00:26:04.394,0.93621,0.9361,1.37,1.1
2014.09.12,00:26:07.040,0.93622,0.9361,1.39,1.1
2014.09.12,00:26:12.093,0.93622,0.9361,2.14,1.1
2014.09.12,00:26:14.551,0.93622,0.9361,1.39,1.1
2014.09.12,00:26:15.778,0.93622,0.9361,2.14,1.1
2014.09.12,00:26:17.776,0.93622,0.9361,1.39,1.1
2014.09.12,00:26:22.688,0.93622,0.9361,2.14,1.1
2014.09.12,00:26:33.219,0.93623,0.93607,3.71,2.21
2014.09.12,00:26:33.721,0.93623,0.93607,3.71,2.21
2014.09.12,00:26:34.229,0.93622,0.93607,1.46,2.21
2014.09.12,00:26:35.142,0.93621,0.93607,1.47,2.21
2014.09.12,00:26:35.683,0.93621,0.93607,1.01,1.46
2014.09.12,00:26:39.802,0.93622,0.93607,1.74,1.09
2014.09.12,00:26:40.322,0.93622,0.93607,1.74,1.4
2014.09.12,00:26:40.851,0.93622,0.93607,1.66,1.46
2014.09.12,00:26:42.811,0.93622,0.93607,1.74,1.46
2014.09.12,00:26:45.065,0.93622,0.93607,1.74,1.4
2014.09.12,00:26:45.588,0.93621,0.93607,1.31,1.4
2014.09.12,00:26:46.813,0.93621,0.93607,1.62,1.46
2014.09.12,00:26:50.858,0.93622,0.93607,2.14,1.4
2014.09.12,00:26:51.765,0.93622,0.93607,2.21,1.4
2014.09.12,00:26:52.126,0.93619,0.93607,1,1.46
2014.09.12,00:26:52.633,0.93619,0.93607,1.87,1.46
2014.09.12,00:26:52.887,0.93619,0.93607,1.87,1.46
2014.09.12,00:26:53.255,0.93619,0.93607,1.87,1.46
2014.09.12,00:26:53.903,0.93619,0.93607,1.87,1.15
2014.09.12,00:26:54.704,0.93619,0.93607,1.87,1.15
2014.09.12,00:26:54.907,0.93619,0.93607,1.87,1.15
2014.09.12,00:26:55.429,0.93619,0.93607,1.87,1.17
2014.09.12,00:26:55.948,0.93619,0.93607,1.87,1.15
2014.09.12,00:26:57.011,0.93619,0.93607,1.87,1.27
2014.09.12,00:26:57.518,0.93619,0.93607,1.5,1.27
2014.09.12,00:26:58.025,0.93619,0.93607,1.5,1.27
2014.09.12,00:26:59.857,0.93619,0.93607,1.5,1.27
2014.09.12,00:27:04.359,0.93619,0.93607,1.87,1.15
2014.09.12,00:27:04.868,0.93619,0.93607,1.87,1.17
2014.09.12,00:27:07.692,0.93619,0.93607,2.06,1.15
2014.09.12,00:27:09.413,0.93619,0.93607,1.5,1.17
2014.09.12,00:27:12.694,0.93619,0.93607,1.5,1.15
2014.09.12,00:27:14.007,0.93619,0.93607,1.69,1.2
2014.09.12,00:27:14.109,0.93619,0.93607,1.69,1.17
2014.09.12,00:27:14.816,0.93619,0.93607,1.69,1.17
2014.09.12,00:27:15.564,0.93619,0.93607,1.5,1.15
2014.09.12,00:27:18.928,0.93619,0.93607,1.69,1.17
2014.09.12,00:27:19.524,0.93619,0.93607,1.69,1.15
2014.09.12,00:27:20.047,0.93619,0.93607,1.69,1.17
2014.09.12,00:27:21.276,0.93619,0.93607,2.06,1.27
2014.09.12,00:27:21.784,0.93619,0.93607,1.69,1.27
2014.09.12,00:27:24.167,0.9362,0.93609,1.31,1.07
2014.09.12,00:27:24.269,0.9362,0.93609,1.31,1.15
2014.09.12,00:27:24.472,0.9362,0.93609,1.31,1.15
2014.09.12,00:27:25.082,0.9362,0.93609,1,1.17
2014.09.12,00:27:34.464,0.9362,0.93609,1,1.15
2014.09.12,00:27:34.566,0.9362,0.93609,1,1.15
2014.09.12,00:27:35.229,0.9362,0.93609,1,1.15
2014.09.12,00:27:40.315,0.9362,0.93609,1.12,1.07
2014.09.12,00:27:44.012,0.9362,0.93609,1.12,1.1
2014.09.12,00:27:44.623,0.9362,0.93609,1.31,1.17
2014.09.12,00:27:45.131,0.9362,0.93609,1.31,1.1
2014.09.12,00:27:45.783,0.9362,0.93612,1.31,1
2014.09.12,00:28:43.165,0.93621,0.93612,1.47,1
2014.09.12,00:28:43.666,0.93621,0.93612,1.2,1
2014.09.12,00:28:44.176,0.93621,0.93612,1.37,1
2014.09.12,00:28:45.752,0.93621,0.93608,1.37,3.71
2014.09.12,00:28:47.490,0.93624,0.93608,2.21,1.46
2014.09.12,00:28:48.014,0.93624,0.93608,2.21,1.46
2014.09.12,00:28:48.522,0.93624,0.93608,2.21,1.46
2014.09.12,00:28:48.936,0.93625,0.93608,3.71,2.21
2014.09.12,00:28:49.443,0.93625,0.93608,3.71,2.96
2014.09.12,00:28:50.581,0.93622,0.93609,1.37,1.27
2014.09.12,00:28:51.106,0.93622,0.93609,1.12,1.52
2014.09.12,00:28:51.477,0.93622,0.93609,1,2.77
2014.09.12,00:28:52.186,0.93622,0.93611,1,1.46
2014.09.12,00:28:52.795,0.93622,0.93612,1,2.21
2014.09.12,00:28:54.970,0.93622,0.93612,1,3.71
2014.09.12,00:28:55.480,0.93622,0.93614,1,1.27
2014.09.12,00:28:56.025,0.93622,0.93614,1,1.27
2014.09.12,00:28:59.098,0.93622,0.93614,1,2.21
2014.09.12,00:28:59.606,0.93622,0.93614,1,1.46
2014.09.12,00:29:01.265,0.93626,0.93614,1,2.96
2014.09.12,00:29:01.418,0.93626,0.93616,1,1.27
2014.09.12,00:29:01.622,0.93628,0.93617,1,1.27
2014.09.12,00:29:02.133,0.9363,0.93619,1.37,1.1
2014.09.12,00:29:02.700,0.9363,0.93619,1.62,1.07
2014.09.12,00:29:04.297,0.9363,0.93619,1.47,1
2014.09.12,00:29:06.952,0.9363,0.93619,1.31,1.1
2014.09.12,00:29:09.967,0.9363,0.93619,1.39,1
2014.09.12,00:29:10.476,0.9363,0.93619,1.39,1.5
2014.09.12,00:29:17.128,0.9363,0.9362,1.1,1
2014.09.12,00:29:17.432,0.93632,0.93621,1.37,1.17
2014.09.12,00:29:17.635,0.93633,0.93621,1.25,2.77
2014.09.12,00:29:18.731,0.93634,0.93621,1.87,3.52
2014.09.12,00:29:22.622,0.93634,0.93621,1.87,3.34
2014.09.12,00:29:23.346,0.93634,0.93621,1.87,3.34
2014.09.12,00:29:25.950,0.93634,0.93621,1.95,3.71
2014.09.12,00:29:26.535,0.93634,0.93621,1.87,4.46
2014.09.12,00:29:28.480,0.93634,0.93621,1.87,3.71
2014.09.12,00:29:29.009,0.93634,0.93621,1.87,3.71
2014.09.12,00:29:30.140,0.93634,0.93621,1.87,3.71
2014.09.12,00:29:30.242,0.93634,0.93621,1.87,3.34
2014.09.12,00:29:31.964,0.93634,0.93621,1.87,3.71
2014.09.12,00:29:33.867,0.93634,0.93621,1.87,1.84
2014.09.12,00:29:34.800,0.93634,0.93621,1.87,1.84
2014.09.12,00:29:36.682,0.93634,0.93621,1.87,1.84
2014.09.12,00:29:38.962,0.93634,0.93621,1.95,1.84
2014.09.12,00:29:41.178,0.93634,0.93621,2.06,1.65
2014.09.12,00:29:49.406,0.93634,0.93621,1.87,1.84
2014.09.12,00:29:49.913,0.93634,0.93621,1.87,1.84
2014.09.12,00:29:50.170,0.93634,0.93621,1.87,1.84
2014.09.12,00:29:50.990,0.93634,0.93621,1.87,1.84
2014.09.12,00:29:51.537,0.93634,0.93621,1.87,1.84
2014.09.12,00:29:52.798,0.93634,0.93621,1.87,1.84
2014.09.12,00:29:54.984,0.93634,0.93621,1.87,1.84
2014.09.12,00:29:55.600,0.93634,0.93621,1.87,1.84
2014.09.12,00:29:56.107,0.93634,0.93621,1.87,2.4
2014.09.12,00:29:56.636,0.93634,0.93621,1.87,2.4
2014.09.12,00:29:57.378,0.93634,0.93621,1.87,2.4
2014.09.12,00:30:01.185,0.93634,0.93621,1.87,2.59
2014.09.12,00:30:01.692,0.93634,0.93621,1.87,2.59
2014.09.12,00:30:02.314,0.93634,0.93621,1.87,2.96
2014.09.12,00:30:02.467,0.93634,0.93621,1.87,2.96
2014.09.12,00:30:02.695,0.93634,0.93621,1.87,2.59
2014.09.12,00:30:03.242,0.93634,0.93621,1.87,2.59
2014.09.12,00:30:03.593,0.93634,0.93621,1.87,2.59
2014.09.12,00:30:03.745,0.93634,0.93621,1.87,2.59
2014.09.12,00:30:04.694,0.93634,0.93621,1.87,2.59
2014.09.12,00:30:05.195,0.93634,0.93621,1.87,2.59
2014.09.12,00:30:05.701,0.93634,0.93621,1.87,2.59
2014.09.12,00:30:06.344,0.93634,0.93621,1.87,3.71
2014.09.12,00:30:07.233,0.93634,0.93621,1.87,2.96
2014.09.12,00:30:08.530,0.93634,0.93622,1.87,1.15
2014.09.12,00:30:09.139,0.93634,0.93622,1.87,1.15
2014.09.12,00:30:09.747,0.93634,0.93622,1.87,1.15
2014.09.12,00:30:10.362,0.93634,0.93622,1.87,1.15
2014.09.12,00:30:11.236,0.93634,0.93621,1.87,1.84
2014.09.12,00:30:11.743,0.93634,0.93621,1.87,1.84
2014.09.12,00:30:12.757,0.93634,0.93621,2.06,1.65
2014.09.12,00:30:13.163,0.93634,0.93621,2.14,1.65
2014.09.12,00:30:13.941,0.93634,0.93621,2.06,1.65
2014.09.12,00:30:16.241,0.93634,0.93621,2.06,1.65
2014.09.12,00:30:16.750,0.93633,0.93621,1.37,1.65
2014.09.12,00:30:18.239,0.93633,0.93622,1.37,1.1
2014.09.12,00:30:18.750,0.93633,0.93622,1.37,1.1
2014.09.12,00:30:19.257,0.93633,0.93621,1.37,1.65
2014.09.12,00:30:40.518,0.93633,0.93621,1.12,1.65
2014.09.12,00:30:43.192,0.93633,0.93621,1.12,1.65
2014.09.12,00:30:44.294,0.93633,0.93621,1.12,1.65
2014.09.12,00:30:46.017,0.93633,0.93621,1.37,2.02
2014.09.12,00:30:48.097,0.93633,0.93621,1.37,1.65
2014.09.12,00:30:48.352,0.93631,0.93619,1.39,1.57
2014.09.12,00:30:48.860,0.9363,0.93619,1.27,1
2014.09.12,00:30:55.537,0.93629,0.93619,2.14,1
2014.09.12,00:30:56.201,0.93628,0.93619,1.46,1
2014.09.12,00:30:56.405,0.93627,0.93617,1.66,1
2014.09.12,00:30:56.659,0.93627,0.93617,2.14,1
2014.09.12,00:30:56.964,0.93624,0.93614,1.37,1
2014.09.12,00:30:57.268,0.93623,0.93612,1.46,1
2014.09.12,00:30:57.778,0.93622,0.93612,1.37,1
2014.09.12,00:30:58.488,0.93622,0.93612,1.39,1
2014.09.12,00:30:59.197,0.93622,0.93612,1.62,1
2014.09.12,00:31:00.081,0.93622,0.93612,1.62,1
2014.09.12,00:31:02.816,0.93622,0.93612,1.39,1
2014.09.12,00:31:03.525,0.93622,0.93612,1.39,1
2014.09.12,00:31:07.750,0.93622,0.93612,1.47,1
2014.09.12,00:31:11.152,0.93622,0.93612,1.39,1
2014.09.12,00:31:12.352,0.93621,0.93612,1.39,1
2014.09.12,00:31:13.076,0.93621,0.93612,1.39,1
2014.09.12,00:31:13.956,0.93621,0.93612,1.39,1
2014.09.12,00:31:15.073,0.93621,0.93612,1.39,1
2014.09.12,00:31:17.245,0.93621,0.93612,1.47,1
2014.09.12,00:31:18.167,0.93621,0.93612,1.39,1
2014.09.12,00:31:18.370,0.93621,0.93612,1.39,1
2014.09.12,00:31:19.299,0.93621,0.93612,1.39,1
2014.09.12,00:31:19.809,0.93621,0.93612,2.14,1
2014.09.12,00:31:21.482,0.93621,0.93612,2.14,1
2014.09.12,00:31:21.685,0.93621,0.93612,1.27,1
2014.09.12,00:31:23.050,0.93621,0.93612,1.39,1
2014.09.12,00:31:23.354,0.93621,0.93612,1.46,1
2014.09.12,00:31:24.890,0.93621,0.93612,1.46,1
2014.09.12,00:31:27.219,0.93621,0.93612,1.39,1
2014.09.12,00:31:28.953,0.93621,0.93612,1.39,1
2014.09.12,00:31:32.462,0.93621,0.93612,1.62,1
2014.09.12,00:31:33.634,0.93621,0.93612,1.39,1
2014.09.12,00:31:34.142,0.93621,0.93612,1.62,1
2014.09.12,00:31:39.060,0.93621,0.93612,1.62,1
2014.09.12,00:31:39.366,0.93621,0.93612,1.31,1
2014.09.12,00:31:41.682,0.93622,0.93612,1.31,1
2014.09.12,00:31:46.101,0.93622,0.93612,1.37,1
2014.09.12,00:31:53.713,0.93622,0.93612,1.12,1
2014.09.12,00:31:57.325,0.93622,0.93609,1,2.96
2014.09.12,00:31:57.580,0.93623,0.93613,1,1.27
2014.09.12,00:31:58.316,0.93623,0.93613,1,1.55
2014.09.12,00:32:00.033,0.93626,0.93613,1.39,1.55
2014.09.12,00:32:02.096,0.93626,0.93613,1.39,1.27
2014.09.12,00:32:03.604,0.93626,0.93613,1.39,1.27
2014.09.12,00:32:11.174,0.93626,0.93613,1.39,1.27
2014.09.12,00:32:11.977,0.93626,0.93613,1.39,1.27
2014.09.12,00:32:15.160,0.93626,0.93613,1.37,1.27
2014.09.12,00:32:16.093,0.93626,0.93613,1.62,1.27
2014.09.12,00:32:17.342,0.93626,0.93613,1.62,1.27
2014.09.12,00:32:19.783,0.93626,0.93613,1.62,1.27
2014.09.12,00:32:20.246,0.93626,0.93613,1.62,1.2
2014.09.12,00:32:20.398,0.93626,0.93613,1.62,1.27
2014.09.12,00:32:20.905,0.93626,0.93613,1.39,1.27
2014.09.12,00:32:23.901,0.93626,0.93612,1.62,2.21
2014.09.12,00:32:24.409,0.93626,0.93614,1.62,1.15
2014.09.12,00:32:26.183,0.93626,0.93614,1.37,1.15
2014.09.12,00:32:26.891,0.93626,0.93614,1.37,1
2014.09.12,00:32:28.009,0.93626,0.93614,1.37,1.17
2014.09.12,00:32:30.091,0.93624,0.93613,1,2.21
2014.09.12,00:32:30.194,0.93624,0.93613,1,2.21
2014.09.12,00:32:30.747,0.93624,0.93613,1,1.46
2014.09.12,00:32:31.342,0.93624,0.93613,1.37,1.15
2014.09.12,00:32:38.511,0.93624,0.93613,1.12,1.27
2014.09.12,00:32:39.034,0.93624,0.93613,1.12,1.46
2014.09.12,00:32:42.885,0.93624,0.93613,1,1.55
2014.09.12,00:32:45.198,0.93626,0.93614,1.37,1.27
2014.09.12,00:32:46.476,0.93626,0.93614,1.37,1.27
2014.09.12,00:32:47.402,0.93626,0.93614,1.25,2.4
2014.09.12,00:32:53.512,0.93626,0.93615,1.37,1.65
2014.09.12,00:32:53.817,0.93626,0.93614,1.47,2.51
2014.09.12,00:32:54.320,0.93626,0.93614,1.37,1.76
2014.09.12,00:32:54.840,0.93626,0.93614,1.47,1.1
2014.09.12,00:32:57.192,0.93626,0.93614,1.37,1.17
2014.09.12,00:32:57.714,0.93626,0.93614,1.37,1
2014.09.12,00:33:02.130,0.93626,0.93614,1.46,1.1
2014.09.12,00:33:02.897,0.93626,0.93614,1.31,1.07
2014.09.12,00:33:02.948,0.93626,0.93614,1.62,1.07
2014.09.12,00:33:03.498,0.93626,0.93614,1.39,1.2
2014.09.12,00:33:04.648,0.93625,0.93613,1.37,1.27
2014.09.12,00:33:05.344,0.93625,0.93613,1.37,1.27
2014.09.12,00:33:06.830,0.93625,0.93616,1.87,1
2014.09.12,00:33:16.158,0.93625,0.93616,1.95,1
2014.09.12,00:33:17.298,0.93626,0.93616,1.69,1.1
2014.09.12,00:33:22.161,0.93626,0.93616,1,1.17
2014.09.12,00:33:22.869,0.93626,0.93616,1,1.1
2014.09.12,00:33:24.241,0.93626,0.93616,1,1.17
2014.09.12,00:33:24.545,0.93624,0.93616,1,1
2014.09.12,00:33:25.268,0.93624,0.93616,1,1.17
2014.09.12,00:33:25.784,0.93624,0.93616,1,1.1
2014.09.12,00:33:26.305,0.93624,0.93616,1,1.17
2014.09.12,00:33:26.810,0.93624,0.93616,1,1.1
2014.09.12,00:33:27.880,0.93624,0.93616,1,1.17
2014.09.12,00:33:28.388,0.93624,0.93616,1,1.1
2014.09.12,00:33:32.950,0.93624,0.93616,1,1.07
2014.09.12,00:33:34.176,0.93624,0.93616,1,1.1
2014.09.12,00:33:58.119,0.93627,0.93616,1,1.1
2014.09.12,00:33:58.322,0.93627,0.93618,1.1,1
2014.09.12,00:34:20.417,0.93627,0.93617,1.12,1.5
2014.09.12,00:34:22.412,0.93627,0.93617,1.37,1.5
2014.09.12,00:34:27.230,0.93627,0.93617,1.31,1.5
2014.09.12,00:34:42.708,0.93627,0.93617,1.37,1
2014.09.12,00:34:43.216,0.93627,0.93617,1.87,1.1
2014.09.12,00:34:51.729,0.93627,0.93617,1.87,1
2014.09.12,00:34:51.932,0.93627,0.93617,2.7,1
2014.09.12,00:34:52.337,0.93626,0.93615,1.2,1.5
2014.09.12,00:34:57.096,0.93627,0.93616,3.64,1
2014.09.12,00:35:03.765,0.93627,0.93616,2.14,1
2014.09.12,00:35:06.081,0.93627,0.93616,1.69,1.07
2014.09.12,00:35:06.618,0.93627,0.93618,1.69,1
2014.09.12,00:35:37.788,0.93627,0.93617,1.12,1
2014.09.12,00:35:40.338,0.93627,0.93617,1.62,1
2014.09.12,00:35:40.948,0.93627,0.93617,1.31,1
2014.09.12,00:35:42.730,0.93627,0.93617,1.62,1
2014.09.12,00:35:42.933,0.93626,0.93617,1.12,1
2014.09.12,00:35:56.696,0.93626,0.93616,1.1,1
2014.09.12,00:35:57.202,0.93626,0.93615,1.1,1
2014.09.12,00:36:02.469,0.93626,0.93615,1.37,1
2014.09.12,00:36:02.979,0.93625,0.93615,1,1
2014.09.12,00:36:12.027,0.93625,0.93615,1,1.07
2014.09.12,00:36:14.757,0.93625,0.93615,1,1.1
2014.09.12,00:36:15.292,0.93625,0.93615,1,1.17
2014.09.12,00:36:17.143,0.93625,0.93615,1,1.15
2014.09.12,00:36:17.858,0.93625,0.93615,1,1.17
2014.09.12,00:36:19.356,0.93625,0.93615,1,1.15
2014.09.12,00:36:20.465,0.93625,0.93615,1,1.17
2014.09.12,00:36:20.971,0.93626,0.93615,1,1.15
2014.09.12,00:36:21.493,0.93627,0.93617,1,1.17
2014.09.12,00:36:22.000,0.93627,0.93617,1.12,1.1
2014.09.12,00:36:24.132,0.93627,0.93616,1,1.27
2014.09.12,00:36:24.641,0.93627,0.93616,1,1.27
2014.09.12,00:36:27.345,0.93627,0.93616,1,1.2
2014.09.12,00:36:28.605,0.93625,0.93616,1,1
2014.09.12,00:36:37.331,0.93625,0.93616,1,1.37
2014.09.12,00:36:37.737,0.93628,0.93618,1,1
2014.09.12,00:36:38.143,0.9363,0.93618,1.5,1.09
2014.09.12,00:36:38.398,0.9363,0.93621,1,1
2014.09.12,00:36:38.601,0.93632,0.93621,2.44,1.2
2014.09.12,00:36:39.109,0.93633,0.93623,1.25,1.17
2014.09.12,00:36:47.510,0.93633,0.93623,1,1
2014.09.12,00:36:47.973,0.93635,0.93622,3.26,2.77
2014.09.12,00:36:48.485,0.93635,0.93622,3.19,2.77
2014.09.12,00:36:49.256,0.93635,0.93622,3,2.96
2014.09.12,00:36:49.763,0.93634,0.93625,1,1
2014.09.12,00:36:56.688,0.93634,0.93625,1,1.07
2014.09.12,00:36:57.196,0.93635,0.93626,1,1.1
2014.09.12,00:36:57.727,0.93635,0.93625,1,1.2
2014.09.12,00:36:59.483,0.93635,0.93625,1,1.17
2014.09.12,00:37:00.319,0.93635,0.93625,1,1.1
2014.09.12,00:37:05.423,0.93635,0.93627,1,1
2014.09.12,00:37:05.780,0.93637,0.93627,1.57,1
2014.09.12,00:37:06.307,0.93639,0.93631,1,1
2014.09.12,00:37:15.981,0.93639,0.9363,1,1.5
2014.09.12,00:37:38.357,0.93639,0.93632,1,1
2014.09.12,00:37:38.459,0.93641,0.93632,1,1.1
2014.09.12,00:37:38.663,0.93643,0.93634,1.5,1
2014.09.12,00:37:44.839,0.93644,0.93634,1.5,1
2014.09.12,00:37:48.138,0.93644,0.93634,1.1,1.37
2014.09.12,00:37:48.342,0.93646,0.93636,3,1.87
2014.09.12,00:37:48.756,0.93646,0.93638,1,1
2014.09.12,00:37:49.638,0.93646,0.93637,1,1.57
2014.09.12,00:37:56.800,0.93646,0.93639,1,1
2014.09.12,00:37:57.360,0.93646,0.93638,1.57,1.5
2014.09.12,00:37:57.873,0.93646,0.93637,1.5,1
2014.09.12,00:37:59.120,0.93646,0.93636,1,2.25
2014.09.12,00:37:59.425,0.93646,0.93638,1,1.87
2014.09.12,00:37:59.882,0.93649,0.93639,1.76,1
2014.09.12,00:38:00.390,0.93649,0.93638,1.76,1.5
2014.09.12,00:38:01.173,0.93649,0.93638,1.57,1
2014.09.12,00:38:01.681,0.93649,0.93639,1.84,1
2014.09.12,00:38:02.208,0.93649,0.93639,1.84,1
2014.09.12,00:38:03.981,0.93646,0.93639,1,1
2014.09.12,00:38:06.041,0.93646,0.93638,1.07,1.5
2014.09.12,00:38:06.608,0.93646,0.93637,1.27,1
2014.09.12,00:38:07.268,0.93646,0.93637,1.27,1
2014.09.12,00:38:09.043,0.93646,0.93639,1,1
2014.09.12,00:38:09.348,0.93649,0.93639,2.4,1
2014.09.12,00:38:10.044,0.93649,0.93639,2.32,1
2014.09.12,00:38:10.568,0.93649,0.93639,2.4,1
2014.09.12,00:38:11.258,0.93649,0.93639,2.4,1
2014.09.12,00:38:11.992,0.93649,0.93639,1.57,1
2014.09.12,00:38:12.749,0.93649,0.93639,1.65,1
2014.09.12,00:38:14.386,0.93649,0.93639,1.57,1
2014.09.12,00:38:17.194,0.93649,0.93639,1.65,1.12
2014.09.12,00:38:17.865,0.93649,0.93639,1.65,1.12
2014.09.12,00:38:18.019,0.93649,0.93641,1.17,1
2014.09.12,00:38:18.673,0.93649,0.93641,1.15,1
2014.09.12,00:38:19.186,0.93649,0.93641,1.17,1
2014.09.12,00:38:20.972,0.93649,0.93641,1.27,1
2014.09.12,00:38:21.588,0.93649,0.93641,1.27,1
2014.09.12,00:38:23.090,0.93649,0.9364,1.27,1.5
2014.09.12,00:38:24.104,0.93649,0.9364,1.1,1
2014.09.12,00:38:24.867,0.93649,0.9364,1.1,1.37
2014.09.12,00:38:25.224,0.93651,0.93642,1.5,1.12
2014.09.12,00:38:25.427,0.93651,0.93644,1,1
2014.09.12,00:38:29.596,0.93653,0.93644,1.1,1
2014.09.12,00:38:31.089,0.93654,0.93644,1.2,1
2014.09.12,00:38:31.345,0.93654,0.93646,1,1
2014.09.12,00:38:36.591,0.93654,0.93645,1.1,1
2014.09.12,00:38:37.101,0.93654,0.93644,2.02,1
2014.09.12,00:38:37.640,0.93654,0.93644,2.02,1
2014.09.12,00:38:38.176,0.93654,0.93644,1.95,1
2014.09.12,00:38:38.712,0.93654,0.93644,2.02,1
2014.09.12,00:38:39.635,0.93654,0.93644,1.87,1
2014.09.12,00:38:40.345,0.93654,0.93646,1.1,1
2014.09.12,00:38:40.853,0.93654,0.93645,1.1,1
2014.09.12,00:38:41.360,0.93654,0.93646,1,1
2014.09.12,00:38:44.862,0.93654,0.93648,1,1
2014.09.12,00:38:45.015,0.93657,0.93648,2.4,1
2014.09.12,00:38:45.523,0.93657,0.93648,1.65,1
2014.09.12,00:38:46.415,0.93657,0.93648,1.65,1
2014.09.12,00:38:46.962,0.93657,0.93648,1.65,1
2014.09.12,00:38:47.064,0.93657,0.93648,1.65,1
2014.09.12,00:38:48.030,0.93657,0.93648,1.65,1
2014.09.12,00:38:54.439,0.93657,0.93648,2.02,1
2014.09.12,00:38:54.947,0.93657,0.93647,2.02,1
2014.09.12,00:38:58.776,0.93657,0.93647,1.65,1
2014.09.12,00:38:59.131,0.93657,0.93647,1.65,1
2014.09.12,00:39:01.616,0.93657,0.93647,1.65,1
2014.09.12,00:39:06.896,0.93657,0.93647,2.02,1
2014.09.12,00:39:07.911,0.93657,0.93647,2.21,1
2014.09.12,00:39:08.420,0.93655,0.93647,1.1,1
2014.09.12,00:39:09.152,0.93655,0.93646,1.2,1
2014.09.12,00:39:10.420,0.93653,0.93646,1.2,1
2014.09.12,00:39:10.472,0.93653,0.93644,1.27,1.5
2014.09.12,00:39:10.574,0.93652,0.93642,1.1,1
2014.09.12,00:39:10.626,0.93649,0.93642,1,1
2014.09.12,00:39:10.830,0.93649,0.93639,1.1,1.5
2014.09.12,00:39:11.338,0.93649,0.9364,1.57,1
2014.09.12,00:39:18.142,0.93649,0.9364,2.62,1
2014.09.12,00:39:18.396,0.93646,0.93639,1,1
2014.09.12,00:39:26.013,0.93645,0.93638,1,1
2014.09.12,00:39:26.317,0.93645,0.93637,1.47,1
2014.09.12,00:39:26.368,0.93645,0.93637,1.1,1
2014.09.12,00:39:26.603,0.93644,0.93635,1.1,1
2014.09.12,00:39:26.655,0.93642,0.93635,1,1
2014.09.12,00:39:45.275,0.93641,0.93635,1,1
2014.09.12,00:39:45.783,0.93641,0.93634,1,1
2014.09.12,00:39:48.093,0.9364,0.93634,1,1
2014.09.12,00:39:48.298,0.9364,0.93632,1,1
2014.09.12,00:39:48.452,0.93638,0.93632,1,1
2014.09.12,00:39:50.323,0.93639,0.93632,1.5,1
2014.09.12,00:39:50.628,0.9364,0.93634,1,1
2014.09.12,00:39:56.146,0.93642,0.93634,1,1
2014.09.12,00:39:56.655,0.93641,0.93634,1,1
2014.09.12,00:39:56.706,0.93643,0.93634,1,1
2014.09.12,00:39:57.012,0.93641,0.93634,1,1
2014.09.12,00:39:57.520,0.93642,0.93634,1,1
2014.09.12,00:39:58.635,0.93642,0.93633,1,1.12
2014.09.12,00:39:59.245,0.9364,0.93633,1,1
2014.09.12,00:40:00.859,0.9364,0.93632,1,1.31
2014.09.12,00:40:02.818,0.9364,0.93631,1.1,1
2014.09.12,00:40:03.326,0.93639,0.93631,1,1
2014.09.12,00:40:04.828,0.93639,0.93629,1,2.25
2014.09.12,00:40:04.932,0.93637,0.93629,1,2.25
2014.09.12,00:40:13.423,0.93636,0.93629,1,1
2014.09.12,00:40:13.731,0.93634,0.93628,1,1
2014.09.12,00:40:14.249,0.93634,0.93627,1,1
2014.09.12,00:40:15.677,0.93634,0.93627,1.37,1
2014.09.12,00:40:16.185,0.93634,0.93626,1,1
2014.09.12,00:40:16.805,0.93634,0.93624,1.57,1.5
2014.09.12,00:40:20.419,0.93634,0.93625,1.5,1
2014.09.12,00:40:20.928,0.93634,0.93626,1.87,1
2014.09.12,00:40:21.436,0.93634,0.93626,1.87,1
2014.09.12,00:40:21.989,0.93634,0.93625,1.87,1
2014.09.12,00:40:25.365,0.93634,0.93625,1.87,1
2014.09.12,00:40:25.875,0.93632,0.93624,1.12,1
2014.09.12,00:40:26.751,0.93631,0.93624,1,1
2014.09.12,00:40:28.999,0.93631,0.93623,1,1
2014.09.12,00:40:30.288,0.93631,0.93623,1.37,1
2014.09.12,00:40:31.453,0.93629,0.93622,1.5,1
2014.09.12,00:40:31.725,0.93629,0.9362,1.87,1
2014.09.12,00:40:32.233,0.9363,0.9362,1.12,1
2014.09.12,00:40:32.838,0.9363,0.9362,1.37,1
2014.09.12,00:40:34.037,0.9363,0.9362,1.31,1
2014.09.12,00:40:39.362,0.9363,0.9362,1.62,1
2014.09.12,00:40:47.289,0.9363,0.9362,1.25,1.07
2014.09.12,00:40:47.796,0.9363,0.93622,1,1
2014.09.12,00:40:48.307,0.9363,0.93622,1.37,1
2014.09.12,00:40:50.296,0.9363,0.93622,1.12,1
2014.09.12,00:40:50.867,0.9363,0.93622,1.37,1
2014.09.12,00:40:53.381,0.9363,0.93622,1.12,1
2014.09.12,00:40:53.999,0.9363,0.93622,1,1.27
2014.09.12,00:40:54.253,0.93631,0.93624,1,1.27
2014.09.12,00:40:54.355,0.93634,0.93626,1,1.1
2014.09.12,00:40:54.558,0.93634,0.93628,1,1
2014.09.12,00:40:55.453,0.93635,0.93628,1,1
2014.09.12,00:41:01.491,0.93637,0.93628,2.32,1
2014.09.12,00:41:02.669,0.93637,0.93628,2.7,1
2014.09.12,00:41:03.177,0.93637,0.93628,2.7,1
2014.09.12,00:41:04.677,0.93637,0.93628,2.7,1
2014.09.12,00:41:04.779,0.93637,0.93626,2.7,1
2014.09.12,00:41:05.289,0.93636,0.93626,1.17,1
2014.09.12,00:41:05.794,0.93635,0.93625,1,1
2014.09.12,00:41:06.302,0.93635,0.93625,1.62,1
2014.09.12,00:41:06.810,0.93635,0.93625,1.09,1
2014.09.12,00:41:07.726,0.93636,0.93627,1.5,1
2014.09.12,00:41:08.586,0.93636,0.93627,1.47,1
2014.09.12,00:41:09.607,0.93636,0.93627,1.2,1
2014.09.12,00:41:15.303,0.93637,0.93627,1.95,1
2014.09.12,00:41:16.430,0.93637,0.93627,2.14,1
2014.09.12,00:41:16.938,0.93636,0.93626,2.96,1
2014.09.12,00:41:22.328,0.93636,0.93626,2.21,1
2014.09.12,00:41:24.746,0.93636,0.93626,2.21,1
2014.09.12,00:41:24.848,0.93636,0.93626,2.96,1
2014.09.12,00:41:26.361,0.93636,0.93626,3.71,1
2014.09.12,00:41:26.868,0.93636,0.93626,2.51,1
2014.09.12,00:41:27.324,0.93637,0.93626,2.51,1
2014.09.12,00:41:27.426,0.93637,0.93627,2.06,1.5
2014.09.12,00:41:27.527,0.93637,0.93627,2.06,1.5
2014.09.12,00:41:32.401,0.93638,0.93627,2.32,1.5
2014.09.12,00:41:33.264,0.93638,0.93627,2.25,1.57
2014.09.12,00:41:33.569,0.93639,0.9363,1.5,1.17
2014.09.12,00:41:34.081,0.93639,0.9363,1,1.1
2014.09.12,00:41:37.049,0.93639,0.9363,1.37,1
2014.09.12,00:41:38.260,0.93639,0.9363,1.12,1
2014.09.12,00:41:47.088,0.93639,0.9363,1,1.32
2014.09.12,00:41:47.621,0.93639,0.9363,1,1.25
2014.09.12,00:41:49.320,0.93639,0.9363,1,1.07
2014.09.12,00:41:49.873,0.93639,0.9363,1,1.1
2014.09.12,00:41:51.396,0.93639,0.9363,1,1.07
2014.09.12,00:41:51.934,0.93639,0.9363,1,1
2014.09.12,00:41:52.512,0.93639,0.9363,1,1.17
2014.09.12,00:41:52.995,0.93641,0.9363,1,1.07
2014.09.12,00:41:53.674,0.93641,0.93632,1,1
2014.09.12,00:41:58.902,0.93639,0.93632,1,1
2014.09.12,00:41:59.877,0.93639,0.9363,1,1.07
2014.09.12,00:42:00.383,0.93639,0.9363,1,1.2
2014.09.12,00:42:14.953,0.93639,0.9363,1.37,1
2014.09.12,00:42:15.460,0.93639,0.93631,1,1
2014.09.12,00:42:55.347,0.93639,0.9363,1.12,1.5
2014.09.12,00:43:04.966,0.93641,0.9363,1.47,1.5
2014.09.12,00:43:05.442,0.9364,0.9363,1.62,1.5
2014.09.12,00:43:13.399,0.93639,0.9363,1,1.1
2014.09.12,00:43:13.993,0.93639,0.9363,1.37,1.1
2014.09.12,00:43:14.501,0.93639,0.9363,1,1.1
2014.09.12,00:43:15.892,0.9364,0.9363,1.5,1
2014.09.12,00:43:22.754,0.93639,0.9363,1,1.1
2014.09.12,00:43:24.098,0.93639,0.9363,1,1.17
2014.09.12,00:43:24.681,0.93639,0.9363,1,1.1
2014.09.12,00:43:25.167,0.93639,0.9363,1,1.15
2014.09.12,00:43:25.711,0.93639,0.9363,1,1.17
2014.09.12,00:43:26.203,0.93639,0.93631,1,1.15
2014.09.12,00:43:26.254,0.93641,0.93631,1.5,1.65
2014.09.12,00:43:26.406,0.93641,0.93631,1.5,1.57
2014.09.12,00:43:26.915,0.93641,0.9363,1.15,2.25
2014.09.12,00:43:27.305,0.93641,0.9363,1.1,2.25
2014.09.12,00:43:27.862,0.93641,0.9363,1,2.4
2014.09.12,00:43:28.404,0.93641,0.93631,1,1.15
2014.09.12,00:43:28.556,0.93643,0.93631,2.44,1.15
2014.09.12,00:43:28.658,0.93641,0.93631,1,1.15
2014.09.12,00:43:29.474,0.93641,0.93631,1,2.02
2014.09.12,00:43:30.087,0.93641,0.93631,1,2.02
2014.09.12,00:43:34.413,0.93641,0.93631,1,2.02
2014.09.12,00:43:36.501,0.93639,0.93634,1,1.1
2014.09.12,00:43:36.806,0.93641,0.93633,1,1.17
2014.09.12,00:43:38.806,0.93641,0.93633,1,1.1
2014.09.12,00:43:43.761,0.93639,0.93633,1,1
2014.09.12,00:43:44.645,0.93641,0.93633,1,1
2014.09.12,00:43:51.531,0.93639,0.93633,1,1
2014.09.12,00:43:54.276,0.93641,0.93633,1,1
2014.09.12,00:44:01.235,0.93641,0.93632,1.5,1.12
2014.09.12,00:44:01.438,0.93639,0.93632,1,1.12
2014.09.12,00:44:02.761,0.93639,0.93631,1,1.12
2014.09.12,00:44:17.908,0.93639,0.93629,1,1.47
2014.09.12,00:44:23.231,0.93639,0.93631,1,1.12
2014.09.12,00:44:25.882,0.9364,0.93631,1,1.07
2014.09.12,00:44:27.923,0.9364,0.93631,1,1.07
2014.09.12,00:44:30.915,0.9364,0.93631,1,1.27
2014.09.12,00:44:32.600,0.9364,0.93631,1,1.17
2014.09.12,00:44:33.175,0.9364,0.93631,1,1.27
2014.09.12,00:44:38.710,0.93641,0.93631,2.25,1.55
2014.09.12,00:44:41.918,0.93641,0.93631,2.25,2.02
2014.09.12,00:44:42.467,0.93641,0.93631,2.25,2.02
2014.09.12,00:44:44.881,0.93641,0.93632,2.25,1.37
2014.09.12,00:44:45.641,0.93642,0.93633,1,1.2
2014.09.12,00:44:45.946,0.93642,0.93633,1,1.95
2014.09.12,00:44:45.998,0.93644,0.93635,1.5,1.2
2014.09.12,00:44:46.151,0.93643,0.93635,1,2.02
2014.09.12,00:44:46.202,0.93645,0.93635,2.25,1.95
2014.09.12,00:44:46.709,0.93646,0.93637,1,2.4
2014.09.12,00:44:47.244,0.93647,0.93637,1.12,2.32
2014.09.12,00:44:49.756,0.93647,0.93639,1,1.12
2014.09.12,00:44:50.263,0.93648,0.93638,1,2.77
2014.09.12,00:44:50.933,0.93648,0.93638,1,2.77
2014.09.12,00:44:51.439,0.93648,0.93638,1,2.77
2014.09.12,00:45:16.360,0.93648,0.93638,1.87,1.1
2014.09.12,00:45:16.665,0.93646,0.93637,1,1.17
2014.09.12,00:45:19.159,0.93646,0.93636,1.5,1.17
2014.09.12,00:45:20.784,0.93646,0.93636,1.5,1.15
2014.09.12,00:45:21.494,0.93646,0.93636,1.5,1.15
2014.09.12,00:45:21.595,0.93646,0.93636,1.5,1.17
2014.09.12,00:45:22.697,0.93646,0.93636,1.5,1.65
2014.09.12,00:45:23.206,0.93646,0.93636,1.5,1.65
2014.09.12,00:45:23.716,0.93646,0.93636,1.5,1.65
2014.09.12,00:45:33.535,0.93646,0.93636,1.5,1.65
2014.09.12,00:45:34.092,0.93646,0.93636,1.5,1.65
2014.09.12,00:45:44.932,0.93646,0.93636,1.5,1.65
2014.09.12,00:45:45.545,0.93646,0.93636,1.5,1.07
2014.09.12,00:45:46.053,0.93646,0.93636,1.5,1.15
2014.09.12,00:45:47.162,0.93646,0.93636,1.5,1.1
2014.09.12,00:45:57.580,0.93646,0.93636,1.5,1.65
2014.09.12,00:45:58.102,0.93646,0.93636,1.5,1.65
2014.09.12,00:46:01.340,0.93646,0.93636,1.5,1.65
2014.09.12,00:46:01.847,0.93646,0.93636,1.5,1.65
2014.09.12,00:46:02.393,0.93646,0.93636,1.5,1.27
2014.09.12,00:46:03.009,0.93646,0.93636,1.5,1.27
2014.09.12,00:46:03.944,0.93646,0.93636,1.5,1.27
2014.09.12,00:46:04.620,0.93646,0.93636,1.5,2.02
2014.09.12,00:46:05.224,0.93646,0.93636,1.5,2.02
2014.09.12,00:46:18.173,0.93646,0.93636,1.12,1.15
2014.09.12,00:46:18.478,0.93644,0.93636,1,1.1
2014.09.12,00:46:19.799,0.93644,0.93634,1.12,1.65
2014.09.12,00:46:20.306,0.93644,0.93634,1.12,1.65
2014.09.12,00:46:22.276,0.93644,0.93634,1.12,1.65
2014.09.12,00:46:22.782,0.93644,0.93634,1.12,2.4
2014.09.12,00:46:23.293,0.93644,0.93634,1.12,2.4
2014.09.12,00:46:26.579,0.93644,0.93634,1.12,2.4
2014.09.12,00:46:27.390,0.93644,0.93635,1.12,1.07
2014.09.12,00:46:28.597,0.93644,0.93635,1,1.2
2014.09.12,00:46:29.103,0.93644,0.93634,1,2.02
2014.09.12,00:46:32.431,0.93644,0.93634,1.12,1.15
2014.09.12,00:46:32.951,0.93644,0.93634,1.87,1.15
2014.09.12,00:46:33.053,0.93644,0.93633,1.87,1.17
2014.09.12,00:46:33.559,0.93644,0.93633,1.87,1.27
2014.09.12,00:46:42.043,0.93644,0.93636,1.87,1
2014.09.12,00:46:43.401,0.93644,0.93634,1,1.1
2014.09.12,00:46:43.957,0.93644,0.93634,1.12,1.17
2014.09.12,00:46:44.473,0.93644,0.93634,1.12,1.1
2014.09.12,00:46:44.778,0.93644,0.93634,1,1.65
2014.09.12,00:46:45.489,0.93644,0.93634,1,1.65
2014.09.12,00:46:46.256,0.93644,0.93634,1,2.02
2014.09.12,00:46:56.112,0.93644,0.93634,1.87,1.65
2014.09.12,00:46:56.163,0.93642,0.93634,1,1.65
2014.09.12,00:46:56.468,0.9364,0.93634,1.12,1
2014.09.12,00:46:56.571,0.9364,0.93631,1.12,2.25
2014.09.12,00:46:56.876,0.93638,0.93631,1,1
2014.09.12,00:46:57.131,0.93638,0.93629,1.2,1
2014.09.12,00:46:57.692,0.93638,0.93628,2.62,1.5
2014.09.12,00:46:58.418,0.93638,0.93629,1.87,1
2014.09.12,00:47:00.533,0.93638,0.93628,1.87,2.25
2014.09.12,00:47:02.035,0.93638,0.93628,1.87,2.25
2014.09.12,00:47:03.867,0.93638,0.93628,1.87,3
2014.09.12,00:47:06.412,0.93638,0.9363,1.87,1
2014.09.12,00:47:06.931,0.93638,0.93631,1,1
2014.09.12,00:47:09.339,0.93638,0.9363,1,1
2014.09.12,00:47:21.639,0.93639,0.9363,1.2,1
2014.09.12,00:47:22.938,0.9364,0.9363,1.1,1.12
2014.09.12,00:47:27.575,0.9364,0.93631,1.1,1
2014.09.12,00:47:31.428,0.93641,0.93631,1.01,1.12
2014.09.12,00:47:32.446,0.93641,0.93631,1.62,1
2014.09.12,00:47:40.267,0.93641,0.93631,1.39,1
2014.09.12,00:47:54.878,0.93641,0.93631,1.57,1
2014.09.12,00:48:13.464,0.93641,0.9363,1.55,1
2014.09.12,00:48:48.854,0.93641,0.9363,1.57,1
2014.09.12,00:48:53.163,0.93641,0.9363,1.46,1
2014.09.12,00:48:56.414,0.93641,0.9363,2.21,1.5
2014.09.12,00:48:56.922,0.93639,0.93629,1.57,1
2014.09.12,00:49:04.381,0.93639,0.93629,1.57,1
2014.09.12,00:49:05.587,0.93639,0.93629,1.46,1
2014.09.12,00:49:06.094,0.9364,0.93628,1.74,2.25
2014.09.12,00:49:06.777,0.93641,0.93628,2.21,2.32
2014.09.12,00:49:07.415,0.93641,0.93628,2.21,2.32
2014.09.12,00:49:08.212,0.93641,0.93628,2.21,2.32
2014.09.12,00:49:11.137,0.93641,0.93628,2.21,2.32
2014.09.12,00:49:16.217,0.93641,0.93628,1.55,2.32
2014.09.12,00:49:16.683,0.93642,0.9363,3.71,1
2014.09.12,00:49:16.993,0.93641,0.93632,1.47,1
2014.09.12,00:49:19.407,0.93642,0.93632,2.96,1
2014.09.12,00:49:20.583,0.93642,0.93632,2.96,1
2014.09.12,00:49:21.599,0.93642,0.93632,2.96,1
2014.09.12,00:49:22.101,0.93642,0.93632,2.96,1
2014.09.12,00:49:22.609,0.93642,0.93632,2.96,1
2014.09.12,00:49:26.767,0.93642,0.93632,2.96,1
2014.09.12,00:49:31.712,0.93642,0.93632,2.96,1
2014.09.12,00:49:32.456,0.93642,0.93632,2.96,1
2014.09.12,00:49:32.986,0.93642,0.93632,2.96,1
2014.09.12,00:49:33.511,0.93642,0.93632,2.96,1
2014.09.12,00:49:47.148,0.93642,0.93632,2.21,1
2014.09.12,00:49:50.255,0.93642,0.93632,2.21,1
2014.09.12,00:49:56.501,0.93642,0.93632,2.21,1
2014.09.12,00:50:01.843,0.93642,0.93632,1.95,1
2014.09.12,00:50:17.139,0.93642,0.93632,1.39,1
2014.09.12,00:50:17.866,0.93642,0.93632,1.39,1
2014.09.12,00:50:18.994,0.93642,0.93632,1.31,1
2014.09.12,00:50:22.174,0.93643,0.93632,1.95,1.5
2014.09.12,00:50:22.483,0.93641,0.93632,1,1
2014.09.12,00:50:28.115,0.93641,0.93632,1.47,1
2014.09.12,00:50:35.511,0.93641,0.93632,1.95,1
2014.09.12,00:50:36.120,0.93642,0.93632,1.12,1.57
2014.09.12,00:50:36.628,0.93642,0.93633,1.12,1.1
2014.09.12,00:50:41.898,0.93641,0.93633,1,1
2014.09.12,00:50:42.101,0.93644,0.93635,1,1
2014.09.12,00:50:42.604,0.93645,0.93634,1.01,2.25
2014.09.12,00:50:49.648,0.93645,0.93635,1.2,1
2014.09.12,00:50:50.154,0.93645,0.93636,1.1,1.5
2014.09.12,00:50:50.674,0.93645,0.93637,1,1
2014.09.12,00:50:51.512,0.93645,0.93636,1,1
2014.09.12,00:50:54.679,0.93645,0.93636,1.37,1
2014.09.12,00:50:55.699,0.93645,0.93636,1.2,1
2014.09.12,00:50:59.710,0.93645,0.93636,1.47,1
2014.09.12,00:51:00.218,0.93645,0.93635,1.46,1
2014.09.12,00:51:06.014,0.93645,0.93635,1.46,1
2014.09.12,00:51:09.226,0.93645,0.93635,1.46,1
2014.09.12,00:51:10.034,0.93645,0.93635,1.46,1
2014.09.12,00:51:11.102,0.93645,0.93635,1.46,1
2014.09.12,00:51:11.623,0.93643,0.93634,1.39,1
2014.09.12,00:51:11.674,0.93643,0.93632,1.39,2.25
2014.09.12,00:51:12.181,0.93643,0.93632,1.77,2.25
2014.09.12,00:51:16.620,0.93641,0.93631,1.87,1
2014.09.12,00:51:31.643,0.93641,0.93631,2.06,1
2014.09.12,00:51:31.949,0.93641,0.93631,1.87,1.1
2014.09.12,00:51:34.491,0.93641,0.93631,1.87,1.25
2014.09.12,00:51:35.476,0.93641,0.93631,1.87,1.69
2014.09.12,00:51:46.810,0.93641,0.93631,1.5,1.87
2014.09.12,00:51:46.861,0.93641,0.93634,1,1
2014.09.12,00:51:47.371,0.93642,0.93634,1,1.5
2014.09.12,00:51:48.737,0.93643,0.93634,1,1
2014.09.12,00:51:52.925,0.93643,0.93633,1.12,1.57
2014.09.12,00:51:53.783,0.93643,0.93633,1.12,1.57
2014.09.12,00:51:54.603,0.93643,0.93633,1,1.57
2014.09.12,00:51:55.423,0.93643,0.93633,1,1.65
2014.09.12,00:51:55.926,0.93643,0.93633,1,1.57
2014.09.12,00:51:57.137,0.93643,0.93633,1,1.17
2014.09.12,00:51:57.691,0.93643,0.93633,1,1.2
2014.09.12,00:51:59.328,0.93642,0.93633,1,1
2014.09.12,00:52:00.427,0.93642,0.93632,1,2.44
2014.09.12,00:52:02.418,0.93642,0.93631,1,1.76
2014.09.12,00:52:03.258,0.9364,0.93631,1,1.57
2014.09.12,00:52:06.380,0.93641,0.93631,1.12,1.57
2014.09.12,00:52:07.139,0.93641,0.93631,1.12,1.65
2014.09.12,00:52:08.129,0.93642,0.93633,1.37,1
2014.09.12,00:52:08.636,0.93642,0.93633,1.12,1
2014.09.12,00:52:09.532,0.93644,0.93632,2.89,1
2014.09.12,00:52:15.770,0.93644,0.93632,2.96,1
2014.09.12,00:52:16.279,0.93644,0.93632,2.96,1
2014.09.12,00:52:24.791,0.93643,0.93632,1.39,1
2014.09.12,00:52:25.361,0.93643,0.93632,2.89,1.5
2014.09.12,00:52:25.872,0.93642,0.93632,2.21,1
2014.09.12,00:52:26.381,0.93642,0.93631,2.96,1.5
2014.09.12,00:52:27.363,0.93641,0.93631,1.64,1
2014.09.12,00:52:28.909,0.9364,0.9363,1.62,1
2014.09.12,00:52:29.884,0.9364,0.9363,1.39,1
2014.09.12,00:52:30.514,0.9364,0.9363,1.39,1
2014.09.12,00:52:30.940,0.93638,0.93629,1.47,1.5
2014.09.12,00:52:31.449,0.93638,0.93629,1.47,1
2014.09.12,00:52:32.646,0.93638,0.93629,1.39,1
2014.09.12,00:52:33.051,0.93638,0.93629,1.7,1
2014.09.12,00:52:33.153,0.93638,0.93629,1.46,1
2014.09.12,00:52:33.661,0.93638,0.93629,1.39,1
2014.09.12,00:52:35.157,0.93638,0.93629,1.62,1
2014.09.12,00:52:36.275,0.93638,0.93629,1.7,1
2014.09.12,00:52:37.686,0.93638,0.93629,1.39,1
2014.09.12,00:52:38.231,0.93638,0.93629,1.39,1
2014.09.12,00:52:40.294,0.93638,0.93629,1.39,1
2014.09.12,00:52:41.276,0.93638,0.93629,1.39,1
2014.09.12,00:52:42.106,0.93639,0.93629,2.21,1
2014.09.12,00:52:42.207,0.93639,0.93629,2.21,1
2014.09.12,00:52:44.600,0.93639,0.93629,1.46,1
2014.09.12,00:52:44.701,0.93639,0.93629,1.46,1
2014.09.12,00:52:46.295,0.93639,0.93629,2.06,1
2014.09.12,00:52:46.804,0.9364,0.93629,2.14,1
2014.09.12,00:52:48.244,0.93639,0.93629,1.56,1
2014.09.12,00:52:49.108,0.93639,0.93629,1.56,1
2014.09.12,00:52:49.758,0.93639,0.93629,1.66,1
2014.09.12,00:52:53.374,0.9364,0.93629,1.62,1.1
2014.09.12,00:52:53.628,0.9364,0.93629,1.62,1.1
2014.09.12,00:52:54.135,0.93638,0.93629,1,1
2014.09.12,00:52:55.791,0.93638,0.93629,1.37,1
2014.09.12,00:52:56.315,0.93638,0.93629,1.37,1
2014.09.12,00:52:57.187,0.93638,0.93629,2.81,1
2014.09.12,00:52:57.713,0.93638,0.93629,2.81,1
2014.09.12,00:53:01.488,0.93638,0.93629,1.37,1
2014.09.12,00:53:08.125,0.93638,0.93629,1.37,1
2014.09.12,00:53:08.226,0.93638,0.93629,1.37,1
2014.09.12,00:53:08.431,0.93638,0.93629,1.37,1
2014.09.12,00:53:08.743,0.93638,0.93629,1.62,1
2014.09.12,00:53:19.389,0.93638,0.93628,1.62,1
2014.09.12,00:53:19.897,0.93638,0.93627,1.62,1.5
2014.09.12,00:53:20.734,0.93638,0.93627,3.64,1.5
2014.09.12,00:53:21.361,0.93637,0.93625,1.46,2.25
2014.09.12,00:53:22.865,0.93636,0.93625,1.47,2.25
2014.09.12,00:53:22.968,0.93636,0.93625,1.47,2.25
2014.09.12,00:53:23.433,0.93636,0.93625,1.47,2.25
2014.09.12,00:53:23.535,0.93636,0.93625,1.37,2.32
2014.09.12,00:53:25.156,0.93636,0.93625,1.12,1.57
2014.09.12,00:53:25.769,0.93636,0.93625,1.37,1.57
2014.09.12,00:53:26.277,0.93636,0.93625,1.37,1.57
2014.09.12,00:53:29.780,0.93636,0.93625,2.06,1.57
2014.09.12,00:53:30.389,0.93636,0.93625,2.06,1.57
2014.09.12,00:53:30.906,0.93636,0.93625,2.14,1.5
2014.09.12,00:53:35.989,0.93636,0.93625,1.39,1.5
2014.09.12,00:53:36.497,0.93636,0.93625,1.31,2.4
2014.09.12,00:53:37.006,0.93636,0.93625,1.47,2.25
2014.09.12,00:53:37.867,0.93636,0.93625,1.47,2.25
2014.09.12,00:53:47.433,0.93636,0.93625,1.47,1.69
2014.09.12,00:53:57.136,0.93636,0.93625,1,1.1
2014.09.12,00:54:06.833,0.93636,0.93625,1.07,1
2014.09.12,00:54:07.345,0.93636,0.93625,1,1.57
2014.09.12,00:54:08.969,0.93636,0.93625,1.47,1.5
2014.09.12,00:54:09.628,0.93636,0.93625,1.1,1.5
2014.09.12,00:54:10.506,0.93636,0.93625,1.47,1.5
2014.09.12,00:54:11.179,0.93636,0.93625,1.1,1.5
2014.09.12,00:54:16.811,0.93637,0.93624,2.96,3.45
2014.09.12,00:54:17.957,0.93637,0.93624,2.96,3.45
2014.09.12,00:54:20.980,0.93637,0.93624,3.64,3.15
2014.09.12,00:54:21.498,0.93637,0.93624,2.96,2.32
2014.09.12,00:54:22.010,0.93637,0.93624,2.89,2.4
2014.09.12,00:54:23.218,0.93637,0.93624,2.14,3.15
2014.09.12,00:54:23.521,0.93636,0.93627,1,1
2014.09.12,00:54:24.712,0.93636,0.93627,1,1.15
2014.09.12,00:54:24.763,0.93638,0.93627,1,1.15
2014.09.12,00:54:25.270,0.93638,0.93629,1,1
2014.09.12,00:54:26.224,0.93639,0.93629,1.5,1.2
2014.09.12,00:54:26.276,0.93639,0.93631,1,1
2014.09.12,00:54:26.733,0.93642,0.93631,1.5,1.17
2014.09.12,00:54:27.241,0.93642,0.93631,1.87,1.2
2014.09.12,00:54:27.785,0.93642,0.93631,1.87,1.17
2014.09.12,00:54:29.531,0.93642,0.93631,2.06,1.1
2014.09.12,00:54:30.130,0.93642,0.93631,2.06,1.17
2014.09.12,00:54:30.797,0.93642,0.93631,1.87,1.1
2014.09.12,00:54:32.840,0.93642,0.93631,2.06,1.17
2014.09.12,00:54:33.531,0.9364,0.93631,1,1
2014.09.12,00:54:42.239,0.9364,0.93631,1.87,1
2014.09.12,00:54:43.991,0.9364,0.9363,2.02,1.5
2014.09.12,00:54:45.154,0.9364,0.9363,1.95,1
2014.09.12,00:54:45.678,0.93639,0.9363,1.12,1
2014.09.12,00:54:47.941,0.9364,0.93629,2.7,1.5
2014.09.12,00:54:52.829,0.9364,0.93629,2.02,1
2014.09.12,00:54:53.698,0.9364,0.93629,2.02,1
2014.09.12,00:54:54.206,0.9364,0.93629,1.57,1
2014.09.12,00:54:54.741,0.9364,0.93629,1.57,1
2014.09.12,00:54:55.261,0.9364,0.93629,2.4,1
2014.09.12,00:54:55.517,0.9364,0.93629,2.32,1
2014.09.12,00:54:56.026,0.9364,0.93629,1.69,1.17
2014.09.12,00:54:56.734,0.9364,0.93629,1.5,1.2
2014.09.12,00:54:59.249,0.9364,0.93629,1.69,1.07
2014.09.12,00:54:59.335,0.9364,0.93629,2.06,1.07
2014.09.12,00:54:59.845,0.93638,0.93629,1.12,1.1
2014.09.12,00:55:00.354,0.93638,0.93628,1,1.57
2014.09.12,00:55:02.145,0.93638,0.93628,1.17,1.5
2014.09.12,00:55:02.666,0.93638,0.93628,1,1.5
2014.09.12,00:55:03.335,0.93638,0.93628,1,1.95
2014.09.12,00:55:03.845,0.93639,0.93628,1.01,1.87
2014.09.12,00:55:04.150,0.93639,0.9363,1.39,1
2014.09.12,00:55:04.663,0.93637,0.93629,1,1
2014.09.12,00:55:05.218,0.93637,0.93628,1,1.5
2014.09.12,00:55:05.879,0.93637,0.93628,1.39,1
2014.09.12,00:55:06.389,0.93635,0.93628,1,1
2014.09.12,00:55:06.745,0.93634,0.93624,1.37,1.5
2014.09.12,00:55:06.797,0.93633,0.93624,1.39,1.5
2014.09.12,00:55:07.104,0.93629,0.93623,1,1
2014.09.12,00:55:09.825,0.9363,0.93623,1.5,1
2014.09.12,00:55:13.025,0.93631,0.93623,1,1.5
2014.09.12,00:55:13.624,0.93633,0.93623,1.76,1.87
2014.09.12,00:55:14.334,0.93632,0.93623,1.07,1
2014.09.12,00:55:14.848,0.93632,0.93623,1,1
2014.09.12,00:55:17.131,0.93632,0.93623,1.07,1
2014.09.12,00:55:21.047,0.93632,0.93623,1.01,1
2014.09.12,00:55:22.462,0.9363,0.93621,1,1.87
2014.09.12,00:55:22.818,0.9363,0.9362,1.5,1.5
2014.09.12,00:55:27.332,0.9363,0.9362,1.09,1.87
2014.09.12,00:55:28.035,0.9363,0.9362,1.39,1.5
2014.09.12,00:55:28.542,0.9363,0.9362,1.46,1.5
2014.09.12,00:55:31.141,0.9363,0.9362,1,1.57
2014.09.12,00:55:32.368,0.9363,0.9362,1.69,1.5
2014.09.12,00:55:37.124,0.93628,0.9362,1,1
2014.09.12,00:55:37.226,0.93626,0.9362,1,1
2014.09.12,00:55:37.430,0.93626,0.93618,1,1
2014.09.12,00:55:37.532,0.93624,0.93618,1,1
2014.09.12,00:55:37.684,0.93624,0.93615,1,1.5
2014.09.12,00:55:37.887,0.93622,0.93615,1,1.5
2014.09.12,00:55:38.548,0.93622,0.93615,1.37,1
2014.09.12,00:55:38.853,0.9362,0.93613,1,1
2014.09.12,00:55:39.008,0.93618,0.93613,1,1
2014.09.12,00:55:41.725,0.93618,0.93609,1.47,1.5
2014.09.12,00:55:41.827,0.93618,0.9361,1.47,1
2014.09.12,00:55:42.234,0.93618,0.9361,1.12,1
2014.09.12,00:55:42.758,0.93617,0.9361,1.57,1
2014.09.12,00:55:47.683,0.93618,0.9361,1.2,1
2014.09.12,00:55:48.349,0.93617,0.9361,1,1
2014.09.12,00:55:48.866,0.93617,0.9361,1.07,1
2014.09.12,00:55:49.374,0.93615,0.9361,1,1
2014.09.12,00:55:49.425,0.93615,0.93608,1,1
2014.09.12,00:55:49.968,0.93614,0.93608,1.1,1
2014.09.12,00:55:50.019,0.93614,0.93608,1.07,1
2014.09.12,00:55:50.071,0.93613,0.93605,1.17,1.5
2014.09.12,00:55:50.529,0.9361,0.93605,1,1
2014.09.12,00:55:56.898,0.9361,0.93603,1,1
2014.09.12,00:55:57.254,0.93609,0.936,1.87,1
2014.09.12,00:56:03.551,0.93609,0.936,1,1.87
2014.09.12,00:56:04.059,0.9361,0.93601,1.01,1.37
2014.09.12,00:56:06.369,0.9361,0.936,1.1,1.87
2014.09.12,00:56:06.471,0.93608,0.936,1,1.87
2014.09.12,00:56:08.674,0.93608,0.936,1,1.87
2014.09.12,00:56:15.415,0.93608,0.936,1,1.95
2014.09.12,00:56:16.394,0.93611,0.936,1.69,3.45
2014.09.12,00:56:19.971,0.93611,0.936,1.65,3.37
2014.09.12,00:56:22.263,0.93611,0.936,1.84,3.37
2014.09.12,00:56:24.983,0.93611,0.936,1.76,2.62
2014.09.12,00:56:25.551,0.93611,0.936,1.84,2.62
2014.09.12,00:56:26.083,0.93611,0.936,1.76,2.62
2014.09.12,00:56:28.458,0.93611,0.936,1.76,2.62
2014.09.12,00:56:45.861,0.93611,0.936,1.65,2.62
2014.09.12,00:56:46.368,0.93611,0.936,1.57,2.62
2014.09.12,00:56:50.749,0.93611,0.93602,1.57,1.12
2014.09.12,00:56:51.255,0.93611,0.93602,1.57,1.12
2014.09.12,00:56:51.767,0.93611,0.93602,1.57,1.12
2014.09.12,00:56:59.391,0.93611,0.93602,1.65,1.12
2014.09.12,00:57:03.745,0.93611,0.93602,1.5,1.37
2014.09.12,00:57:04.354,0.93611,0.93603,1,1.37
2014.09.12,00:57:05.579,0.93611,0.93603,1,1.57
2014.09.12,00:57:06.101,0.93612,0.93603,1,1.57
2014.09.12,00:57:10.117,0.93612,0.93603,1,1.57
2014.09.12,00:57:10.681,0.93612,0.93603,1,1.5
2014.09.12,00:57:11.198,0.93612,0.93603,1,2.02
2014.09.12,00:57:11.741,0.93612,0.93603,1,1.95
2014.09.12,00:57:13.891,0.93612,0.93603,1,2.02
2014.09.12,00:57:14.423,0.93612,0.93603,1,1.95
2014.09.12,00:57:19.130,0.93612,0.93603,1.5,1.65
2014.09.12,00:57:19.646,0.93611,0.93603,1,1.65
2014.09.12,00:57:20.715,0.93612,0.93603,1.5,1.17
2014.09.12,00:57:21.233,0.93611,0.93602,1,2.02
2014.09.12,00:57:21.760,0.93611,0.93602,1,1.95
2014.09.12,00:57:23.238,0.93611,0.93602,1,2.02
2014.09.12,00:57:24.109,0.93612,0.93602,1.5,2.02
2014.09.12,00:57:30.653,0.93612,0.93602,1,1.95
2014.09.12,00:57:31.456,0.93612,0.93602,1,2.02
2014.09.12,00:57:32.849,0.93612,0.93602,1,1.95
2014.09.12,00:57:33.550,0.93612,0.93602,1,2.02
2014.09.12,00:57:34.307,0.93612,0.93602,1,1.57
2014.09.12,00:57:34.925,0.93612,0.93603,1,1.1
2014.09.12,00:57:43.432,0.93612,0.93602,1,2.32
2014.09.12,00:57:43.842,0.93612,0.93602,1,2.62
2014.09.12,00:57:44.149,0.93614,0.93607,1,1.12
2014.09.12,00:57:44.657,0.93615,0.93607,1,1
2014.09.12,00:57:45.271,0.93616,0.93607,1.5,1
2014.09.12,00:58:03.867,0.93616,0.93606,1,1.87
2014.09.12,00:58:04.857,0.93616,0.93606,1.39,1
2014.09.12,00:58:05.162,0.93613,0.93604,1,1
2014.09.12,00:58:05.669,0.93612,0.93604,1.5,1
2014.09.12,00:58:07.359,0.93612,0.93603,1,1.5
2014.09.12,00:58:20.786,0.93612,0.93603,1,1.37
2014.09.12,00:58:22.215,0.93612,0.93602,1,1.87
2014.09.12,00:58:22.717,0.93612,0.93602,1,1.87
2014.09.12,00:58:23.913,0.93612,0.93602,1,1.87
2014.09.12,00:58:37.286,0.93612,0.93604,1,1
2014.09.12,00:58:37.794,0.93612,0.93602,1,2.7
2014.09.12,00:58:38.217,0.93612,0.93602,1,2.62
2014.09.12,00:58:38.319,0.93612,0.93602,1,2.7
2014.09.12,00:58:38.827,0.93613,0.93604,1,1
2014.09.12,00:58:44.430,0.93613,0.93603,1,1
2014.09.12,00:58:44.937,0.93612,0.93603,1,1
2014.09.12,00:58:45.445,0.93613,0.93603,1,1
2014.09.12,00:58:47.555,0.93613,0.93603,2.21,1
2014.09.12,00:58:48.062,0.93611,0.93602,1.17,1
2014.09.12,00:58:53.207,0.93611,0.93602,1.1,1
2014.09.12,00:59:00.069,0.93611,0.93601,1.1,1.5
2014.09.12,00:59:00.838,0.93611,0.93602,1.1,1
2014.09.12,00:59:01.345,0.93611,0.93602,1.17,1
2014.09.12,00:59:01.893,0.93611,0.93602,1.1,1
2014.09.12,00:59:04.905,0.93609,0.93602,1,1
2014.09.12,00:59:06.023,0.93609,0.936,1,1.5
2014.09.12,00:59:06.380,0.93609,0.93598,1.5,1.1
2014.09.12,00:59:06.887,0.93608,0.93598,1,1.1
2014.09.12,00:59:10.071,0.93608,0.93598,1,1.07
2014.09.12,00:59:10.707,0.93608,0.93598,1,1.1
2014.09.12,00:59:11.214,0.93608,0.93598,1,1.37
2014.09.12,00:59:11.716,0.93609,0.93598,1.5,1.47
2014.09.12,00:59:12.224,0.93609,0.93598,1,1.57
2014.09.12,00:59:13.183,0.93609,0.93598,1,1.52
2014.09.12,00:59:15.628,0.93609,0.93598,1,1.77
2014.09.12,00:59:16.235,0.9361,0.936,1.5,1.17
2014.09.12,00:59:16.742,0.93611,0.936,1,1.65
2014.09.12,00:59:17.288,0.93611,0.936,1,1.57
2014.09.12,00:59:24.168,0.93611,0.936,1,2.02
2014.09.12,00:59:25.547,0.93611,0.936,1,2.02
2014.09.12,00:59:26.446,0.93611,0.93602,1,1
2014.09.12,00:59:27.217,0.93613,0.93602,2.44,1.2
2014.09.12,00:59:27.726,0.93612,0.93602,1,1.95
2014.09.12,00:59:30.637,0.9361,0.93602,1,1
2014.09.12,00:59:31.144,0.93611,0.93602,1,1
2014.09.12,00:59:52.345,0.93611,0.93602,1,1.57
2014.09.12,00:59:52.894,0.93612,0.93602,1,2.02
2014.09.12,00:59:53.745,0.93612,0.93602,1,2.02
2014.09.12,00:59:54.291,0.93612,0.93602,1,2.02
2014.09.12,00:59:55.505,0.93612,0.93602,1,2.02
2014.09.12,00:59:58.936,0.93612,0.93602,1,2.02
2014.09.12,01:00:00.732,0.93612,0.93602,1,2.02
2014.09.12,01:00:01.919,0.93612,0.93602,1,2.02
2014.09.12,01:00:05.391,0.93612,0.93602,1,1.65
2014.09.12,01:00:05.899,0.93612,0.93602,1,1.65
2014.09.12,01:00:06.407,0.93612,0.93605,1,1
2014.09.12,01:00:10.433,0.93612,0.93602,1,2.4
2014.09.12,01:00:11.579,0.93612,0.93602,1,2.4
2014.09.12,01:00:12.099,0.93612,0.93602,1,2.32
2014.09.12,01:00:13.447,0.93612,0.93602,1,2.4
2014.09.12,01:00:21.323,0.93613,0.93604,1,1
2014.09.12,01:00:24.424,0.93613,0.93603,1.1,1
2014.09.12,01:00:28.724,0.93612,0.93603,1,1
2014.09.12,01:00:30.362,0.93613,0.93603,1.76,1
2014.09.12,01:00:30.868,0.93612,0.93603,1,1
2014.09.12,01:00:31.774,0.93613,0.93603,1.76,1
2014.09.12,01:00:48.513,0.93612,0.93603,1,1
2014.09.12,01:01:22.387,0.93613,0.93603,2.44,1
2014.09.12,01:01:30.181,0.93613,0.93602,2.32,1
2014.09.12,01:01:30.720,0.93613,0.93602,2.44,1
2014.09.12,01:01:31.582,0.93613,0.93602,1.69,1.1
2014.09.12,01:01:35.493,0.93613,0.93602,2.51,1.12
2014.09.12,01:01:43.374,0.93613,0.93602,1.76,1
2014.09.12,01:01:44.599,0.93613,0.93602,2.51,1
2014.09.12,01:01:50.986,0.93613,0.93602,1.69,1.37
2014.09.12,01:01:55.001,0.93613,0.93602,2.14,1.12
2014.09.12,01:01:55.507,0.93611,0.93601,1,1.95
2014.09.12,01:02:01.566,0.93611,0.93601,1,1.95
2014.09.12,01:02:02.109,0.93611,0.93601,1,2.02
2014.09.12,01:02:03.559,0.93611,0.93601,1,1.95
2014.09.12,01:02:06.689,0.93611,0.93601,1,1.17
2014.09.12,01:02:07.228,0.93611,0.93601,1,1
2014.09.12,01:02:08.362,0.93612,0.936,3.34,1
2014.09.12,01:02:09.697,0.93608,0.936,1,1.57
2014.09.12,01:02:10.550,0.93609,0.936,1,1
2014.09.12,01:02:17.160,0.93605,0.936,1,1
2014.09.12,01:02:17.313,0.93608,0.936,1.27,1
2014.09.12,01:02:17.415,0.93605,0.936,1,1
2014.09.12,01:02:17.517,0.93605,0.93597,1.5,1
2014.09.12,01:02:18.024,0.93605,0.93596,2.32,1
2014.09.12,01:02:24.317,0.93602,0.93594,1,1.5
2014.09.12,01:02:24.825,0.93602,0.93593,2.25,1
2014.09.12,01:02:36.629,0.93602,0.93594,1.5,1.37
2014.09.12,01:02:36.883,0.93604,0.93594,1,1.47
2014.09.12,01:02:37.189,0.93606,0.93597,1,1.1
2014.09.12,01:02:37.697,0.93606,0.93598,1,1
2014.09.12,01:02:38.948,0.93607,0.93598,1,1.5
2014.09.12,01:03:03.094,0.93606,0.93598,1,1
2014.09.12,01:03:03.145,0.93606,0.93596,2.25,1.5
2014.09.12,01:03:03.653,0.93605,0.93596,1,1
2014.09.12,01:03:19.682,0.93603,0.93595,1,1.5
2014.09.12,01:03:26.454,0.93603,0.93598,1,1
2014.09.12,01:03:26.709,0.93603,0.93595,1,1.1
2014.09.12,01:04:07.508,0.93603,0.93594,1,1.12
2014.09.12,01:04:12.177,0.93603,0.93593,1.1,1.12
2014.09.12,01:04:12.279,0.93601,0.93592,1,3.45
2014.09.12,01:04:15.393,0.93601,0.93592,1,1.87
2014.09.12,01:04:16.154,0.936,0.93592,1,1.5
2014.09.12,01:04:16.458,0.93598,0.9359,1,1.5
2014.09.12,01:04:17.142,0.93597,0.9359,1,1
2014.09.12,01:04:18.084,0.93598,0.9359,2.62,1
2014.09.12,01:04:18.795,0.93598,0.9359,2.62,1
2014.09.12,01:04:19.202,0.93595,0.9359,1,1
2014.09.12,01:04:19.253,0.93595,0.93587,1,1.5
2014.09.12,01:04:19.761,0.93596,0.93587,1.5,1
2014.09.12,01:04:29.447,0.93596,0.93587,1.95,1
2014.09.12,01:04:29.978,0.93594,0.93587,1,1
2014.09.12,01:04:32.473,0.93594,0.93585,1,2.25
2014.09.12,01:04:33.841,0.93594,0.93585,1.87,2.25
2014.09.12,01:04:34.359,0.93592,0.93585,1,1
2014.09.12,01:04:41.647,0.93594,0.93585,1,1
2014.09.12,01:04:59.361,0.93595,0.93586,1.5,1
2014.09.12,01:05:20.524,0.93595,0.93586,1,1.17
2014.09.12,01:05:20.828,0.93597,0.93588,1.5,1.57
2014.09.12,01:05:27.328,0.93597,0.93588,1,1.95
2014.09.12,01:05:27.838,0.93598,0.93589,1,1.37
2014.09.12,01:05:28.351,0.93598,0.93589,1,1.37
2014.09.12,01:05:36.282,0.93598,0.93589,1,1.47
2014.09.12,01:05:36.790,0.93599,0.93589,1.5,1.55
2014.09.12,01:05:37.299,0.93599,0.93589,1.5,1.55
2014.09.12,01:05:42.310,0.93599,0.93589,1.5,1.55
2014.09.12,01:05:45.986,0.93599,0.93589,1.5,1.47
2014.09.12,01:06:00.592,0.93598,0.93589,1,1.47
2014.09.12,01:06:01.214,0.93597,0.93588,1,2.77
2014.09.12,01:06:01.916,0.93597,0.93588,1,2.77
2014.09.12,01:06:03.944,0.93598,0.93588,1,2.77
2014.09.12,01:06:05.908,0.93598,0.93588,1,2.77
2014.09.12,01:06:10.302,0.936,0.93591,1.5,1.12
2014.09.12,01:06:35.317,0.936,0.9359,1,1.47
2014.09.12,01:06:41.888,0.936,0.9359,1,1.37
2014.09.12,01:06:42.193,0.936,0.9359,1,1.37
2014.09.12,01:06:42.396,0.936,0.9359,1,1.12
2014.09.12,01:06:42.498,0.936,0.9359,1,1.37
2014.09.12,01:06:42.600,0.936,0.9359,1,1.12
2014.09.12,01:06:42.804,0.936,0.9359,1,1.95
2014.09.12,01:06:43.323,0.936,0.9359,1,2.02
2014.09.12,01:06:44.295,0.936,0.9359,1,2.02
2014.09.12,01:06:51.606,0.936,0.9359,1,1.95
2014.09.12,01:06:52.407,0.936,0.9359,1,1.95
2014.09.12,01:06:54.473,0.936,0.9359,1,1.87
2014.09.12,01:06:55.598,0.936,0.9359,1,2.02
2014.09.12,01:06:56.099,0.936,0.9359,1,1.95
2014.09.12,01:06:57.301,0.936,0.9359,1,1.95
2014.09.12,01:06:57.838,0.936,0.9359,1,1.95
2014.09.12,01:06:59.794,0.936,0.9359,1,1.95
2014.09.12,01:07:00.394,0.936,0.9359,1,1.95
2014.09.12,01:07:01.046,0.936,0.9359,1,2.02
2014.09.12,01:07:01.661,0.936,0.9359,1,1.95
2014.09.12,01:07:02.213,0.936,0.9359,1,2.02
2014.09.12,01:07:04.209,0.936,0.9359,1,1.95
2014.09.12,01:07:04.715,0.93601,0.93591,1,1.2
2014.09.12,01:07:06.160,0.93601,0.9359,1,2.89
2014.09.12,01:07:06.668,0.93601,0.9359,1,2.96
2014.09.12,01:07:07.389,0.93601,0.9359,1,2.81
2014.09.12,01:07:08.409,0.93601,0.9359,1,2.96
2014.09.12,01:07:29.192,0.93601,0.9359,1,2.96
2014.09.12,01:07:32.006,0.93601,0.9359,1,2.89
2014.09.12,01:07:44.762,0.93601,0.9359,1,2.77
2014.09.12,01:07:54.438,0.93601,0.9359,1,1.55
2014.09.12,01:07:54.641,0.93601,0.9359,1,1.47
2014.09.12,01:07:58.831,0.93601,0.9359,1,1.55
2014.09.12,01:07:59.186,0.93599,0.9359,1,1.47
2014.09.12,01:08:02.947,0.936,0.9359,1,1.55
2014.09.12,01:08:15.080,0.936,0.9359,1,1.2
2014.09.12,01:08:28.181,0.936,0.9359,1,1.27
2014.09.12,01:08:28.693,0.936,0.9359,1,1.2
2014.09.12,01:08:31.573,0.936,0.9359,1,1.27
2014.09.12,01:08:32.179,0.936,0.9359,1,1.2
2014.09.12,01:08:32.700,0.93599,0.9359,1,1.12
2014.09.12,01:08:33.271,0.93598,0.9359,1,1.12
2014.09.12,01:08:52.849,0.93598,0.9359,1,1.37
2014.09.12,01:08:59.566,0.93599,0.93589,1.5,2.89
2014.09.12,01:09:04.094,0.93598,0.93589,1,1.39
2014.09.12,01:09:20.052,0.936,0.9359,1.5,1.37
2014.09.12,01:09:20.755,0.93599,0.9359,1,1.87
2014.09.12,01:09:38.271,0.93598,0.93589,1,2.14
2014.09.12,01:09:38.959,0.93597,0.93589,1,2.14
2014.09.12,01:09:51.777,0.93597,0.9359,1,1
2014.09.12,01:10:00.900,0.93597,0.93591,1,1
2014.09.12,01:10:06.838,0.93597,0.9359,1,1
2014.09.12,01:10:08.112,0.93599,0.9359,1,1
2014.09.12,01:10:08.636,0.93599,0.93591,1,1
2014.09.12,01:10:09.147,0.93599,0.9359,1,1.5
2014.09.12,01:10:13.317,0.93599,0.9359,1,1.65
2014.09.12,01:10:14.032,0.93599,0.9359,1,1.57
2014.09.12,01:10:14.612,0.93599,0.93591,1,1
2014.09.12,01:10:22.131,0.93599,0.93591,1,1.37
2014.09.12,01:10:51.782,0.936,0.9359,1,1.95
2014.09.12,01:10:54.147,0.936,0.93591,1,1.07
2014.09.12,01:10:54.936,0.936,0.93591,1,1.2
2014.09.12,01:11:02.247,0.93601,0.93591,1,1
2014.09.12,01:11:11.289,0.93601,0.93591,1,2.14
2014.09.12,01:11:11.595,0.93603,0.93593,1,1.65
2014.09.12,01:11:12.103,0.93604,0.93595,1.5,1
2014.09.12,01:11:57.531,0.93604,0.93594,1,1.2
2014.09.12,01:11:58.145,0.93603,0.93594,1,1.27
2014.09.12,01:11:59.187,0.93604,0.93595,1,1.1
2014.09.12,01:12:52.461,0.93604,0.93594,1,1.5
2014.09.12,01:13:01.735,0.93604,0.93595,1,1
2014.09.12,01:13:08.365,0.93604,0.93594,1,1.5
2014.09.12,01:13:20.688,0.93604,0.93594,1,2.02
2014.09.12,01:13:21.473,0.93604,0.93594,1,1.95
2014.09.12,01:13:22.147,0.93604,0.93594,1,2.02
2014.09.12,01:13:22.682,0.93604,0.93594,1,1.95
2014.09.12,01:13:24.191,0.93604,0.93594,1,2.02
2014.09.12,01:13:24.733,0.93604,0.93594,1,1.95
2014.09.12,01:13:28.099,0.93604,0.93594,1,2.02
2014.09.12,01:13:28.871,0.93604,0.93594,1,2.02
2014.09.12,01:13:33.205,0.93605,0.93594,1,2.02
2014.09.12,01:13:33.728,0.93605,0.93594,1,1.95
2014.09.12,01:13:35.020,0.93605,0.93594,1,2.02
2014.09.12,01:13:35.533,0.93605,0.93596,1,1
2014.09.12,01:13:41.024,0.93605,0.93595,1,1
2014.09.12,01:13:42.997,0.93605,0.93595,1.07,1
2014.09.12,01:13:48.305,0.93605,0.93595,1.2,1
2014.09.12,01:14:01.352,0.93605,0.93595,1.17,1
2014.09.12,01:14:02.089,0.93605,0.93595,1.1,1
2014.09.12,01:14:05.342,0.93605,0.93595,1.2,1
2014.09.12,01:14:05.849,0.93605,0.93595,1.1,1
2014.09.12,01:14:07.907,0.93604,0.93595,1,1
2014.09.12,01:14:28.412,0.93604,0.93594,1,1.5
2014.09.12,01:14:36.225,0.93604,0.93595,1,1
2014.09.12,01:15:08.164,0.93605,0.93595,1.01,1
2014.09.12,01:15:09.800,0.93605,0.93595,1.32,1
2014.09.12,01:15:10.357,0.93605,0.93595,1.25,1.95
2014.09.12,01:15:10.864,0.93606,0.93595,1,2.02
2014.09.12,01:15:11.374,0.93605,0.93596,1,1
2014.09.12,01:15:15.084,0.93605,0.93595,1,1.95
2014.09.12,01:15:21.706,0.93605,0.93595,1.37,1.1
2014.09.12,01:15:22.212,0.93604,0.93594,1.12,1.1
2014.09.12,01:15:25.330,0.93604,0.93594,1,1.47
2014.09.12,01:15:25.988,0.93605,0.93596,1,1
2014.09.12,01:16:04.035,0.93605,0.93597,1,1
2014.09.12,01:16:04.342,0.93606,0.93599,1,1
2014.09.12,01:16:04.951,0.93607,0.93599,1.5,1
2014.09.12,01:16:08.963,0.93607,0.93598,1.5,1
2014.09.12,01:16:13.955,0.93607,0.93597,1.5,1
2014.09.12,01:16:14.719,0.93607,0.93596,1.5,1.95
2014.09.12,01:16:17.852,0.93607,0.93596,1,2.7
2014.09.12,01:16:18.459,0.93607,0.93597,1,1.2
2014.09.12,01:16:18.966,0.93607,0.93597,1,1.17
2014.09.12,01:16:23.247,0.93607,0.93596,1,2.96
2014.09.12,01:16:23.754,0.93607,0.93596,1,2.96
2014.09.12,01:16:25.478,0.93607,0.93596,1,2.77
2014.09.12,01:16:29.072,0.93607,0.93596,1,2.96
2014.09.12,01:16:29.760,0.93607,0.93596,1,2.89
2014.09.12,01:16:33.164,0.93607,0.93596,1,2.02
2014.09.12,01:16:37.187,0.93607,0.93596,1,2.02
2014.09.12,01:16:37.818,0.93607,0.93596,1,1.65
2014.09.12,01:16:42.849,0.93607,0.93596,1,1.65
2014.09.12,01:16:43.513,0.93607,0.93596,1,1.65
2014.09.12,01:16:47.833,0.93607,0.93596,1,2.4
2014.09.12,01:16:54.606,0.93607,0.93599,1,1
2014.09.12,01:16:54.912,0.93608,0.93601,1,1
2014.09.12,01:16:54.964,0.9361,0.93601,2.25,1
2014.09.12,01:16:55.269,0.93611,0.93603,2.25,1
2014.09.12,01:16:55.421,0.93613,0.93603,1.5,1.1
2014.09.12,01:16:55.523,0.93613,0.93605,1.5,1
2014.09.12,01:16:55.624,0.93615,0.93604,3,1.57
2014.09.12,01:16:56.131,0.93615,0.93604,3,1.65
2014.09.12,01:16:56.677,0.93615,0.93604,3,1.57
2014.09.12,01:16:57.726,0.93614,0.93604,1,1
2014.09.12,01:16:58.695,0.93612,0.93604,1,1
2014.09.12,01:17:01.635,0.93612,0.93604,1,1.17
2014.09.12,01:17:03.626,0.93612,0.93604,1,1.1
2014.09.12,01:17:04.899,0.93612,0.93604,1,1.17
2014.09.12,01:17:05.423,0.93612,0.93604,1,1.1
2014.09.12,01:17:07.254,0.93613,0.93603,1,2.02
2014.09.12,01:17:07.800,0.93614,0.93603,1,1.27
2014.09.12,01:17:09.013,0.93614,0.93603,1,1.27
2014.09.12,01:17:09.617,0.93614,0.93603,1,1.27
2014.09.12,01:17:10.239,0.93614,0.93603,1,1.27
2014.09.12,01:17:10.784,0.93614,0.93603,1,1.65
2014.09.12,01:17:11.447,0.93614,0.93604,1,1.17
2014.09.12,01:17:12.157,0.93614,0.93604,1,2.02
2014.09.12,01:17:12.463,0.93614,0.93604,1,1.95
2014.09.12,01:17:19.933,0.93614,0.93606,1,1.17
2014.09.12,01:17:21.458,0.93614,0.93606,1,1.15
2014.09.12,01:17:21.995,0.93614,0.93606,1,1.17
2014.09.12,01:17:23.349,0.93614,0.93606,1,1.15
2014.09.12,01:17:23.951,0.93614,0.93606,1,1.17
2014.09.12,01:17:25.174,0.93614,0.93606,1,1.27
2014.09.12,01:17:30.261,0.93614,0.93606,1,1.57
2014.09.12,01:17:31.563,0.93614,0.93606,1,1.2
2014.09.12,01:17:33.594,0.93614,0.93606,1,1.27
2014.09.12,01:17:34.103,0.93614,0.93606,1,1.27
2014.09.12,01:17:36.760,0.93615,0.93606,1,1.57
2014.09.12,01:17:37.066,0.93615,0.93607,1,1.27
2014.09.12,01:17:37.219,0.93617,0.93607,1,2.02
2014.09.12,01:17:37.701,0.93618,0.93609,1,1.95
2014.09.12,01:17:37.957,0.9362,0.93612,1.5,1
2014.09.12,01:17:38.465,0.93621,0.93612,1,1.2
2014.09.12,01:17:39.015,0.93621,0.93612,1,1.47
2014.09.12,01:17:39.775,0.93621,0.93612,1,1.2
2014.09.12,01:18:04.476,0.93621,0.93613,1,1
2014.09.12,01:18:07.199,0.93622,0.93613,1.87,1
2014.09.12,01:18:10.833,0.93623,0.93613,2.25,1.1
2014.09.12,01:18:12.894,0.93623,0.93613,1.37,1.1
2014.09.12,01:18:13.402,0.93623,0.93613,1.12,1
2014.09.12,01:18:15.144,0.93623,0.93613,1.12,1.07
2014.09.12,01:18:15.720,0.93623,0.93613,1.12,1.2
2014.09.12,01:18:19.071,0.93623,0.93613,1,1.07
2014.09.12,01:18:19.587,0.93623,0.93613,1,1.15
