Time,Ask,Bid,AskVolume,BidVolume,
2014.09.12,00:00:00.189,107.123,107.12,1,1.5
2014.09.12,00:00:00.291,107.124,107.12,1,2.25
2014.09.12,00:00:01.150,107.124,107.121,1,3.37
2014.09.12,00:00:01.201,107.124,107.123,1,1.5
2014.09.12,00:00:01.302,107.126,107.123,1,2.25
2014.09.12,00:00:01.810,107.125,107.123,1,1
2014.09.12,00:00:01.911,107.124,107.121,1,1
2014.09.12,00:00:02.012,107.122,107.12,1.12,1
2014.09.12,00:00:02.063,107.122,107.118,1.12,2.25
2014.09.12,00:00:02.114,107.12,107.118,1,1
2014.09.12,00:00:02.215,107.119,107.116,1,5.25
2014.09.12,00:00:02.417,107.118,107.114,1,1.12
2014.09.12,00:00:02.519,107.116,107.115,1,1
2014.09.12,00:00:02.772,107.112,107.109,1,1.5
2014.09.12,00:00:02.874,107.11,107.108,1,1
2014.09.12,00:00:03.025,107.112,107.109,1,1
2014.09.12,00:00:03.177,107.112,107.107,1,3.75
2014.09.12,00:00:03.682,107.111,107.107,1,2.25
2014.09.12,00:00:04.188,107.112,107.107,2.62,2.25
2014.09.12,00:00:04.289,107.11,107.107,1,1.5
2014.09.12,00:00:04.492,107.111,107.105,1.5,3
2014.09.12,00:00:04.542,107.109,107.105,1,2.25
2014.09.12,00:00:05.051,107.108,107.106,1,1
2014.09.12,00:00:05.577,107.109,107.106,1,1
2014.09.12,00:00:06.032,107.108,107.104,1,2.62
2014.09.12,00:00:06.234,107.106,107.103,1,1
2014.09.12,00:00:06.537,107.108,107.106,1.5,1
2014.09.12,00:00:06.639,107.108,107.103,1.5,2.25
2014.09.12,00:00:07.144,107.106,107.102,1,3
2014.09.12,00:00:07.649,107.107,107.103,2.62,1
2014.09.12,00:00:08.053,107.105,107.102,1,1
2014.09.12,00:00:08.104,107.105,107.1,1.5,1.5
2014.09.12,00:00:08.154,107.103,107.1,1,1.5
2014.09.12,00:00:08.610,107.101,107.099,3,1
2014.09.12,00:00:08.660,107.099,107.096,1,1.5
2014.09.12,00:00:08.812,107.097,107.094,1,1
2014.09.12,00:00:08.914,107.099,107.094,1.5,1
2014.09.12,00:00:09.015,107.097,107.094,1,1
2014.09.12,00:00:09.522,107.098,107.095,1,1
2014.09.12,00:00:09.927,107.099,107.097,1,1
2014.09.12,00:00:10.028,107.101,107.098,1,1
2014.09.12,00:00:10.551,107.102,107.098,1.5,2.44
2014.09.12,00:00:11.214,107.102,107.099,1.5,1
2014.09.12,00:00:12.441,107.103,107.099,2.25,1.5
2014.09.12,00:00:13.155,107.103,107.1,1.5,1
2014.09.12,00:00:13.663,107.105,107.102,1,1
2014.09.12,00:00:13.866,107.109,107.104,2.44,1.5
2014.09.12,00:00:13.917,107.11,107.106,1.5,1
2014.09.12,00:00:14.441,107.111,107.107,1,1
2014.09.12,00:00:14.948,107.11,107.107,1,1
2014.09.12,00:00:16.242,107.112,107.108,1.69,1.5
2014.09.12,00:00:16.293,107.112,107.11,1.25,1
2014.09.12,00:00:16.697,107.114,107.11,2.25,1
2014.09.12,00:00:17.059,107.112,107.109,1,1.5
2014.09.12,00:00:17.564,107.112,107.11,1.5,1
2014.09.12,00:00:17.917,107.113,107.111,1.5,1
2014.09.12,00:00:18.422,107.113,107.111,1,1
2014.09.12,00:00:18.927,107.112,107.111,1,1
2014.09.12,00:00:20.295,107.113,107.111,1,1.5
2014.09.12,00:00:21.559,107.114,107.111,1.5,1.5
2014.09.12,00:00:21.963,107.112,107.111,1,1
2014.09.12,00:00:22.279,107.112,107.11,1.5,1
2014.09.12,00:00:23.876,107.111,107.109,1.5,1
2014.09.12,00:00:24.383,107.112,107.11,1,1
2014.09.12,00:00:24.712,107.11,107.108,1,1.5
2014.09.12,00:00:24.765,107.109,107.108,1,1
2014.09.12,00:00:24.968,107.109,107.106,1,2.25
2014.09.12,00:00:25.220,107.11,107.108,2.25,1
2014.09.12,00:00:25.524,107.112,107.111,1,1
2014.09.12,00:00:26.029,107.113,107.111,1.69,1
2014.09.12,00:00:26.333,107.111,107.109,1.5,1.25
2014.09.12,00:00:26.434,107.111,107.107,1.5,2.25
2014.09.12,00:00:27.494,107.111,107.109,1,1
2014.09.12,00:00:28.053,107.111,107.109,1,1
2014.09.12,00:00:29.594,107.111,107.107,1.5,1
2014.09.12,00:00:29.645,107.109,107.107,1,1
2014.09.12,00:00:30.152,107.109,107.108,1,1
2014.09.12,00:00:30.657,107.107,107.104,1,1
2014.09.12,00:00:31.699,107.107,107.105,3.19,1
2014.09.12,00:00:31.850,107.105,107.103,2.44,1.5
2014.09.12,00:00:32.862,107.106,107.105,1.25,1
2014.09.12,00:00:33.889,107.105,107.104,2.44,1
2014.09.12,00:00:38.178,107.105,107.103,3.19,1
2014.09.12,00:00:40.360,107.105,107.102,3.19,2.25
2014.09.12,00:00:40.923,107.104,107.101,1,3
2014.09.12,00:00:41.025,107.102,107.099,6.25,1.5
2014.09.12,00:00:41.126,107.1,107.097,1,1.5
2014.09.12,00:00:41.278,107.097,107.096,1.25,1
2014.09.12,00:00:41.480,107.098,107.093,3.19,3
2014.09.12,00:00:41.582,107.098,107.095,3.19,1
2014.09.12,00:00:42.088,107.098,107.094,3.94,1.5
2014.09.12,00:00:42.493,107.095,107.094,1.25,1.5
2014.09.12,00:00:42.695,107.095,107.092,1.69,2.25
2014.09.12,00:00:42.899,107.093,107.092,1.25,1
2014.09.12,00:00:43.415,107.093,107.091,1.69,1.5
2014.09.12,00:00:43.618,107.095,107.092,1.25,1
2014.09.12,00:00:44.123,107.094,107.091,1.69,1
2014.09.12,00:00:44.476,107.091,107.09,1,1
2014.09.12,00:00:44.780,107.089,107.086,1.69,1
2014.09.12,00:00:44.932,107.088,107.086,1,1.5
2014.09.12,00:00:44.983,107.087,107.085,1.69,1.5
2014.09.12,00:00:45.135,107.085,107.083,1,1.5
2014.09.12,00:00:45.236,107.085,107.082,1.25,1
2014.09.12,00:00:45.783,107.085,107.081,1.25,3.75
2014.09.12,00:00:46.178,107.085,107.083,1.25,1
2014.09.12,00:00:46.482,107.085,107.081,3.19,3.75
2014.09.12,00:00:47.158,107.085,107.082,1.25,1.5
2014.09.12,00:00:47.817,107.084,107.082,1,1.5
2014.09.12,00:00:48.333,107.086,107.082,3.75,1
2014.09.12,00:00:48.991,107.086,107.083,1.69,1
2014.09.12,00:00:49.142,107.087,107.084,3.94,1
2014.09.12,00:00:49.345,107.088,107.086,1,1
2014.09.12,00:00:49.649,107.091,107.089,1,4.12
2014.09.12,00:00:50.407,107.091,107.088,1,4.69
2014.09.12,00:00:50.912,107.092,107.088,2.44,4.69
2014.09.12,00:00:51.418,107.093,107.091,1,1
2014.09.12,00:00:51.822,107.096,107.092,1.69,6.56
2014.09.12,00:00:52.351,107.095,107.092,1,1.5
2014.09.12,00:00:52.924,107.094,107.092,1,1.5
2014.09.12,00:00:53.076,107.096,107.094,1,3.37
2014.09.12,00:00:53.127,107.099,107.095,4.69,3.37
2014.09.12,00:00:53.490,107.097,107.094,1,1.5
2014.09.12,00:00:53.810,107.095,107.093,1,1
2014.09.12,00:00:54.327,107.095,107.092,1,1.25
2014.09.12,00:00:54.997,107.094,107.091,1,3.19
2014.09.12,00:00:55.743,107.094,107.091,1.5,1.25
2014.09.12,00:00:57.443,107.093,107.091,1,1.5
2014.09.12,00:00:59.282,107.093,107.092,1,1
2014.09.12,00:00:59.433,107.096,107.093,1,1
2014.09.12,00:00:59.938,107.097,107.094,1.25,4.87
2014.09.12,00:01:00.455,107.096,107.092,1.69,2.44
2014.09.12,00:01:01.445,107.096,107.091,2.44,1.25
2014.09.12,00:01:01.950,107.096,107.092,3.94,1
2014.09.12,00:01:02.658,107.096,107.091,2.44,3.19
2014.09.12,00:01:03.557,107.096,107.092,3.19,1.5
2014.09.12,00:01:04.315,107.096,107.093,1.69,1
2014.09.12,00:01:04.821,107.096,107.093,1,1
2014.09.12,00:01:12.274,107.096,107.094,3.19,1
2014.09.12,00:01:12.325,107.094,107.092,1,1.25
2014.09.12,00:01:12.376,107.094,107.091,1.5,2.44
2014.09.12,00:01:13.479,107.094,107.091,1.5,2.44
2014.09.12,00:01:15.115,107.095,107.091,3.94,1.69
2014.09.12,00:01:15.681,107.095,107.092,1.5,1
2014.09.12,00:01:16.184,107.095,107.093,1.5,1
2014.09.12,00:01:17.038,107.095,107.092,1.5,1
2014.09.12,00:01:17.545,107.095,107.091,1.5,2.25
2014.09.12,00:01:18.818,107.095,107.092,1.5,1
2014.09.12,00:01:19.327,107.096,107.092,1.5,1
2014.09.12,00:01:19.832,107.096,107.093,1.69,1.5
2014.09.12,00:01:21.099,107.096,107.095,1,1
2014.09.12,00:01:21.606,107.096,107.094,1,1
2014.09.12,00:01:22.116,107.097,107.094,1.69,1
2014.09.12,00:01:22.622,107.096,107.093,1,1.69
2014.09.12,00:01:23.138,107.097,107.094,3.94,1
2014.09.12,00:01:23.642,107.099,107.095,1.69,1.5
2014.09.12,00:01:24.151,107.098,107.095,1,1
2014.09.12,00:01:24.712,107.099,107.095,1.69,1.25
2014.09.12,00:01:30.231,107.1,107.097,2.44,1
2014.09.12,00:01:30.535,107.101,107.1,1,1
2014.09.12,00:01:31.041,107.102,107.1,1.25,1.5
2014.09.12,00:01:31.546,107.103,107.102,1,1.5
2014.09.12,00:01:31.597,107.106,107.102,3.94,3
2014.09.12,00:01:32.103,107.106,107.103,1.69,1.5
2014.09.12,00:01:32.641,107.106,107.103,1,2.25
2014.09.12,00:01:32.894,107.108,107.105,2.25,1
2014.09.12,00:01:33.298,107.11,107.106,3.94,3
2014.09.12,00:01:34.153,107.11,107.106,2.44,2.25
2014.09.12,00:01:34.962,107.108,107.105,1.5,3
2014.09.12,00:01:35.216,107.106,107.103,1,2.25
2014.09.12,00:01:35.722,107.107,107.103,3,3
2014.09.12,00:01:36.026,107.107,107.104,3,1
2014.09.12,00:01:36.546,107.107,107.104,3.94,1
2014.09.12,00:01:36.849,107.104,107.102,1.25,1
2014.09.12,00:01:36.900,107.104,107.1,1.25,1
2014.09.12,00:01:38.840,107.103,107.1,1,1
2014.09.12,00:01:39.654,107.103,107.099,1,2.25
2014.09.12,00:01:40.669,107.104,107.1,3.19,1
2014.09.12,00:01:42.478,107.102,107.099,1,2.44
2014.09.12,00:01:43.011,107.104,107.1,3.19,1.5
2014.09.12,00:01:43.531,107.104,107.1,3.94,1.25
2014.09.12,00:01:44.231,107.104,107.099,3.94,3.19
2014.09.12,00:01:44.776,107.104,107.1,2.44,1.5
2014.09.12,00:01:45.382,107.104,107.1,2.44,2.44
2014.09.12,00:01:45.836,107.104,107.102,1.5,1
2014.09.12,00:01:45.988,107.106,107.103,1,1
2014.09.12,00:01:46.140,107.108,107.103,4.5,3.94
2014.09.12,00:01:46.392,107.109,107.107,2.25,1
2014.09.12,00:01:46.595,107.111,107.107,3.19,3.94
2014.09.12,00:01:47.099,107.111,107.108,1.25,1
2014.09.12,00:01:48.565,107.11,107.108,1,3.19
2014.09.12,00:01:49.396,107.111,107.108,1,1.25
2014.09.12,00:01:49.900,107.11,107.108,1,1.25
2014.09.12,00:01:50.302,107.112,107.108,3.94,1.25
2014.09.12,00:01:52.308,107.111,107.108,1,1.25
2014.09.12,00:01:52.818,107.112,107.108,1,1
2014.09.12,00:01:53.354,107.112,107.107,1.5,5.44
2014.09.12,00:01:53.864,107.112,107.108,1.5,2.44
2014.09.12,00:01:54.891,107.111,107.108,1,2.44
2014.09.12,00:01:55.565,107.112,107.108,2.25,3.19
2014.09.12,00:01:56.081,107.112,107.109,2.25,2.44
2014.09.12,00:01:58.506,107.111,107.109,1,2.44
2014.09.12,00:01:59.828,107.112,107.109,2.25,2.44
2014.09.12,00:02:00.577,107.111,107.109,1,2.44
2014.09.12,00:02:01.968,107.11,107.109,1,1.25
2014.09.12,00:02:02.929,107.11,107.108,1.5,1.25
2014.09.12,00:02:05.153,107.111,107.108,1,3.94
2014.09.12,00:02:05.305,107.112,107.11,1,1.25
2014.09.12,00:02:05.810,107.113,107.11,1.5,1.25
2014.09.12,00:02:06.398,107.113,107.109,1.5,2.44
2014.09.12,00:02:06.913,107.113,107.11,1.5,1
2014.09.12,00:02:07.522,107.113,107.11,1.5,1.69
2014.09.12,00:02:07.825,107.111,107.109,1,1
2014.09.12,00:02:08.415,107.11,107.109,1.5,1.25
2014.09.12,00:02:09.010,107.11,107.108,1.5,1.69
2014.09.12,00:02:09.520,107.11,107.106,1.69,3.94
2014.09.12,00:02:10.335,107.109,107.106,1,3.19
2014.09.12,00:02:12.876,107.108,107.106,1,1
2014.09.12,00:02:14.736,107.109,107.106,1.69,1
2014.09.12,00:02:15.116,107.11,107.109,1,1.5
2014.09.12,00:02:15.167,107.112,107.109,3.94,1.5
2014.09.12,00:02:15.675,107.112,107.11,1,1
2014.09.12,00:02:15.726,107.112,107.107,1,3.19
2014.09.12,00:02:18.214,107.111,107.107,1,1
2014.09.12,00:02:20.139,107.11,107.107,1,1
2014.09.12,00:02:21.483,107.11,107.109,1,1.5
2014.09.12,00:02:21.584,107.113,107.111,1.5,1
2014.09.12,00:02:21.786,107.115,107.112,2.25,1.5
2014.09.12,00:02:22.291,107.116,107.113,3.94,1
2014.09.12,00:02:23.103,107.116,107.112,3.94,2.44
2014.09.12,00:02:23.356,107.117,107.114,1.5,1.5
2014.09.12,00:02:23.659,107.119,107.117,1,1
2014.09.12,00:02:23.963,107.121,107.118,1.25,1.5
2014.09.12,00:02:24.468,107.121,107.117,1.25,6.19
2014.09.12,00:02:25.384,107.12,107.117,1,1.25
2014.09.12,00:02:25.738,107.119,107.117,1,1.69
2014.09.12,00:02:26.243,107.118,107.116,1,1
2014.09.12,00:02:26.844,107.119,107.116,3.94,1
2014.09.12,00:02:26.997,107.119,107.116,2.44,1
2014.09.12,00:02:27.606,107.119,107.115,3.19,1.5
2014.09.12,00:02:29.850,107.117,107.115,1,1.5
2014.09.12,00:02:30.254,107.117,107.113,1.25,2.06
2014.09.12,00:02:30.608,107.118,107.116,1.25,1
2014.09.12,00:02:31.013,107.12,107.117,1.31,1.5
2014.09.12,00:02:31.517,107.119,107.117,1,1
2014.09.12,00:02:32.023,107.12,107.116,1.31,5.44
2014.09.12,00:02:32.932,107.12,107.117,1.69,1
2014.09.12,00:02:33.588,107.121,107.117,4.69,1
2014.09.12,00:02:34.109,107.12,107.118,1.5,1.25
2014.09.12,00:02:36.891,107.12,107.119,1.5,1
2014.09.12,00:02:37.043,107.12,107.117,1,1.5
2014.09.12,00:02:37.549,107.121,107.119,1,1
2014.09.12,00:02:37.904,107.119,107.118,1,1.25
2014.09.12,00:02:38.410,107.118,107.117,1.5,1
2014.09.12,00:02:38.915,107.116,107.115,1,1.69
2014.09.12,00:02:39.017,107.115,107.113,1,1.25
2014.09.12,00:02:39.169,107.115,107.111,2.25,3.19
2014.09.12,00:02:39.696,107.115,107.112,1.69,1
2014.09.12,00:02:40.412,107.115,107.111,1.69,3.19
2014.09.12,00:02:40.513,107.116,107.114,2.25,1
2014.09.12,00:02:40.615,107.118,107.115,3.19,1
2014.09.12,00:02:42.242,107.118,107.114,3.94,3
2014.09.12,00:02:47.050,107.118,107.114,2.44,3.19
2014.09.12,00:02:47.931,107.118,107.114,3.19,2.25
2014.09.12,00:02:48.033,107.116,107.114,1,2.25
2014.09.12,00:02:48.286,107.112,107.11,1,1
2014.09.12,00:02:48.540,107.112,107.108,1.5,2.44
2014.09.12,00:02:49.045,107.112,107.109,1,1
2014.09.12,00:02:50.259,107.112,107.108,1.5,3.19
2014.09.12,00:02:51.994,107.111,107.108,1,1.69
2014.09.12,00:02:52.501,107.11,107.108,1,1
2014.09.12,00:02:54.177,107.112,107.108,2.44,3.19
2014.09.12,00:03:01.596,107.111,107.108,1,1
2014.09.12,00:03:01.646,107.109,107.107,1,1.5
2014.09.12,00:03:01.950,107.106,107.103,2.5,1.69
2014.09.12,00:03:02.456,107.105,107.102,1,2.44
2014.09.12,00:03:02.759,107.103,107.1,1,1.69
2014.09.12,00:03:03.013,107.102,107.099,1.5,1
2014.09.12,00:03:03.216,107.101,107.097,3,2.25
2014.09.12,00:03:03.399,107.099,107.096,1,1.69
2014.09.12,00:03:03.906,107.098,107.096,1,1.25
2014.09.12,00:03:04.412,107.098,107.094,1.5,2.44
2014.09.12,00:03:04.967,107.098,107.094,4.69,1.69
2014.09.12,00:03:05.655,107.097,107.094,1,1.69
2014.09.12,00:03:06.160,107.098,107.094,3,3
2014.09.12,00:03:07.105,107.097,107.094,1,1
2014.09.12,00:03:09.079,107.098,107.095,2.44,1
2014.09.12,00:03:09.584,107.099,107.095,1,1
2014.09.12,00:03:10.105,107.1,107.095,3.19,1.5
2014.09.12,00:03:10.408,107.1,107.097,1.5,1.25
2014.09.12,00:03:10.913,107.101,107.097,1.69,1.69
2014.09.12,00:03:11.594,107.101,107.099,1,1
2014.09.12,00:03:12.000,107.103,107.099,2.44,2.25
2014.09.12,00:03:12.516,107.103,107.1,1.69,1
2014.09.12,00:03:13.022,107.104,107.101,1,1.5
2014.09.12,00:03:13.174,107.106,107.102,1.5,1.5
2014.09.12,00:03:13.679,107.107,107.104,3.94,1
2014.09.12,00:03:14.186,107.106,107.103,1,2.25
2014.09.12,00:03:14.892,107.107,107.103,3,1.5
2014.09.12,00:03:15.396,107.106,107.103,1,1.5
2014.09.12,00:03:16.219,107.106,107.102,2.25,3.19
2014.09.12,00:03:16.725,107.105,107.101,1,1.69
2014.09.12,00:03:17.231,107.105,107.101,1.5,1.25
2014.09.12,00:03:18.914,107.104,107.101,1.25,1
2014.09.12,00:03:19.319,107.102,107.1,1,1.69
2014.09.12,00:03:20.917,107.102,107.099,1,1.5
2014.09.12,00:03:21.625,107.101,107.098,1.5,1.5
2014.09.12,00:03:22.129,107.102,107.099,1,1
2014.09.12,00:03:24.275,107.103,107.099,2.44,1.25
2014.09.12,00:03:24.780,107.103,107.1,1.69,1
2014.09.12,00:03:28.735,107.102,107.1,1,1.5
2014.09.12,00:03:29.038,107.098,107.097,1,1
2014.09.12,00:03:29.210,107.097,107.093,1.5,1.5
2014.09.12,00:03:29.715,107.096,107.092,1,1.5
2014.09.12,00:03:30.069,107.095,107.09,2.25,3.94
2014.09.12,00:03:30.271,107.093,107.091,1,1
2014.09.12,00:03:30.675,107.094,107.089,5.44,1.5
2014.09.12,00:03:31.194,107.092,107.09,1,1
2014.09.12,00:03:31.699,107.092,107.089,1,1.5
2014.09.12,00:03:32.760,107.094,107.089,4.69,1.5
2014.09.12,00:03:34.046,107.093,107.089,1,1.5
2014.09.12,00:03:34.766,107.093,107.088,1.69,2.25
2014.09.12,00:03:37.015,107.092,107.088,1,1.5
2014.09.12,00:03:39.468,107.092,107.089,1.25,1
2014.09.12,00:03:42.861,107.093,107.089,2.25,1.5
2014.09.12,00:03:43.222,107.09,107.088,1,1.69
2014.09.12,00:03:43.323,107.092,107.087,3.19,3.19
2014.09.12,00:03:44.264,107.092,107.088,1,1.69
2014.09.12,00:03:44.767,107.092,107.09,1.5,1
2014.09.12,00:03:47.059,107.093,107.09,2.44,1
2014.09.12,00:03:47.575,107.093,107.089,2.44,1
2014.09.12,00:03:48.358,107.091,107.088,1,2.44
2014.09.12,00:03:50.476,107.091,107.087,1.25,3.94
2014.09.12,00:03:50.998,107.09,107.087,1,3.19
2014.09.12,00:03:51.581,107.091,107.088,1,1
2014.09.12,00:03:53.374,107.091,107.087,1.5,3.19
2014.09.12,00:03:53.729,107.09,107.089,1,1.25
2014.09.12,00:03:54.236,107.091,107.089,1.5,1.25
2014.09.12,00:03:55.709,107.091,107.088,1.5,1.69
2014.09.12,00:03:56.228,107.091,107.089,1.5,1
2014.09.12,00:03:56.851,107.091,107.087,1.5,2.44
2014.09.12,00:03:57.820,107.091,107.087,1.5,3.19
2014.09.12,00:03:58.685,107.091,107.089,1,1
2014.09.12,00:03:59.201,107.091,107.088,2.25,1.25
2014.09.12,00:03:59.717,107.09,107.087,1,1.69
2014.09.12,00:04:00.073,107.09,107.086,1,3.19
2014.09.12,00:04:00.124,107.088,107.086,1,2.44
2014.09.12,00:04:00.478,107.087,107.084,3,1
2014.09.12,00:04:00.579,107.085,107.082,1.5,1.25
2014.09.12,00:04:01.083,107.084,107.081,1,1.69
2014.09.12,00:04:01.588,107.084,107.081,1,1
2014.09.12,00:04:02.093,107.083,107.081,1,1
2014.09.12,00:04:02.599,107.084,107.081,1,1.5
2014.09.12,00:04:03.133,107.086,107.082,3.37,3
2014.09.12,00:04:03.184,107.086,107.084,3.37,1
2014.09.12,00:04:03.690,107.086,107.083,1.5,1.5
2014.09.12,00:04:03.993,107.084,107.081,1,3.19
2014.09.12,00:04:05.154,107.084,107.083,1,1.25
2014.09.12,00:04:05.205,107.086,107.084,1,1
2014.09.12,00:04:05.711,107.087,107.085,1,1
2014.09.12,00:04:06.216,107.086,107.084,1,1
2014.09.12,00:04:06.620,107.088,107.085,1.12,1
2014.09.12,00:04:10.963,107.088,107.085,1.5,2.44
2014.09.12,00:04:11.468,107.087,107.084,1.12,2.44
2014.09.12,00:04:12.375,107.087,107.083,1.31,2.44
2014.09.12,00:04:14.773,107.087,107.084,1.69,1
2014.09.12,00:04:14.874,107.087,107.083,3.19,2.44
2014.09.12,00:04:15.383,107.086,107.083,1.5,2.44
2014.09.12,00:04:16.094,107.086,107.082,2.25,2.44
2014.09.12,00:04:17.083,107.086,107.083,2.25,1.25
2014.09.12,00:04:18.282,107.086,107.084,1.5,1.25
2014.09.12,00:04:20.355,107.087,107.084,2.25,1.25
2014.09.12,00:04:20.860,107.087,107.085,1,1.25
2014.09.12,00:04:21.789,107.087,107.086,1,1.25
2014.09.12,00:04:22.296,107.088,107.086,1,1.69
2014.09.12,00:04:22.650,107.089,107.088,1.5,1
2014.09.12,00:04:23.160,107.09,107.088,1,1.69
2014.09.12,00:04:23.362,107.092,107.089,1.69,1
2014.09.12,00:04:24.328,107.092,107.088,7.69,3.19
2014.09.12,00:04:24.833,107.092,107.089,6.94,1
2014.09.12,00:04:25.388,107.092,107.088,6.94,3.94
2014.09.12,00:04:28.552,107.091,107.087,1,2.25
2014.09.12,00:04:28.956,107.089,107.087,1,2.25
2014.09.12,00:04:29.595,107.09,107.087,1.69,2.25
2014.09.12,00:04:38.071,107.089,107.087,1,2.25
2014.09.12,00:04:40.070,107.09,107.087,1.25,2.25
2014.09.12,00:04:42.717,107.09,107.087,1.19,2.25
2014.09.12,00:04:44.510,107.089,107.085,1.69,2.25
2014.09.12,00:04:44.813,107.089,107.086,1.69,1
2014.09.12,00:04:45.319,107.089,107.086,1.25,1
2014.09.12,00:04:47.002,107.089,107.085,1.69,3.94
2014.09.12,00:04:47.582,107.089,107.086,1.25,1
2014.09.12,00:04:48.087,107.089,107.087,1.25,1
2014.09.12,00:04:48.441,107.091,107.089,1.69,1
2014.09.12,00:04:48.593,107.092,107.089,1.69,1
2014.09.12,00:04:49.516,107.092,107.089,2.44,1
2014.09.12,00:04:50.873,107.09,107.088,1.25,1
2014.09.12,00:04:50.925,107.09,107.087,1.25,1
2014.09.12,00:04:51.450,107.091,107.087,3.19,1
2014.09.12,00:04:52.054,107.091,107.087,3.19,1
2014.09.12,00:04:52.512,107.091,107.088,2.44,1
2014.09.12,00:04:52.917,107.091,107.087,1.69,3
2014.09.12,00:04:54.359,107.09,107.087,4.69,1
2014.09.12,00:04:54.410,107.088,107.085,1,1.5
2014.09.12,00:04:55.421,107.088,107.086,1.69,1
2014.09.12,00:04:55.724,107.088,107.084,1.69,1.25
2014.09.12,00:04:56.698,107.088,107.084,1.69,1
2014.09.12,00:04:58.066,107.088,107.084,1.25,3.19
2014.09.12,00:05:01.520,107.088,107.085,1,1
2014.09.12,00:05:02.078,107.088,107.084,1.69,1.69
2014.09.12,00:05:03.929,107.088,107.085,1.25,1
2014.09.12,00:05:05.604,107.088,107.086,1.25,1
2014.09.12,00:05:05.857,107.089,107.087,1.69,1
2014.09.12,00:05:06.211,107.091,107.088,1,2.25
2014.09.12,00:05:06.312,107.092,107.09,1,1.5
2014.09.12,00:05:06.515,107.094,107.091,3,1
2014.09.12,00:05:07.020,107.095,107.092,1.25,2.25
2014.09.12,00:05:07.425,107.093,107.09,1.25,1
2014.09.12,00:05:07.930,107.092,107.089,1,1.69
2014.09.12,00:05:08.812,107.093,107.089,1.25,1.5
2014.09.12,00:05:11.174,107.09,107.087,1,6.56
2014.09.12,00:05:11.679,107.09,107.086,1.25,2.44
2014.09.12,00:05:12.184,107.089,107.085,1,2.25
2014.09.12,00:05:14.138,107.089,107.084,1.5,3.94
2014.09.12,00:05:14.542,107.088,107.084,3.94,1.5
2014.09.12,00:05:15.048,107.087,107.083,1.5,1
2014.09.12,00:05:15.553,107.086,107.082,1.69,1.5
2014.09.12,00:05:16.059,107.085,107.082,1,1.5
2014.09.12,00:05:16.211,107.084,107.08,1,5.44
2014.09.12,00:05:16.666,107.082,107.079,1,2.25
2014.09.12,00:05:17.083,107.08,107.078,1.25,1
2014.09.12,00:05:18.045,107.081,107.078,1.25,2.25
2014.09.12,00:05:19.259,107.082,107.079,1.69,1.5
2014.09.12,00:05:20.078,107.082,107.079,1.69,1.5
2014.09.12,00:05:23.286,107.082,107.078,2.44,1.69
2014.09.12,00:05:24.548,107.082,107.079,1.69,1
2014.09.12,00:05:25.506,107.081,107.079,1.5,1
2014.09.12,00:05:25.608,107.081,107.077,2.44,3.19
2014.09.12,00:05:26.113,107.081,107.078,1.69,1.5
2014.09.12,00:05:26.646,107.081,107.079,1,2.25
2014.09.12,00:05:27.152,107.082,107.079,1.25,2.25
2014.09.12,00:05:28.271,107.082,107.078,1.25,3.19
2014.09.12,00:05:28.776,107.081,107.078,1,1.5
2014.09.12,00:05:29.283,107.081,107.08,1,1
2014.09.12,00:05:29.385,107.081,107.077,1,6.94
2014.09.12,00:05:29.940,107.081,107.077,1.69,6.19
2014.09.12,00:05:30.763,107.081,107.077,1,6.19
2014.09.12,00:05:31.307,107.082,107.078,1.25,1.25
2014.09.12,00:05:31.992,107.08,107.077,1,4.5
2014.09.12,00:05:32.498,107.08,107.078,1,1
2014.09.12,00:05:33.310,107.081,107.077,1.69,1.69
2014.09.12,00:05:35.495,107.08,107.077,1,1
2014.09.12,00:05:40.230,107.081,107.077,1.25,1
2014.09.12,00:05:41.105,107.08,107.077,1,1.69
2014.09.12,00:05:42.231,107.08,107.078,1,1
2014.09.12,00:05:42.788,107.08,107.077,1,1.5
2014.09.12,00:05:46.930,107.08,107.078,1.69,1
2014.09.12,00:05:50.514,107.082,107.079,3.94,1
2014.09.12,00:05:51.220,107.082,107.078,3.19,1.69
2014.09.12,00:05:54.928,107.082,107.079,2.44,1
2014.09.12,00:05:55.822,107.081,107.079,1,1
2014.09.12,00:05:57.939,107.081,107.078,1.5,1
2014.09.12,00:05:58.449,107.082,107.078,1.25,1.5
2014.09.12,00:05:58.500,107.082,107.08,1.25,1
2014.09.12,00:05:58.601,107.081,107.078,1,1.5
2014.09.12,00:05:58.854,107.083,107.079,1.25,1.5
2014.09.12,00:05:59.383,107.082,107.079,1,1
2014.09.12,00:06:01.735,107.083,107.08,1.25,1.5
2014.09.12,00:06:03.236,107.084,107.081,1.69,1
2014.09.12,00:06:04.826,107.084,107.081,1,1
2014.09.12,00:06:05.853,107.085,107.081,1.69,1
2014.09.12,00:06:06.763,107.085,107.08,1.69,4.5
2014.09.12,00:06:07.676,107.085,107.08,2.44,5.44
2014.09.12,00:06:12.074,107.083,107.08,1.25,2.25
2014.09.12,00:06:13.062,107.084,107.08,3.56,2.25
2014.09.12,00:06:15.139,107.083,107.08,1,2.25
2014.09.12,00:06:16.253,107.084,107.08,3.19,2.25
2014.09.12,00:06:19.488,107.084,107.08,4.31,2.25
2014.09.12,00:06:20.468,107.084,107.08,5.06,1.5
2014.09.12,00:06:21.662,107.084,107.08,4.69,1.5
2014.09.12,00:06:23.135,107.084,107.081,4.69,1
2014.09.12,00:06:23.876,107.083,107.08,1.25,2.25
2014.09.12,00:06:23.977,107.082,107.078,1.25,4.69
2014.09.12,00:06:24.505,107.081,107.077,1,3.75
2014.09.12,00:06:25.074,107.081,107.078,1,1
2014.09.12,00:06:25.593,107.082,107.079,1.25,1.5
2014.09.12,00:06:26.714,107.083,107.079,1,1.5
2014.09.12,00:06:27.427,107.082,107.079,1,1
2014.09.12,00:06:27.840,107.084,107.08,3,3.75
2014.09.12,00:06:27.942,107.081,107.08,1.5,1.5
2014.09.12,00:06:28.043,107.081,107.078,2.25,1.12
2014.09.12,00:06:32.252,107.079,107.078,1,1
2014.09.12,00:06:32.507,107.079,107.076,2.44,2.25
2014.09.12,00:06:33.013,107.078,107.076,1.5,1
2014.09.12,00:06:33.518,107.078,107.074,1.25,3.94
2014.09.12,00:06:34.214,107.078,107.075,1.25,1
2014.09.12,00:06:34.719,107.078,107.076,1.25,1
2014.09.12,00:06:35.224,107.078,107.075,1.25,1
2014.09.12,00:06:35.904,107.076,107.075,1,1
2014.09.12,00:06:35.955,107.076,107.073,1,1.5
2014.09.12,00:06:36.208,107.075,107.072,1.19,1
2014.09.12,00:06:36.713,107.074,107.071,1.69,1.5
2014.09.12,00:06:37.688,107.074,107.072,1.25,1
2014.09.12,00:06:38.193,107.073,107.071,1,1
2014.09.12,00:06:38.244,107.072,107.069,1.25,1
2014.09.12,00:06:39.032,107.072,107.068,1.25,2.44
2014.09.12,00:06:39.335,107.072,107.07,1.69,1
2014.09.12,00:06:39.999,107.072,107.069,1.69,1
2014.09.12,00:06:40.504,107.072,107.067,2.44,5.44
2014.09.12,00:06:41.028,107.071,107.067,1,4.69
2014.09.12,00:06:41.534,107.071,107.067,2.25,2.25
2014.09.12,00:06:42.040,107.071,107.068,1,1
2014.09.12,00:06:42.553,107.072,107.067,5.44,1.5
2014.09.12,00:06:43.061,107.071,107.068,1.5,1
2014.09.12,00:06:43.568,107.07,107.067,1,3
2014.09.12,00:06:43.884,107.071,107.069,1,1
2014.09.12,00:06:45.454,107.072,107.069,1.69,1
2014.09.12,00:06:46.271,107.072,107.068,2.44,1.25
2014.09.12,00:06:46.804,107.072,107.069,1.69,1
2014.09.12,00:06:48.896,107.072,107.068,3.19,1.69
2014.09.12,00:06:50.288,107.072,107.069,1.69,1.5
2014.09.12,00:06:50.793,107.073,107.07,1,1.5
2014.09.12,00:06:55.274,107.074,107.071,1.25,1
2014.09.12,00:06:59.961,107.074,107.071,1.19,1
2014.09.12,00:07:00.950,107.074,107.07,2.44,2.25
2014.09.12,00:07:01.253,107.07,107.068,1,1
2014.09.12,00:07:01.355,107.069,107.068,1,1
2014.09.12,00:07:01.456,107.069,107.066,1,3.19
2014.09.12,00:07:02.952,107.07,107.066,1.69,2.44
2014.09.12,00:07:03.516,107.069,107.066,1,2.25
2014.09.12,00:07:03.870,107.069,107.065,5.81,1.5
2014.09.12,00:07:04.022,107.067,107.063,1.87,3
2014.09.12,00:07:04.227,107.067,107.066,1.5,1.5
2014.09.12,00:07:04.631,107.069,107.066,1,1
2014.09.12,00:07:05.193,107.069,107.065,2.25,1.5
2014.09.12,00:07:08.282,107.069,107.065,2.44,2.25
2014.09.12,00:07:09.121,107.069,107.065,1.69,3.94
2014.09.12,00:07:09.525,107.069,107.067,1.25,1
2014.09.12,00:07:09.980,107.068,107.066,1,1
2014.09.12,00:07:10.132,107.066,107.063,1,1.5
2014.09.12,00:07:10.233,107.064,107.063,1,1
2014.09.12,00:07:10.284,107.064,107.061,1,1
2014.09.12,00:07:10.789,107.064,107.062,1,1
2014.09.12,00:07:11.095,107.064,107.06,1,3.19
2014.09.12,00:07:13.581,107.063,107.06,1.5,1.5
2014.09.12,00:07:13.734,107.062,107.058,1,2.44
2014.09.12,00:07:14.441,107.062,107.059,1.5,1
2014.09.12,00:07:14.946,107.062,107.06,1.25,1
2014.09.12,00:07:15.451,107.062,107.061,1.25,1
2014.09.12,00:07:16.279,107.062,107.06,1,1.5
2014.09.12,00:07:16.876,107.063,107.06,1.25,1
2014.09.12,00:07:17.484,107.064,107.061,3.94,1
2014.09.12,00:07:20.375,107.064,107.06,3.19,1.5
2014.09.12,00:07:20.881,107.064,107.061,2.44,1
2014.09.12,00:07:21.488,107.064,107.06,3.19,1.5
2014.09.12,00:07:22.783,107.063,107.059,3.56,1.25
2014.09.12,00:07:23.187,107.063,107.061,1.25,1
2014.09.12,00:07:23.793,107.063,107.06,1.25,1.5
2014.09.12,00:07:24.378,107.063,107.061,1.25,1
2014.09.12,00:07:24.480,107.063,107.06,1.25,3
2014.09.12,00:07:25.136,107.064,107.06,1.69,3.19
2014.09.12,00:07:26.224,107.064,107.06,1.69,3
2014.09.12,00:07:29.075,107.063,107.061,1.25,1
2014.09.12,00:07:29.683,107.063,107.06,1,1
2014.09.12,00:07:29.987,107.063,107.058,3.56,3.75
2014.09.12,00:07:30.903,107.063,107.059,3.56,1
2014.09.12,00:07:31.408,107.063,107.06,2.06,1
2014.09.12,00:07:32.070,107.063,107.06,2.06,1
2014.09.12,00:07:34.139,107.064,107.06,1.69,1
2014.09.12,00:07:34.645,107.064,107.059,1.69,5.25
2014.09.12,00:07:35.248,107.063,107.059,1.25,5.44
2014.09.12,00:07:35.882,107.062,107.059,2.44,1.5
2014.09.12,00:07:35.984,107.061,107.057,1,2.25
2014.09.12,00:07:36.489,107.061,107.057,3.19,1
2014.09.12,00:07:36.591,107.06,107.055,1.19,6.19
2014.09.12,00:07:37.096,107.058,107.055,2.06,1
2014.09.12,00:07:37.855,107.057,107.055,1.25,1
2014.09.12,00:07:38.057,107.055,107.054,1,1.5
2014.09.12,00:07:38.361,107.055,107.052,1,2.44
2014.09.12,00:07:38.866,107.056,107.052,1.25,2.44
2014.09.12,00:07:39.372,107.056,107.053,1.69,1.5
2014.09.12,00:07:39.927,107.056,107.054,1.69,1
2014.09.12,00:07:40.585,107.058,107.054,1.5,2.25
2014.09.12,00:07:40.736,107.059,107.056,3.19,1
2014.09.12,00:07:41.241,107.059,107.057,1.69,1
2014.09.12,00:07:41.818,107.059,107.058,1.69,1
2014.09.12,00:07:42.273,107.061,107.058,1.25,1
2014.09.12,00:07:42.425,107.062,107.06,1.69,1
2014.09.12,00:07:42.526,107.064,107.061,2.44,1
2014.09.12,00:07:43.031,107.064,107.061,1.19,1.5
2014.09.12,00:07:43.233,107.065,107.063,1.5,1
2014.09.12,00:07:43.368,107.066,107.064,1,1
2014.09.12,00:07:43.470,107.068,107.065,2.44,1
2014.09.12,00:07:43.622,107.069,107.067,1.25,1
2014.09.12,00:07:44.027,107.07,107.069,1.5,1
2014.09.12,00:07:44.078,107.072,107.069,1.5,1
2014.09.12,00:07:44.583,107.073,107.07,1.69,1.5
2014.09.12,00:07:45.493,107.075,107.072,1.5,1
2014.09.12,00:07:45.797,107.079,107.075,2.44,1.5
2014.09.12,00:07:45.848,107.078,107.075,1,2.25
2014.09.12,00:07:46.369,107.079,107.076,1.69,1
2014.09.12,00:07:47.035,107.079,107.077,1.25,1
2014.09.12,00:07:47.190,107.079,107.075,1.25,3.19
2014.09.12,00:07:47.241,107.079,107.077,1.25,1
2014.09.12,00:07:47.856,107.079,107.076,1.25,1
2014.09.12,00:07:49.457,107.08,107.077,2.44,1
2014.09.12,00:07:49.962,107.079,107.076,1,3
2014.09.12,00:07:51.753,107.08,107.076,2.25,3.75
2014.09.12,00:07:52.453,107.079,107.076,1,1.5
2014.09.12,00:07:53.552,107.08,107.076,1,1.5
2014.09.12,00:07:54.058,107.079,107.076,1.25,1
2014.09.12,00:07:54.562,107.079,107.075,3.19,1.69
2014.09.12,00:07:54.866,107.076,107.073,1.5,2.44
2014.09.12,00:07:55.377,107.075,107.072,1,3.94
2014.09.12,00:07:55.885,107.076,107.072,4.69,1.69
2014.09.12,00:07:56.610,107.075,107.072,1,1.25
2014.09.12,00:07:57.123,107.075,107.071,2.44,1.69
2014.09.12,00:07:57.671,107.074,107.072,1.5,1
2014.09.12,00:07:58.195,107.074,107.071,1,1.69
2014.09.12,00:07:58.951,107.074,107.07,1.5,1
2014.09.12,00:07:59.472,107.073,107.07,1,1
2014.09.12,00:08:00.387,107.073,107.071,1.5,1
2014.09.12,00:08:00.999,107.073,107.07,1,3
2014.09.12,00:08:01.508,107.074,107.071,1.5,1
2014.09.12,00:08:02.278,107.074,107.072,1.25,1
2014.09.12,00:08:02.689,107.076,107.073,1.69,1
2014.09.12,00:08:02.992,107.077,107.075,3.19,1
2014.09.12,00:08:03.094,107.077,107.073,2.44,3.94
2014.09.12,00:08:03.603,107.077,107.074,2.44,1
2014.09.12,00:08:04.323,107.078,107.074,2.44,3.19
2014.09.12,00:08:04.475,107.079,107.077,1.5,1
2014.09.12,00:08:05.595,107.079,107.076,1,1.25
2014.09.12,00:08:09.327,107.08,107.076,3.94,1.25
2014.09.12,00:08:09.783,107.081,107.079,3.19,1
2014.09.12,00:08:10.137,107.083,107.079,1,2.25
2014.09.12,00:08:10.666,107.083,107.08,1,1
2014.09.12,00:08:11.173,107.083,107.081,1,1
2014.09.12,00:08:11.375,107.085,107.082,1.69,1.5
2014.09.12,00:08:11.886,107.085,107.081,1.69,1.25
2014.09.12,00:08:12.437,107.085,107.082,1.69,1
2014.09.12,00:08:12.957,107.086,107.082,3.19,1.5
2014.09.12,00:08:13.658,107.085,107.082,1.25,1.5
2014.09.12,00:08:14.193,107.086,107.082,3.19,1.5
2014.09.12,00:08:14.500,107.083,107.082,1,1
2014.09.12,00:08:15.007,107.085,107.081,2.44,1
2014.09.12,00:08:15.613,107.085,107.081,1.5,1
2014.09.12,00:08:19.862,107.085,107.082,1,1.5
2014.09.12,00:08:20.166,107.087,107.084,2.44,2.25
2014.09.12,00:08:20.671,107.088,107.084,1.69,3
2014.09.12,00:08:21.481,107.088,107.084,1.25,3.94
2014.09.12,00:08:22.350,107.088,107.085,1.25,1
2014.09.12,00:08:22.893,107.088,107.084,3.94,1.25
2014.09.12,00:08:23.399,107.087,107.084,2.44,1
2014.09.12,00:08:23.905,107.086,107.083,1.69,1
2014.09.12,00:08:24.965,107.087,107.083,3.19,1.69
2014.09.12,00:08:26.030,107.087,107.083,2.25,2.44
2014.09.12,00:08:26.536,107.087,107.083,3.19,2.44
2014.09.12,00:08:27.041,107.086,107.084,1,1
2014.09.12,00:08:28.242,107.087,107.084,3,1
2014.09.12,00:08:28.770,107.086,107.084,1,1
2014.09.12,00:08:29.287,107.087,107.084,1,1
2014.09.12,00:08:32.469,107.088,107.084,2.44,1.69
2014.09.12,00:08:32.773,107.089,107.086,1.5,1.25
2014.09.12,00:08:34.037,107.088,107.086,1,1.25
2014.09.12,00:08:35.368,107.088,107.085,2.25,1.25
2014.09.12,00:08:35.936,107.088,107.084,2.25,3.19
2014.09.12,00:08:36.464,107.088,107.085,1.5,2.44
2014.09.12,00:08:37.871,107.087,107.084,1,1.69
2014.09.12,00:08:38.376,107.086,107.084,1,1
2014.09.12,00:08:40.382,107.086,107.085,1,1
2014.09.12,00:08:40.837,107.088,107.085,1.25,1
2014.09.12,00:08:46.297,107.088,107.086,1,1.25
2014.09.12,00:08:46.853,107.089,107.086,1,1.25
2014.09.12,00:08:49.410,107.088,107.086,1,1.25
2014.09.12,00:08:49.562,107.088,107.084,1,1.25
2014.09.12,00:08:49.714,107.086,107.084,1,1
2014.09.12,00:08:51.832,107.087,107.084,4.69,1
2014.09.12,00:09:03.852,107.088,107.084,3.19,1.5
2014.09.12,00:09:04.156,107.09,107.088,3,1
2014.09.12,00:09:04.661,107.091,107.09,1,1
2014.09.12,00:09:04.814,107.093,107.091,1.5,1
2014.09.12,00:09:05.322,107.093,107.091,1,1
2014.09.12,00:09:05.879,107.094,107.091,1.5,1
2014.09.12,00:09:05.930,107.092,107.091,1,1
2014.09.12,00:09:06.284,107.092,107.089,1,2.44
2014.09.12,00:09:06.335,107.094,107.089,1,2.44
2014.09.12,00:09:06.840,107.093,107.089,1.69,2.44
2014.09.12,00:09:09.791,107.093,107.09,1.25,1
2014.09.12,00:09:11.500,107.092,107.09,1,1
2014.09.12,00:09:15.389,107.092,107.088,1,3.94
2014.09.12,00:09:16.079,107.092,107.089,1,1
2014.09.12,00:09:16.619,107.091,107.089,1,1
2014.09.12,00:09:19.312,107.091,107.088,1,3
2014.09.12,00:09:20.170,107.09,107.089,1,1
2014.09.12,00:09:20.675,107.091,107.09,1,1
2014.09.12,00:09:21.199,107.091,107.089,1,1
2014.09.12,00:09:23.302,107.091,107.09,1,1
2014.09.12,00:09:25.165,107.092,107.089,1,1
2014.09.12,00:09:28.199,107.091,107.09,1,1
2014.09.12,00:09:29.984,107.091,107.089,1,2.44
2014.09.12,00:09:32.480,107.092,107.089,1.5,1
2014.09.12,00:09:34.315,107.092,107.088,2.25,3
2014.09.12,00:09:34.821,107.091,107.088,3.19,1
2014.09.12,00:09:35.125,107.089,107.088,1,1
2014.09.12,00:09:36.180,107.09,107.088,1,1
2014.09.12,00:09:36.854,107.09,107.087,1,1.25
2014.09.12,00:09:37.409,107.089,107.087,1,1.25
2014.09.12,00:09:37.612,107.09,107.087,1,1.25
2014.09.12,00:09:42.228,107.088,107.086,1,2.44
2014.09.12,00:09:42.633,107.088,107.085,1.5,2.44
2014.09.12,00:09:42.938,107.087,107.083,1.5,1.87
2014.09.12,00:09:47.137,107.087,107.084,3,1
2014.09.12,00:09:48.891,107.086,107.084,1,1
2014.09.12,00:09:49.876,107.086,107.083,1.5,1
2014.09.12,00:09:50.381,107.087,107.084,1.5,1.5
2014.09.12,00:09:53.793,107.087,107.083,1,2.25
2014.09.12,00:09:54.298,107.086,107.083,1,2.25
2014.09.12,00:09:54.806,107.087,107.083,1,2.25
2014.09.12,00:09:55.329,107.086,107.083,1,2.25
2014.09.12,00:09:55.834,107.087,107.084,1,1
2014.09.12,00:09:58.687,107.087,107.083,1,3.75
2014.09.12,00:10:01.147,107.086,107.083,1,3
2014.09.12,00:10:01.654,107.085,107.083,1,3
2014.09.12,00:10:03.135,107.086,107.083,1,1.5
2014.09.12,00:10:03.685,107.087,107.084,2.25,1
2014.09.12,00:10:04.437,107.087,107.083,2.25,1.5
2014.09.12,00:10:09.009,107.086,107.083,1,3.19
2014.09.12,00:10:12.259,107.086,107.082,1.5,3
2014.09.12,00:10:12.767,107.085,107.082,1,1.5
2014.09.12,00:10:13.272,107.084,107.081,1,3.19
2014.09.12,00:10:13.777,107.085,107.081,3.94,3.19
2014.09.12,00:10:14.218,107.083,107.081,1,2.25
2014.09.12,00:10:14.622,107.085,107.081,3.75,1.5
2014.09.12,00:10:15.127,107.084,107.08,1,2.44
2014.09.12,00:10:17.039,107.083,107.08,1,2.44
2014.09.12,00:10:17.568,107.082,107.08,1.25,1
2014.09.12,00:10:17.974,107.082,107.078,2.44,1.69
2014.09.12,00:10:18.278,107.08,107.078,1,1.69
2014.09.12,00:10:19.390,107.079,107.078,1,1.25
2014.09.12,00:10:20.047,107.081,107.078,1,1.25
2014.09.12,00:10:20.590,107.08,107.076,2.25,5.44
2014.09.12,00:10:21.095,107.079,107.077,1,1
2014.09.12,00:10:21.601,107.08,107.077,1.25,1.5
2014.09.12,00:10:22.112,107.081,107.078,1.69,1
2014.09.12,00:10:24.674,107.081,107.077,1.69,3.19
2014.09.12,00:10:26.184,107.08,107.077,1,1.5
2014.09.12,00:10:33.114,107.08,107.077,1,3.19
2014.09.12,00:10:36.010,107.08,107.077,1,2.25
2014.09.12,00:10:36.531,107.08,107.078,1,1
2014.09.12,00:10:37.120,107.08,107.077,1,1.5
2014.09.12,00:10:37.654,107.08,107.078,1,1
2014.09.12,00:10:38.223,107.08,107.077,1,1.5
2014.09.12,00:10:46.828,107.08,107.076,1,4.69
2014.09.12,00:10:49.180,107.078,107.076,1,1.69
2014.09.12,00:10:49.684,107.079,107.076,1,1.69
2014.09.12,00:10:50.734,107.08,107.076,1.25,1.25
2014.09.12,00:10:53.259,107.08,107.075,1,3.94
2014.09.12,00:10:54.485,107.08,107.076,1.69,1.25
2014.09.12,00:10:55.042,107.08,107.077,1.69,1
2014.09.12,00:10:56.212,107.08,107.078,1.25,1
2014.09.12,00:10:56.465,107.083,107.08,2.44,1
2014.09.12,00:10:57.333,107.083,107.079,2.44,1.25
2014.09.12,00:10:57.434,107.082,107.078,3,2.25
2014.09.12,00:10:57.536,107.081,107.077,1.5,1.5
2014.09.12,00:10:57.587,107.079,107.077,1,2.25
2014.09.12,00:10:58.092,107.081,107.078,1,1
2014.09.12,00:10:58.603,107.082,107.078,2.44,1.69
2014.09.12,00:10:59.744,107.081,107.078,1,1.69
2014.09.12,00:11:00.145,107.082,107.08,1.25,1
2014.09.12,00:11:00.659,107.084,107.08,3.19,3
2014.09.12,00:11:00.963,107.084,107.082,1.25,1.5
2014.09.12,00:11:01.114,107.086,107.082,4.69,2.25
2014.09.12,00:11:01.368,107.087,107.084,1,1.69
2014.09.12,00:11:01.873,107.088,107.085,1.69,1
2014.09.12,00:11:02.862,107.089,107.086,1.69,1
2014.09.12,00:11:03.166,107.094,107.09,1.5,1.87
2014.09.12,00:11:03.268,107.094,107.092,1,1
2014.09.12,00:11:03.421,107.096,107.093,1,1
2014.09.12,00:11:04.089,107.096,107.092,1,3
2014.09.12,00:11:05.253,107.095,107.092,1,2.25
2014.09.12,00:11:05.761,107.096,107.092,1.69,3.19
2014.09.12,00:11:06.477,107.095,107.092,1,1.25
2014.09.12,00:11:07.493,107.094,107.091,1,2.44
2014.09.12,00:11:09.212,107.093,107.091,1,1.69
2014.09.12,00:11:09.516,107.092,107.089,1,2.44
2014.09.12,00:11:10.036,107.091,107.089,1,1.69
2014.09.12,00:11:10.704,107.092,107.088,1.5,2.44
2014.09.12,00:11:16.021,107.092,107.088,1.25,1.69
2014.09.12,00:11:16.578,107.092,107.089,1.25,1
2014.09.12,00:11:17.425,107.092,107.09,1,1
2014.09.12,00:11:18.326,107.093,107.09,1,1.5
2014.09.12,00:11:18.477,107.093,107.092,1,1
2014.09.12,00:11:18.781,107.097,107.094,1,4.94
2014.09.12,00:11:19.185,107.098,107.095,1,1.5
2014.09.12,00:11:19.734,107.099,107.095,1,1.5
2014.09.12,00:11:19.937,107.097,107.095,1,1
2014.09.12,00:11:20.450,107.096,107.094,1,1.5
2014.09.12,00:11:23.129,107.096,107.093,1,4.69
2014.09.12,00:11:24.071,107.096,107.095,1,1
2014.09.12,00:11:24.611,107.097,107.095,1,1
2014.09.12,00:11:25.787,107.097,107.096,1,1
2014.09.12,00:11:25.838,107.099,107.097,1.25,1
2014.09.12,00:11:25.890,107.1,107.098,2.25,1
2014.09.12,00:11:26.195,107.108,107.106,1.12,1
2014.09.12,00:11:26.498,107.111,107.108,1.69,1.5
2014.09.12,00:11:26.650,107.111,107.11,1,1.25
2014.09.12,00:11:26.930,107.115,107.112,1.5,1.5
2014.09.12,00:11:27.286,107.116,107.114,1.5,1.69
2014.09.12,00:11:27.489,107.118,107.116,1,1.69
2014.09.12,00:11:27.793,107.119,107.118,1,1.69
2014.09.12,00:11:28.096,107.122,107.118,3.19,2.44
2014.09.12,00:11:28.602,107.122,107.119,3,1
2014.09.12,00:11:29.131,107.121,107.118,1,2.44
2014.09.12,00:11:30.043,107.122,107.119,3.19,1
2014.09.12,00:11:30.548,107.122,107.121,1,1
2014.09.12,00:11:31.058,107.122,107.12,1,2.25
2014.09.12,00:11:31.578,107.121,107.12,1,1
2014.09.12,00:11:32.095,107.122,107.119,1.25,1.5
2014.09.12,00:11:34.707,107.121,107.119,1,1
2014.09.12,00:11:35.115,107.12,107.117,1,1.69
2014.09.12,00:11:35.631,107.119,107.117,1.5,1.25
2014.09.12,00:11:35.985,107.121,107.117,1.25,3.94
2014.09.12,00:11:36.137,107.121,107.12,1,1.5
2014.09.12,00:11:36.643,107.122,107.12,1.5,1
2014.09.12,00:11:37.098,107.122,107.118,2.25,4.69
2014.09.12,00:11:37.603,107.121,107.118,1.5,1.69
2014.09.12,00:11:38.165,107.121,107.117,1.69,1.69
2014.09.12,00:11:38.569,107.118,107.116,1,3
2014.09.12,00:11:38.922,107.116,107.114,1,1.69
2014.09.12,00:11:39.428,107.116,107.113,1,1.69
2014.09.12,00:11:40.558,107.114,107.112,1,3.19
2014.09.12,00:11:40.811,107.114,107.111,1,1.69
2014.09.12,00:11:41.216,107.112,107.11,1,4.5
2014.09.12,00:11:41.469,107.111,107.108,1,1.25
2014.09.12,00:11:41.520,107.109,107.108,1,1
2014.09.12,00:11:41.925,107.11,107.106,3,2.25
2014.09.12,00:11:42.430,107.109,107.105,1.25,3.19
2014.09.12,00:11:42.633,107.107,107.105,1,1.69
2014.09.12,00:11:42.886,107.107,107.103,2.25,2.25
2014.09.12,00:11:43.392,107.105,107.103,1,1.25
2014.09.12,00:11:43.594,107.105,107.101,1,2.44
2014.09.12,00:11:44.730,107.106,107.101,1.69,1
2014.09.12,00:11:45.310,107.106,107.102,1.69,1
2014.09.12,00:11:45.846,107.107,107.103,3.19,3.19
2014.09.12,00:11:45.897,107.107,107.105,2.44,1.5
2014.09.12,00:11:46.403,107.107,107.104,1.25,1
2014.09.12,00:11:47.009,107.108,107.104,1.25,1.69
2014.09.12,00:11:47.313,107.109,107.106,1.69,2.25
2014.09.12,00:11:47.617,107.112,107.108,2.44,2.44
2014.09.12,00:11:48.122,107.112,107.109,1.25,3
2014.09.12,00:11:48.427,107.114,107.111,2.44,1
2014.09.12,00:11:48.932,107.114,107.112,1.69,1
2014.09.12,00:11:49.406,107.116,107.113,2.25,2.25
2014.09.12,00:11:49.508,107.117,107.116,1,1
2014.09.12,00:11:49.609,107.12,107.116,4.69,1
2014.09.12,00:11:51.114,107.12,107.118,1.5,1
2014.09.12,00:11:51.637,107.121,107.119,1.69,1
2014.09.12,00:11:52.305,107.121,107.116,3.19,2.44
2014.09.12,00:11:52.537,107.121,107.119,1.5,1.5
2014.09.12,00:11:52.639,107.124,107.121,1,3.25
2014.09.12,00:11:52.792,107.126,107.124,1.5,1
2014.09.12,00:11:52.995,107.129,107.125,1.69,1.69
2014.09.12,00:11:53.502,107.129,107.126,1,1
2014.09.12,00:11:54.459,107.13,107.125,2.44,2.44
2014.09.12,00:11:54.964,107.128,107.125,1.25,1
2014.09.12,00:11:55.469,107.128,107.124,1.69,1.5
2014.09.12,00:11:55.989,107.127,107.124,1,1.5
2014.09.12,00:11:56.494,107.127,107.123,1,1.5
2014.09.12,00:11:57.277,107.126,107.123,1,1.5
2014.09.12,00:11:57.782,107.126,107.122,1.5,2.44
2014.09.12,00:11:58.288,107.125,107.122,1,1.69
2014.09.12,00:11:58.389,107.127,107.122,1.5,3.19
2014.09.12,00:11:58.986,107.126,107.122,1,2.44
2014.09.12,00:12:00.736,107.125,107.122,1,2.44
2014.09.12,00:12:01.242,107.125,107.123,1,1.5
2014.09.12,00:12:01.293,107.127,107.123,1.5,1.5
2014.09.12,00:12:01.697,107.128,107.125,1,1.25
2014.09.12,00:12:02.506,107.126,107.124,1.5,1
2014.09.12,00:12:02.810,107.125,107.122,1,1.25
2014.09.12,00:12:02.962,107.128,107.124,2.25,1
2014.09.12,00:12:03.165,107.127,107.126,1,1
2014.09.12,00:12:03.671,107.127,107.125,1,1.25
2014.09.12,00:12:04.176,107.127,107.124,1,1.69
2014.09.12,00:12:05.219,107.127,107.124,1.5,1.25
2014.09.12,00:12:07.376,107.126,107.123,1,1.69
2014.09.12,00:12:08.352,107.126,107.122,1,3.19
2014.09.12,00:12:08.858,107.125,107.122,1.5,1.19
2014.09.12,00:12:09.009,107.124,107.121,1,4.69
2014.09.12,00:12:09.161,107.122,107.119,1.5,6.19
2014.09.12,00:12:09.465,107.119,107.117,1,1.19
2014.09.12,00:12:09.515,107.119,107.115,1.5,1.5
2014.09.12,00:12:09.718,107.117,107.115,1,1
2014.09.12,00:12:10.072,107.117,107.113,1,6.94
2014.09.12,00:12:10.771,107.117,107.114,1,1.25
2014.09.12,00:12:11.796,107.116,107.114,1,1.25
2014.09.12,00:12:12.049,107.116,107.112,4.5,1.69
2014.09.12,00:12:12.201,107.114,107.111,1,1.19
2014.09.12,00:12:12.353,107.114,107.11,3,5.44
2014.09.12,00:12:12.605,107.112,107.109,1,1
2014.09.12,00:12:12.911,107.106,107.103,1,2.25
2014.09.12,00:12:15.286,107.107,107.102,3.94,1.19
2014.09.12,00:12:15.447,107.107,107.101,3.19,8.44
2014.09.12,00:12:16.268,107.107,107.102,3.19,1
2014.09.12,00:12:17.237,107.107,107.103,3.19,1
2014.09.12,00:12:17.288,107.105,107.103,1,1
2014.09.12,00:12:17.339,107.105,107.101,1,3.19
2014.09.12,00:12:17.591,107.103,107.101,1,1.69
2014.09.12,00:12:18.097,107.104,107.101,1,1
2014.09.12,00:12:21.055,107.104,107.102,1,1.5
2014.09.12,00:12:21.308,107.106,107.102,1.5,3
2014.09.12,00:12:21.409,107.106,107.104,1.5,1
2014.09.12,00:12:21.763,107.105,107.101,1.5,3.19
2014.09.12,00:12:22.632,107.104,107.101,1,1.69
2014.09.12,00:12:24.164,107.105,107.101,2.44,2.44
2014.09.12,00:12:26.251,107.104,107.101,1,1.5
2014.09.12,00:12:26.555,107.102,107.101,1,1
2014.09.12,00:12:27.059,107.102,107.1,1,1.69
2014.09.12,00:12:28.684,107.102,107.101,1,1
2014.09.12,00:12:28.836,107.104,107.101,1.25,2.25
2014.09.12,00:12:28.988,107.105,107.103,1.25,1
2014.09.12,00:12:29.494,107.105,107.102,1.25,1.5
2014.09.12,00:12:30.012,107.106,107.102,2.25,1.5
2014.09.12,00:12:34.148,107.106,107.102,3.44,2.44
2014.09.12,00:12:38.529,107.107,107.105,1,1
2014.09.12,00:12:38.732,107.109,107.106,1.5,1
2014.09.12,00:12:39.087,107.111,107.108,1,1
2014.09.12,00:12:39.138,107.112,107.11,2.25,1
2014.09.12,00:12:39.189,107.114,107.11,5.81,1
2014.09.12,00:12:39.594,107.114,107.112,1,1.25
2014.09.12,00:12:39.696,107.116,107.112,1.69,2.44
2014.09.12,00:12:40.201,107.116,107.113,1.69,1
2014.09.12,00:12:41.306,107.115,107.111,1.25,3.19
2014.09.12,00:12:42.001,107.114,107.111,1,1.25
2014.09.12,00:12:42.440,107.114,107.113,1,1
2014.09.12,00:12:42.693,107.117,107.113,3.19,1.69
2014.09.12,00:12:43.198,107.118,107.114,1,1
2014.09.12,00:12:43.804,107.118,107.115,1,1
2014.09.12,00:12:45.252,107.118,107.114,1.69,1.69
2014.09.12,00:12:47.907,107.118,107.114,2.44,1
2014.09.12,00:12:48.412,107.117,107.113,1.25,1.25
2014.09.12,00:12:48.933,107.116,107.113,1,1.25
2014.09.12,00:12:49.464,107.115,107.112,1,2.44
2014.09.12,00:12:50.379,107.114,107.112,1,1.69
2014.09.12,00:12:50.531,107.112,107.109,1,5.44
2014.09.12,00:12:50.633,107.112,107.109,1.5,1
2014.09.12,00:12:50.835,107.11,107.108,1,1
2014.09.12,00:12:51.613,107.111,107.108,1.69,1
2014.09.12,00:12:54.944,107.113,107.108,1.69,3.94
2014.09.12,00:12:55.967,107.113,107.108,1,6.19
2014.09.12,00:12:56.524,107.114,107.108,1.69,6.19
2014.09.12,00:12:56.575,107.114,107.11,1.69,1
2014.09.12,00:12:56.929,107.112,107.11,1,1.69
2014.09.12,00:12:57.138,107.114,107.11,1.69,1.69
2014.09.12,00:13:01.006,107.113,107.11,1,1.25
2014.09.12,00:13:01.676,107.113,107.109,2.44,2.44
2014.09.12,00:13:04.342,107.112,107.109,2.25,1.25
2014.09.12,00:13:04.862,107.112,107.108,2.44,1.69
2014.09.12,00:13:07.116,107.112,107.109,1,1
2014.09.12,00:13:07.622,107.113,107.109,3.19,1.25
2014.09.12,00:13:17.501,107.113,107.11,2.25,1
2014.09.12,00:13:24.100,107.113,107.109,1.5,3.19
2014.09.12,00:13:25.642,107.113,107.11,1.5,1.25
2014.09.12,00:13:45.216,107.113,107.109,2.25,2.44
2014.09.12,00:13:48.315,107.111,107.109,1,1.69
2014.09.12,00:13:48.416,107.11,107.107,1.5,3
2014.09.12,00:13:48.568,107.108,107.106,1,1.69
2014.09.12,00:13:51.724,107.108,107.105,1,1.5
2014.09.12,00:13:57.127,107.108,107.104,1,1.5
2014.09.12,00:14:01.498,107.106,107.103,1,3.56
2014.09.12,00:14:01.802,107.105,107.102,1,2.81
2014.09.12,00:14:03.413,107.105,107.102,1.5,3.56
2014.09.12,00:14:04.499,107.103,107.102,1,1.5
2014.09.12,00:14:04.853,107.102,107.1,1,1.87
2014.09.12,00:14:05.156,107.102,107.098,3.19,4.5
2014.09.12,00:14:05.510,107.1,107.097,3.94,2.25
2014.09.12,00:14:06.015,107.099,107.096,2.44,1
2014.09.12,00:14:06.520,107.1,107.096,3.75,1
2014.09.12,00:14:07.521,107.099,107.096,1,1.25
2014.09.12,00:14:08.837,107.1,107.096,3.94,1.69
2014.09.12,00:14:12.130,107.098,107.096,1,1.69
2014.09.12,00:14:12.535,107.098,107.094,1.5,4.31
2014.09.12,00:14:14.795,107.096,107.094,1,2.25
2014.09.12,00:14:40.528,107.096,107.095,1.25,1
2014.09.12,00:14:40.580,107.099,107.096,1,1
2014.09.12,00:14:41.086,107.1,107.097,1.25,1.5
2014.09.12,00:14:42.256,107.099,107.097,1.25,1
2014.09.12,00:14:42.307,107.098,107.095,1,1.25
2014.09.12,00:14:42.814,107.098,107.094,1.5,2.25
2014.09.12,00:14:44.910,107.097,107.094,1,1.69
2014.09.12,00:14:50.181,107.097,107.093,6.94,1.5
2014.09.12,00:14:50.708,107.097,107.092,9.19,3.19
2014.09.12,00:14:56.615,107.097,107.094,3.19,1
2014.09.12,00:14:57.121,107.098,107.096,6.94,1
2014.09.12,00:14:57.222,107.098,107.094,6.19,3.75
2014.09.12,00:14:57.815,107.098,107.094,6.94,3.94
2014.09.12,00:15:01.235,107.098,107.094,3.94,1
2014.09.12,00:15:03.521,107.098,107.094,6.94,1
2014.09.12,00:15:04.614,107.098,107.094,6.94,1
2014.09.12,00:15:05.644,107.098,107.094,5.81,1
2014.09.12,00:15:06.325,107.098,107.095,6.56,1
2014.09.12,00:15:08.649,107.098,107.094,7.31,1
2014.09.12,00:15:10.944,107.097,107.094,1.25,1.5
2014.09.12,00:15:13.178,107.097,107.095,1.69,1
2014.09.12,00:15:14.241,107.098,107.094,7.69,1.5
2014.09.12,00:15:14.960,107.098,107.094,5.44,2.25
2014.09.12,00:15:15.495,107.098,107.094,1.25,3.25
2014.09.12,00:15:16.001,107.098,107.094,1.69,1
2014.09.12,00:15:18.354,107.098,107.094,5.81,1
2014.09.12,00:15:18.897,107.096,107.094,3.37,1
2014.09.12,00:15:19.402,107.095,107.093,1,1
2014.09.12,00:15:19.453,107.095,107.091,1.69,2.44
2014.09.12,00:15:19.969,107.094,107.091,1.25,2.25
2014.09.12,00:15:20.557,107.095,107.091,2.44,2.25
2014.09.12,00:15:21.161,107.094,107.091,1.25,2.25
2014.09.12,00:15:21.677,107.095,107.091,2.44,2.44
2014.09.12,00:15:22.389,107.095,107.092,2.44,1
2014.09.12,00:15:22.996,107.095,107.091,2.44,1.69
2014.09.12,00:15:23.811,107.094,107.091,1,1.5
2014.09.12,00:15:24.301,107.096,107.093,1.69,1
2014.09.12,00:15:24.809,107.096,107.094,1.25,1
2014.09.12,00:15:30.404,107.097,107.094,1.69,1
2014.09.12,00:15:31.668,107.097,107.094,1.69,1
2014.09.12,00:15:36.478,107.097,107.094,1.25,1
2014.09.12,00:15:37.481,107.097,107.094,1.19,1
2014.09.12,00:15:39.003,107.098,107.094,1.69,1
2014.09.12,00:15:39.511,107.097,107.094,1.19,1
2014.09.12,00:15:39.718,107.098,107.094,2.06,1
2014.09.12,00:15:41.813,107.097,107.094,1,2.25
2014.09.12,00:15:43.219,107.098,107.094,3.19,1.5
2014.09.12,00:15:44.715,107.098,107.094,1.69,3
2014.09.12,00:15:45.900,107.098,107.094,1.25,2.44
2014.09.12,00:15:47.014,107.099,107.096,4.69,1
2014.09.12,00:15:47.673,107.099,107.095,1.19,2.25
2014.09.12,00:15:48.127,107.1,107.095,5.81,1.5
2014.09.12,00:15:48.329,107.098,107.097,1.5,1.5
2014.09.12,00:15:48.834,107.099,107.096,1,1
2014.09.12,00:15:50.204,107.099,107.095,1,2.25
2014.09.12,00:15:52.222,107.097,107.095,1,1
2014.09.12,00:15:52.540,107.099,107.095,2.44,1
2014.09.12,00:15:53.411,107.097,107.095,1,1
2014.09.12,00:15:58.477,107.099,107.097,1,1
2014.09.12,00:15:58.528,107.1,107.098,1,1.5
2014.09.12,00:15:59.034,107.099,107.097,1,1
2014.09.12,00:15:59.539,107.1,107.097,2.44,1
2014.09.12,00:16:02.150,107.099,107.097,1,1
2014.09.12,00:16:21.006,107.099,107.095,1.69,1.5
2014.09.12,00:16:21.513,107.098,107.094,1,2.62
2014.09.12,00:16:24.035,107.099,107.094,1.69,2.25
2014.09.12,00:16:24.563,107.099,107.095,2.44,1
2014.09.12,00:16:24.715,107.098,107.093,4.12,2.44
2014.09.12,00:16:25.068,107.096,107.092,3,1
2014.09.12,00:16:25.374,107.092,107.09,1.5,1
2014.09.12,00:16:25.879,107.092,107.089,1,1
2014.09.12,00:16:27.983,107.093,107.09,1.69,1.5
2014.09.12,00:16:28.791,107.092,107.09,1,1.5
2014.09.12,00:16:29.297,107.093,107.09,1.25,1
2014.09.12,00:16:32.014,107.094,107.09,2.44,1.5
2014.09.12,00:16:32.318,107.092,107.091,1,1
2014.09.12,00:16:32.823,107.093,107.091,2.44,1
2014.09.12,00:16:33.650,107.092,107.091,1,1
2014.09.12,00:16:34.155,107.093,107.091,1.25,1
2014.09.12,00:16:34.866,107.094,107.091,1.69,1
2014.09.12,00:16:35.472,107.094,107.092,1.25,1
2014.09.12,00:16:35.977,107.094,107.091,1.25,1
2014.09.12,00:16:40.023,107.092,107.091,1,1
2014.09.12,00:16:40.124,107.094,107.091,1.25,1
2014.09.12,00:16:40.629,107.095,107.092,1.25,1
2014.09.12,00:16:44.993,107.096,107.094,1.25,1
2014.09.12,00:16:45.499,107.098,107.094,3.19,1.5
2014.09.12,00:16:54.696,107.098,107.094,2.44,1
2014.09.12,00:16:56.021,107.097,107.093,1.5,2.25
2014.09.12,00:17:04.414,107.096,107.093,1,1.5
2014.09.12,00:17:04.936,107.097,107.093,1.5,2.25
2014.09.12,00:17:05.240,107.094,107.093,1,1
2014.09.12,00:17:05.746,107.094,107.092,1,1
2014.09.12,00:17:06.256,107.095,107.092,2.44,1
2014.09.12,00:17:07.556,107.096,107.092,3.19,1.69
2014.09.12,00:17:14.619,107.095,107.092,1,1.69
2014.09.12,00:17:19.428,107.096,107.092,2.44,1.5
2014.09.12,00:17:22.983,107.096,107.092,3.19,1.5
2014.09.12,00:17:23.672,107.093,107.091,1,3.94
2014.09.12,00:17:24.026,107.092,107.089,1,3
2014.09.12,00:17:24.551,107.093,107.089,3,1.5
2014.09.12,00:17:28.382,107.092,107.089,1,1.5
2014.09.12,00:17:29.563,107.093,107.089,1.25,3.19
2014.09.12,00:17:30.383,107.093,107.089,1,3.19
2014.09.12,00:17:31.475,107.093,107.089,1,2.25
2014.09.12,00:17:31.980,107.093,107.089,1,3.19
2014.09.12,00:17:32.627,107.094,107.089,3.94,3.19
2014.09.12,00:17:33.229,107.094,107.089,3.19,2.25
2014.09.12,00:17:36.675,107.094,107.091,2.44,1
2014.09.12,00:17:38.426,107.095,107.092,2.25,1
2014.09.12,00:17:41.040,107.096,107.092,5.44,1.69
2014.09.12,00:17:41.572,107.097,107.093,1,3.75
2014.09.12,00:17:42.129,107.096,107.093,1,2.25
2014.09.12,00:17:42.636,107.095,107.092,1.5,2.44
2014.09.12,00:17:43.450,107.092,107.09,1,3.94
2014.09.12,00:17:44.159,107.093,107.09,1,2.44
2014.09.12,00:17:49.616,107.093,107.089,1.5,2.25
2014.09.12,00:17:49.920,107.091,107.088,1,3.19
2014.09.12,00:17:52.196,107.091,107.087,1.5,3.19
2014.09.12,00:17:55.395,107.092,107.087,2.25,7.5
2014.09.12,00:17:55.698,107.092,107.089,1,1.5
2014.09.12,00:17:56.214,107.093,107.089,3,1
2014.09.12,00:17:56.729,107.092,107.089,1.5,2.44
2014.09.12,00:17:57.242,107.092,107.09,1,1
2014.09.12,00:18:02.018,107.093,107.09,1.69,1
2014.09.12,00:18:02.330,107.091,107.09,1,1
2014.09.12,00:18:02.832,107.091,107.089,1,1
2014.09.12,00:18:03.775,107.092,107.089,1,1
2014.09.12,00:18:11.783,107.091,107.089,1,1
2014.09.12,00:18:12.287,107.092,107.089,1,1.5
2014.09.12,00:18:13.995,107.092,107.09,1.5,1
2014.09.12,00:18:14.934,107.093,107.09,1,1.5
2014.09.12,00:18:15.439,107.094,107.09,1,3.75
2014.09.12,00:18:15.540,107.096,107.091,4.69,1
2014.09.12,00:18:18.607,107.095,107.091,1,1.25
2014.09.12,00:18:21.222,107.095,107.09,1.5,5.44
2014.09.12,00:18:21.738,107.096,107.091,3.75,1
2014.09.12,00:18:22.276,107.096,107.092,3,1
2014.09.12,00:18:24.122,107.095,107.091,1,2.25
2014.09.12,00:18:26.014,107.096,107.092,3,1
2014.09.12,00:18:29.359,107.095,107.091,1,3.19
2014.09.12,00:18:30.362,107.096,107.091,2.44,3.94
2014.09.12,00:18:30.884,107.095,107.091,1,1.25
2014.09.12,00:18:31.427,107.095,107.09,1,5.44
2014.09.12,00:18:33.791,107.096,107.091,2.25,1
2014.09.12,00:18:34.331,107.095,107.091,1,1.5
2014.09.12,00:18:35.087,107.096,107.091,1.69,3.19
2014.09.12,00:18:36.095,107.096,107.092,2.44,1
2014.09.12,00:18:36.701,107.096,107.091,3.94,2.44
2014.09.12,00:18:37.452,107.095,107.091,1,2.44
2014.09.12,00:18:37.980,107.096,107.092,4.69,1
2014.09.12,00:18:38.321,107.096,107.094,1,1
2014.09.12,00:18:38.423,107.098,107.095,1.5,1
2014.09.12,00:18:38.951,107.099,107.096,3.94,1
2014.09.12,00:18:39.461,107.098,107.096,1.5,1
2014.09.12,00:18:39.564,107.096,107.095,1,1
2014.09.12,00:18:39.785,107.096,107.093,1,1.69
2014.09.12,00:18:40.290,107.096,107.094,1,1
2014.09.12,00:18:40.795,107.097,107.093,1.5,1.69
2014.09.12,00:18:42.713,107.097,107.094,1.5,1
2014.09.12,00:18:43.333,107.097,107.093,1.5,1.69
2014.09.12,00:18:44.277,107.097,107.094,1,1
2014.09.12,00:18:44.782,107.097,107.093,1.5,2.44
2014.09.12,00:18:52.637,107.097,107.095,1,1
2014.09.12,00:18:52.992,107.098,107.096,2.06,1
2014.09.12,00:18:54.057,107.099,107.097,1.5,1
2014.09.12,00:18:54.311,107.102,107.099,2.06,1.5
2014.09.12,00:18:54.615,107.103,107.102,1,1
2014.09.12,00:18:54.918,107.105,107.102,2.25,1
2014.09.12,00:18:55.424,107.106,107.103,1,1
2014.09.12,00:18:55.931,107.107,107.103,1.5,1
2014.09.12,00:18:57.992,107.106,107.103,1,1
2014.09.12,00:18:58.533,107.107,107.103,2.44,1
2014.09.12,00:19:03.579,107.107,107.105,1.69,1
2014.09.12,00:19:04.034,107.108,107.106,1.5,1
2014.09.12,00:19:09.384,107.108,107.106,1,1
2014.09.12,00:19:09.689,107.11,107.108,2.44,1
2014.09.12,00:19:10.299,107.109,107.108,1,1
2014.09.12,00:19:11.065,107.11,107.108,1,1
2014.09.12,00:19:11.570,107.11,107.108,1.5,1
2014.09.12,00:19:25.377,107.111,107.109,1,1
2014.09.12,00:19:25.983,107.11,107.109,1,1
2014.09.12,00:19:26.084,107.11,107.107,1,3
2014.09.12,00:19:26.186,107.111,107.109,1,1
2014.09.12,00:19:26.691,107.113,107.11,4.69,1
2014.09.12,00:19:29.192,107.112,107.109,1.69,1
2014.09.12,00:19:29.699,107.112,107.11,1.25,2.25
2014.09.12,00:19:30.256,107.112,107.111,1.69,1
2014.09.12,00:19:30.612,107.114,107.111,1.25,1
2014.09.12,00:19:30.713,107.116,107.111,3.19,4.5
2014.09.12,00:19:30.814,107.116,107.113,1,1
2014.09.12,00:19:31.118,107.116,107.115,1,1
2014.09.12,00:19:31.882,107.118,107.115,3.19,1
2014.09.12,00:19:32.185,107.116,107.113,1,2.25
2014.09.12,00:19:32.286,107.116,107.114,1,1
2014.09.12,00:19:32.388,107.116,107.113,1,2.25
2014.09.12,00:19:33.736,107.115,107.113,1,1.5
2014.09.12,00:19:36.554,107.116,107.113,1.25,2.25
2014.09.12,00:19:37.352,107.117,107.114,1.69,1
2014.09.12,00:19:37.857,107.117,107.115,1,1
2014.09.12,00:19:38.375,107.118,107.115,1.25,1.5
2014.09.12,00:19:38.884,107.119,107.116,1,1
2014.09.12,00:19:39.138,107.121,107.117,3.19,1.5
2014.09.12,00:19:39.189,107.121,107.119,1.69,1
2014.09.12,00:19:39.543,107.123,107.119,1.69,2.25
2014.09.12,00:19:39.645,107.123,107.121,1,1
2014.09.12,00:19:40.151,107.123,107.12,1,1.5
2014.09.12,00:19:40.672,107.123,107.121,1,1
2014.09.12,00:19:43.135,107.124,107.121,1,1.5
2014.09.12,00:19:43.438,107.127,107.124,2.44,1
2014.09.12,00:19:43.944,107.128,107.125,1,1
2014.09.12,00:19:48.552,107.128,107.125,1.69,1
2014.09.12,00:19:49.465,107.128,107.125,1.5,1
2014.09.12,00:19:50.433,107.127,107.125,1,1
2014.09.12,00:19:50.949,107.126,107.125,1,1
2014.09.12,00:19:51.455,107.126,107.124,1,1
2014.09.12,00:19:52.030,107.126,107.123,1,1.5
2014.09.12,00:19:53.017,107.125,107.123,1,1
2014.09.12,00:19:53.219,107.124,107.121,1,1.5
2014.09.12,00:19:53.825,107.124,107.12,1,1.69
2014.09.12,00:19:54.079,107.122,107.119,1,3.19
2014.09.12,00:19:54.483,107.124,107.121,1,1.5
2014.09.12,00:19:55.019,107.124,107.122,1,1
2014.09.12,00:19:55.562,107.125,107.122,1.25,1
2014.09.12,00:19:57.264,107.124,107.122,1,1
2014.09.12,00:19:58.087,107.124,107.121,1,1
2014.09.12,00:19:58.676,107.124,107.12,1,3.19
2014.09.12,00:20:01.385,107.123,107.12,1,2.25
2014.09.12,00:20:01.902,107.123,107.119,1.5,3
2014.09.12,00:20:03.901,107.122,107.119,1,1.5
2014.09.12,00:20:07.669,107.122,107.118,2.25,3
2014.09.12,00:20:10.442,107.122,107.119,2.25,1
2014.09.12,00:20:10.947,107.122,107.12,1,1
2014.09.12,00:20:15.675,107.122,107.119,1,1
2014.09.12,00:20:22.171,107.122,107.118,1,3.19
2014.09.12,00:20:22.273,107.119,107.117,1,1.87
2014.09.12,00:20:22.426,107.118,107.116,1.5,1
2014.09.12,00:20:22.931,107.118,107.115,1.5,1
2014.09.12,00:20:23.545,107.118,107.116,1.5,1
2014.09.12,00:20:24.056,107.119,107.117,1,1
2014.09.12,00:20:24.767,107.119,107.116,1,1.5
2014.09.12,00:20:27.758,107.118,107.116,1,1.5
2014.09.12,00:20:28.308,107.119,107.116,1,1
2014.09.12,00:20:28.813,107.12,107.116,1,3.19
2014.09.12,00:20:33.346,107.121,107.116,1.69,3.19
2014.09.12,00:20:33.851,107.12,107.116,1,3.19
2014.09.12,00:20:34.362,107.12,107.116,1,3.19
2014.09.12,00:20:34.896,107.121,107.116,2.25,3.94
2014.09.12,00:20:35.402,107.121,107.116,2.25,1.5
2014.09.12,00:20:37.383,107.12,107.116,1,1.5
2014.09.12,00:20:37.788,107.118,107.116,1,1.25
2014.09.12,00:20:47.814,107.119,107.116,1.5,1
2014.09.12,00:20:49.170,107.118,107.116,1,1
2014.09.12,00:20:49.473,107.117,107.114,1,1.5
2014.09.12,00:20:53.400,107.118,107.114,1.5,1
2014.09.12,00:20:54.702,107.117,107.114,1,1
2014.09.12,00:21:08.165,107.117,107.113,1.5,1.25
2014.09.12,00:21:12.150,107.117,107.112,2.25,3
2014.09.12,00:21:12.904,107.117,107.112,2.25,3.94
2014.09.12,00:21:16.830,107.117,107.112,2.44,4.69
2014.09.12,00:21:23.541,107.117,107.112,2.25,3.19
2014.09.12,00:21:25.163,107.116,107.112,1.5,1.69
2014.09.12,00:21:25.315,107.114,107.112,1,1.19
2014.09.12,00:21:25.366,107.114,107.111,1,1
2014.09.12,00:21:25.908,107.113,107.11,1.5,1.25
2014.09.12,00:21:26.312,107.111,107.11,1.5,1
2014.09.12,00:21:26.615,107.108,107.105,1.5,1.5
2014.09.12,00:21:26.666,107.107,107.105,1,1
2014.09.12,00:21:26.818,107.109,107.106,1,1
2014.09.12,00:21:27.323,107.109,107.107,2.25,1
2014.09.12,00:21:27.626,107.108,107.105,1.5,1.25
2014.09.12,00:21:27.879,107.107,107.103,1,3.94
2014.09.12,00:21:29.175,107.107,107.103,1,4.69
2014.09.12,00:21:29.794,107.106,107.103,1,3.94
2014.09.12,00:21:30.148,107.106,107.102,2.25,1.5
2014.09.12,00:21:30.300,107.104,107.102,1,1
2014.09.12,00:21:30.402,107.104,107.1,1.5,2.44
2014.09.12,00:21:30.705,107.102,107.099,1.5,3.94
2014.09.12,00:21:31.058,107.101,107.098,1,1.69
2014.09.12,00:21:31.412,107.099,107.097,1,1.5
2014.09.12,00:21:31.715,107.099,107.095,1,2.44
2014.09.12,00:21:32.248,107.099,107.096,1,1
2014.09.12,00:21:34.374,107.1,107.096,4.69,1
2014.09.12,00:21:37.528,107.098,107.096,1,1.5
2014.09.12,00:21:37.831,107.097,107.094,1.5,1
2014.09.12,00:21:38.349,107.097,107.093,1.5,1.5
2014.09.12,00:21:39.575,107.096,107.093,1,1.5
2014.09.12,00:21:40.092,107.096,107.092,2.25,3.19
2014.09.12,00:21:40.396,107.094,107.092,1,1.5
2014.09.12,00:21:40.901,107.094,107.091,1.5,1
2014.09.12,00:21:41.103,107.093,107.089,2.25,2.25
2014.09.12,00:21:41.457,107.093,107.091,1,1
2014.09.12,00:21:41.609,107.096,107.093,2.25,1
2014.09.12,00:21:42.164,107.096,107.092,1.5,2.25
2014.09.12,00:21:42.922,107.095,107.091,1,1
2014.09.12,00:21:43.606,107.096,107.092,3,1.5
2014.09.12,00:21:48.259,107.096,107.093,1,1
2014.09.12,00:21:48.765,107.097,107.093,2.44,1.5
2014.09.12,00:21:49.283,107.097,107.094,1.5,1
2014.09.12,00:21:52.136,107.098,107.094,1.69,1
2014.09.12,00:21:53.666,107.098,107.095,1,2.25
2014.09.12,00:21:54.171,107.099,107.096,2.25,1
2014.09.12,00:21:54.374,107.101,107.098,2.25,1
2014.09.12,00:21:54.576,107.103,107.099,2.81,1
2014.09.12,00:21:55.081,107.103,107.101,2.06,1
2014.09.12,00:21:55.182,107.103,107.099,1.5,3.19
2014.09.12,00:21:55.233,107.103,107.101,1.5,1
2014.09.12,00:21:55.739,107.104,107.1,1.25,3
2014.09.12,00:21:56.261,107.105,107.101,1.69,1
2014.09.12,00:21:56.772,107.106,107.103,3.19,1
2014.09.12,00:21:57.278,107.107,107.103,2.44,1
2014.09.12,00:21:57.380,107.108,107.103,1.25,1
2014.09.12,00:21:57.834,107.109,107.105,3,1
2014.09.12,00:21:58.138,107.11,107.107,1,1
2014.09.12,00:21:58.693,107.11,107.106,1.5,2.44
2014.09.12,00:22:12.709,107.11,107.107,1.5,1
2014.09.12,00:22:13.214,107.11,107.106,1.5,1.5
2014.09.12,00:22:15.131,107.11,107.108,1.5,1
2014.09.12,00:22:32.986,107.111,107.108,1.5,1.5
2014.09.12,00:22:33.441,107.113,107.109,3.19,1
2014.09.12,00:22:33.695,107.113,107.111,1.5,1
2014.09.12,00:22:34.229,107.114,107.111,3.19,1
2014.09.12,00:22:34.540,107.117,107.114,1,2.5
2014.09.12,00:22:34.641,107.119,107.116,1.5,1
2014.09.12,00:22:35.146,107.12,107.116,1.5,1
2014.09.12,00:22:35.450,107.121,107.118,3.19,1
2014.09.12,00:22:37.203,107.121,107.116,2.44,1.69
2014.09.12,00:22:37.304,107.119,107.116,1,1.69
2014.09.12,00:22:37.809,107.118,107.116,1,1
2014.09.12,00:22:38.366,107.119,107.116,2.44,1
2014.09.12,00:22:40.403,107.119,107.115,3.94,1
2014.09.12,00:22:40.707,107.117,107.114,1,1.25
2014.09.12,00:22:41.212,107.118,107.115,1,1.5
2014.09.12,00:22:41.999,107.118,107.116,1,1
2014.09.12,00:22:44.837,107.118,107.117,1,1
2014.09.12,00:22:45.140,107.122,107.12,1,1.5
2014.09.12,00:22:45.191,107.124,107.121,1.25,1
2014.09.12,00:22:45.696,107.124,107.12,1.25,2.25
2014.09.12,00:22:46.207,107.125,107.121,1.5,1.5
2014.09.12,00:22:46.308,107.126,107.123,2.44,1
2014.09.12,00:22:46.489,107.126,107.121,1.69,3.19
2014.09.12,00:22:46.590,107.126,107.123,1.69,1
2014.09.12,00:22:46.895,107.13,107.126,4.69,1.5
2014.09.12,00:22:47.400,107.13,107.127,1.69,1
2014.09.12,00:22:49.696,107.131,107.129,2.25,1
2014.09.12,00:22:49.848,107.133,107.131,2.44,1
2014.09.12,00:22:50.201,107.133,107.129,1.69,1.5
2014.09.12,00:22:51.110,107.133,107.129,1.69,1
2014.09.12,00:22:53.404,107.133,107.131,1.19,1
2014.09.12,00:22:53.556,107.135,107.132,1.69,1
2014.09.12,00:22:53.859,107.137,107.132,3.94,1
2014.09.12,00:22:53.961,107.137,107.134,3.94,1
2014.09.12,00:22:54.314,107.136,107.132,1.5,3.94
2014.09.12,00:22:55.104,107.137,107.133,2.44,1
2014.09.12,00:22:56.722,107.137,107.134,1.25,1
2014.09.12,00:22:57.227,107.137,107.133,1,1.5
2014.09.12,00:22:58.439,107.137,107.135,1,1
2014.09.12,00:22:58.944,107.139,107.135,3.94,1
2014.09.12,00:22:59.563,107.139,107.135,3.19,1
2014.09.12,00:23:00.068,107.14,107.136,1.69,3
2014.09.12,00:23:00.371,107.141,107.14,1,1
2014.09.12,00:23:00.473,107.143,107.14,1.69,1
2014.09.12,00:23:00.978,107.144,107.14,1.69,1
2014.09.12,00:23:01.483,107.144,107.139,3.19,1.25
2014.09.12,00:23:01.534,107.142,107.139,1,1.25
2014.09.12,00:23:01.737,107.144,107.14,1.69,1.5
2014.09.12,00:23:01.890,107.144,107.142,1,1
2014.09.12,00:23:02.043,107.148,107.144,1.5,1
2014.09.12,00:23:02.296,107.148,107.146,1,1
2014.09.12,00:23:02.347,107.15,107.146,8.44,1
2014.09.12,00:23:02.700,107.15,107.147,3.56,1
2014.09.12,00:23:02.902,107.15,107.146,1.69,1
2014.09.12,00:23:03.742,107.147,107.146,1.69,1.5
2014.09.12,00:23:03.844,107.147,107.144,1.69,1
2014.09.12,00:23:04.148,107.147,107.142,1.69,3
2014.09.12,00:23:04.351,107.145,107.142,1.25,2.25
2014.09.12,00:23:04.856,107.144,107.142,1,1
2014.09.12,00:23:05.362,107.144,107.141,1.5,1.5
2014.09.12,00:23:05.413,107.144,107.142,1.5,1
2014.09.12,00:23:05.920,107.144,107.142,1,1
2014.09.12,00:23:06.444,107.145,107.142,1.5,2.25
2014.09.12,00:23:07.001,107.146,107.142,1.5,2.25
2014.09.12,00:23:07.506,107.145,107.142,1,3.19
2014.09.12,00:23:07.810,107.146,107.145,1,1
2014.09.12,00:23:07.861,107.146,107.143,1.5,1.25
2014.09.12,00:23:07.962,107.147,107.145,1,1
2014.09.12,00:23:08.468,107.148,107.146,1.69,1
2014.09.12,00:23:08.973,107.149,107.147,2.44,1
2014.09.12,00:23:09.478,107.149,107.146,2.44,1
2014.09.12,00:23:10.337,107.149,107.145,3.19,1
2014.09.12,00:23:10.641,107.145,107.143,1,1
2014.09.12,00:23:10.692,107.145,107.141,1,3.19
2014.09.12,00:23:11.147,107.146,107.143,1,1
2014.09.12,00:23:11.653,107.145,107.143,1,1
2014.09.12,00:23:11.812,107.147,107.143,4.69,1
2014.09.12,00:23:11.963,107.145,107.143,1,1
2014.09.12,00:23:12.468,107.145,107.141,1.5,2.25
2014.09.12,00:23:12.974,107.144,107.14,1.5,2.44
2014.09.12,00:23:13.491,107.143,107.139,1.5,2.25
2014.09.12,00:23:13.996,107.142,107.139,1,1
2014.09.12,00:23:16.263,107.142,107.138,1.5,3
2014.09.12,00:23:16.465,107.14,107.137,1,1.25
2014.09.12,00:23:17.689,107.14,107.136,1,4.69
2014.09.12,00:23:18.351,107.14,107.137,1,1
2014.09.12,00:23:19.222,107.14,107.136,1,3.94
2014.09.12,00:23:20.861,107.14,107.135,3.19,3.19
2014.09.12,00:23:21.164,107.136,107.133,1,3.94
2014.09.12,00:23:21.671,107.137,107.133,1.69,1.5
2014.09.12,00:23:22.782,107.135,107.133,1,1.69
2014.09.12,00:23:23.137,107.134,107.13,1.5,6.19
2014.09.12,00:23:23.390,107.133,107.129,3,2.44
2014.09.12,00:23:25.412,107.132,107.129,1,2.44
2014.09.12,00:23:26.888,107.132,107.13,1,1
2014.09.12,00:23:27.393,107.132,107.129,1,1.25
2014.09.12,00:23:29.158,107.133,107.13,1.5,1
2014.09.12,00:23:29.665,107.132,107.13,1,1
2014.09.12,00:23:30.175,107.133,107.13,1.5,1.5
2014.09.12,00:23:31.237,107.134,107.13,1.25,1.5
2014.09.12,00:23:32.348,107.133,107.13,1,1.5
2014.09.12,00:23:34.107,107.133,107.131,1,1
2014.09.12,00:23:36.541,107.134,107.131,1.25,1
2014.09.12,00:23:39.516,107.135,107.131,2.25,1.5
2014.09.12,00:23:40.057,107.136,107.132,3.19,1
2014.09.12,00:23:41.242,107.136,107.133,2.44,1
2014.09.12,00:23:41.444,107.138,107.134,2.25,1.5
2014.09.12,00:23:41.546,107.138,107.136,1.5,1
2014.09.12,00:23:41.647,107.139,107.134,1.25,3
2014.09.12,00:23:41.748,107.138,107.136,1,1
2014.09.12,00:23:42.153,107.14,107.138,1.25,1
2014.09.12,00:23:42.406,107.143,107.139,1.5,3
2014.09.12,00:23:42.558,107.144,107.141,3.94,1
2014.09.12,00:23:42.862,107.145,107.143,1,1
2014.09.12,00:23:43.367,107.146,107.143,2.06,1
2014.09.12,00:23:43.872,107.146,107.144,2.06,1
2014.09.12,00:23:44.378,107.147,107.143,1.5,3.94
2014.09.12,00:23:45.633,107.148,107.143,1.69,4.69
2014.09.12,00:23:46.138,107.148,107.143,1.5,4.69
2014.09.12,00:23:49.132,107.148,107.143,2.25,1.5
2014.09.12,00:23:49.634,107.148,107.144,2.25,1
2014.09.12,00:23:50.867,107.147,107.143,1,1
2014.09.12,00:23:51.766,107.148,107.143,1.5,1
2014.09.12,00:23:53.447,107.146,107.143,1,1.25
2014.09.12,00:23:55.586,107.148,107.142,3.94,4.5
2014.09.12,00:23:55.689,107.146,107.142,2.44,1.5
2014.09.12,00:23:56.446,107.145,107.141,1.25,1.5
2014.09.12,00:23:56.749,107.143,107.141,1,1
2014.09.12,00:23:57.252,107.142,107.14,1,1.5
2014.09.12,00:23:57.757,107.142,107.139,1,1
2014.09.12,00:23:58.277,107.142,107.138,1,1.69
2014.09.12,00:23:59.569,107.142,107.137,1.5,1
2014.09.12,00:24:00.136,107.141,107.137,1,1
2014.09.12,00:24:00.851,107.141,107.136,1,3.94
2014.09.12,00:24:01.155,107.138,107.136,1,1
2014.09.12,00:24:01.357,107.137,107.134,1.5,1.12
2014.09.12,00:24:01.509,107.135,107.133,1,1
2014.09.12,00:24:01.712,107.133,107.13,1,2.62
2014.09.12,00:24:03.582,107.133,107.129,1.5,2.44
2014.09.12,00:24:04.510,107.131,107.129,1,1.5
2014.09.12,00:24:06.756,107.132,107.129,2.25,1
2014.09.12,00:24:08.146,107.132,107.128,2.25,1.69
2014.09.12,00:24:08.652,107.132,107.129,1.5,1
2014.09.12,00:24:11.333,107.132,107.128,1.5,1.25
2014.09.12,00:24:13.251,107.132,107.129,1.25,1
2014.09.12,00:24:14.629,107.132,107.128,2.44,1
2014.09.12,00:24:15.135,107.132,107.127,2.44,3.94
2014.09.12,00:24:17.128,107.132,107.129,3.19,1
2014.09.12,00:24:17.633,107.132,107.128,2.25,1.5
2014.09.12,00:24:18.138,107.132,107.129,1.5,1
2014.09.12,00:24:19.568,107.132,107.128,2.25,1.5
2014.09.12,00:24:20.657,107.132,107.129,1,1
2014.09.12,00:24:25.087,107.132,107.128,2.25,2.25
2014.09.12,00:24:25.832,107.132,107.129,1,1
2014.09.12,00:24:26.488,107.132,107.13,1,1
2014.09.12,00:24:28.076,107.132,107.129,1,2.25
2014.09.12,00:24:30.572,107.132,107.128,1,3
2014.09.12,00:24:34.452,107.131,107.128,1,1
2014.09.12,00:24:36.295,107.131,107.129,1,1
2014.09.12,00:24:36.740,107.133,107.129,1.5,1.5
2014.09.12,00:24:37.296,107.132,107.129,1.5,1
2014.09.12,00:24:37.827,107.132,107.128,2.25,1.69
2014.09.12,00:24:38.333,107.131,107.127,1.5,3.19
2014.09.12,00:24:38.838,107.132,107.129,1.87,1
2014.09.12,00:24:39.350,107.131,107.129,1,2.25
2014.09.12,00:24:39.451,107.133,107.129,1.5,1.5
2014.09.12,00:24:40.091,107.133,107.128,2.25,3
2014.09.12,00:24:40.495,107.132,107.13,1,1
2014.09.12,00:24:41.000,107.132,107.129,1,1.5
2014.09.12,00:24:42.330,107.132,107.13,1,1
2014.09.12,00:24:42.836,107.133,107.13,1,1
2014.09.12,00:24:46.535,107.133,107.129,1.5,3.94
2014.09.12,00:24:50.019,107.133,107.131,1.5,1
2014.09.12,00:24:50.205,107.133,107.129,1.5,3.94
2014.09.12,00:24:52.397,107.133,107.129,1,4.69
2014.09.12,00:24:54.371,107.133,107.131,1,1
2014.09.12,00:24:55.189,107.134,107.131,1,1.5
2014.09.12,00:24:55.441,107.136,107.132,2.81,1.5
2014.09.12,00:24:55.947,107.137,107.133,1,3
2014.09.12,00:24:56.995,107.137,107.135,1,1
2014.09.12,00:24:57.097,107.139,107.136,1,1.69
2014.09.12,00:24:57.198,107.139,107.138,1,1.5
2014.09.12,00:24:57.350,107.142,107.138,1.69,3
2014.09.12,00:24:57.855,107.142,107.139,1,3
2014.09.12,00:24:58.425,107.142,107.14,1,1
2014.09.12,00:24:58.930,107.143,107.14,1.69,1
2014.09.12,00:24:59.242,107.145,107.14,4.5,1
2014.09.12,00:24:59.558,107.143,107.14,1,1
2014.09.12,00:25:00.524,107.143,107.139,1,3
2014.09.12,00:25:00.831,107.145,107.142,3.94,1
2014.09.12,00:25:00.882,107.145,107.14,3.19,1
2014.09.12,00:25:01.392,107.144,107.141,2.25,1
2014.09.12,00:25:05.841,107.145,107.144,1,1
2014.09.12,00:25:05.943,107.147,107.144,2.25,1
2014.09.12,00:25:06.044,107.148,107.146,1,2.25
2014.09.12,00:25:06.297,107.15,107.146,3,2.25
2014.09.12,00:25:06.852,107.151,107.147,3,1
2014.09.12,00:25:08.853,107.15,107.147,1,1
2014.09.12,00:25:12.904,107.15,107.146,2.25,1.25
2014.09.12,00:25:15.027,107.149,107.146,1,3.19
2014.09.12,00:25:17.257,107.15,107.146,2.25,2.44
2014.09.12,00:25:17.761,107.149,107.146,1,2.44
2014.09.12,00:25:18.299,107.148,107.145,1,3.19
2014.09.12,00:25:20.981,107.146,107.143,1,2.25
2014.09.12,00:25:21.287,107.144,107.142,1,1.69
2014.09.12,00:25:23.165,107.143,107.142,1,1
2014.09.12,00:25:23.711,107.143,107.141,1.5,1.5
2014.09.12,00:25:26.769,107.143,107.14,1.5,1.25
2014.09.12,00:25:27.301,107.142,107.14,1,1
2014.09.12,00:25:28.655,107.143,107.14,1,1
2014.09.12,00:25:30.114,107.142,107.14,1,1
2014.09.12,00:25:30.830,107.143,107.14,1,1
2014.09.12,00:25:31.645,107.142,107.14,1,1
2014.09.12,00:25:32.322,107.144,107.14,3,1
2014.09.12,00:25:34.031,107.142,107.14,1,1
2014.09.12,00:25:34.831,107.142,107.139,1,1.25
2014.09.12,00:25:35.335,107.142,107.14,1,1
2014.09.12,00:25:35.754,107.14,107.139,1,1
2014.09.12,00:25:36.159,107.142,107.139,1,1
2014.09.12,00:25:36.664,107.143,107.138,3.75,2.25
2014.09.12,00:25:37.210,107.142,107.138,2.25,2.25
2014.09.12,00:25:37.716,107.141,107.138,1,1.5
2014.09.12,00:25:38.947,107.14,107.138,1,1.5
2014.09.12,00:25:39.726,107.14,107.139,1,1.5
2014.09.12,00:25:40.030,107.142,107.139,1,2.25
2014.09.12,00:25:42.816,107.142,107.14,1.5,1
2014.09.12,00:25:43.422,107.143,107.14,1.5,1
2014.09.12,00:25:43.942,107.142,107.14,1,1.25
2014.09.12,00:25:44.896,107.142,107.139,1,1.5
2014.09.12,00:25:47.481,107.143,107.139,1.5,1.69
2014.09.12,00:25:54.043,107.143,107.14,2.25,1
2014.09.12,00:25:54.560,107.142,107.14,1,1
2014.09.12,00:25:55.715,107.143,107.14,1.5,1.5
2014.09.12,00:25:56.258,107.142,107.14,1,1.5
2014.09.12,00:25:56.787,107.143,107.14,2.25,1.5
2014.09.12,00:26:00.382,107.143,107.139,3,2.25
2014.09.12,00:26:00.921,107.143,107.14,2.25,1
2014.09.12,00:26:01.556,107.143,107.139,2.25,3.19
2014.09.12,00:26:03.258,107.143,107.14,2.25,1
2014.09.12,00:26:03.772,107.143,107.139,1.5,3.94
2014.09.12,00:26:04.328,107.142,107.139,1,2.25
2014.09.12,00:26:04.834,107.142,107.14,1,1
2014.09.12,00:26:05.361,107.142,107.139,1,1
2014.09.12,00:26:06.478,107.142,107.14,1,1
2014.09.12,00:26:06.983,107.143,107.14,2.25,1
2014.09.12,00:26:07.500,107.143,107.139,2.25,3.19
2014.09.12,00:26:09.896,107.143,107.14,1.5,1
2014.09.12,00:26:10.598,107.143,107.139,2.25,2.44
2014.09.12,00:26:14.455,107.142,107.139,1,1.69
2014.09.12,00:26:14.506,107.141,107.139,1,1
2014.09.12,00:26:14.607,107.14,107.137,1,5.06
2014.09.12,00:26:15.163,107.139,107.137,1,1
2014.09.12,00:26:15.719,107.139,107.136,1,3.19
2014.09.12,00:26:17.023,107.139,107.137,1,1
2014.09.12,00:26:17.175,107.141,107.138,1.25,1
2014.09.12,00:26:17.276,107.143,107.139,2.25,1
2014.09.12,00:26:17.782,107.143,107.14,1.5,1
2014.09.12,00:26:23.421,107.143,107.139,2.25,2.25
2014.09.12,00:26:24.031,107.142,107.139,1,1.5
2014.09.12,00:26:27.759,107.143,107.139,3,2.44
2014.09.12,00:26:31.907,107.143,107.138,3.75,1.25
2014.09.12,00:26:31.958,107.14,107.138,1,1
2014.09.12,00:26:32.212,107.142,107.139,1.5,1.5
2014.09.12,00:26:32.718,107.141,107.138,1.5,1.5
2014.09.12,00:26:33.273,107.141,107.137,1.5,2.44
2014.09.12,00:26:33.595,107.139,107.137,1,1.25
2014.09.12,00:26:33.898,107.137,107.135,1.5,1.5
2014.09.12,00:26:34.202,107.135,107.133,1,2.06
2014.09.12,00:26:34.606,107.137,107.133,2.25,2.44
2014.09.12,00:26:34.707,107.134,107.133,1,1.69
2014.09.12,00:26:35.213,107.134,107.132,1,1
2014.09.12,00:26:35.567,107.136,107.132,3.75,1.69
2014.09.12,00:26:35.972,107.136,107.133,2.25,2.06
2014.09.12,00:26:36.073,107.139,107.137,1,2.44
2014.09.12,00:26:36.174,107.141,107.138,1,3.19
2014.09.12,00:26:36.528,107.14,107.136,1,1.69
2014.09.12,00:26:37.280,107.14,107.136,1,1.25
2014.09.12,00:26:39.125,107.141,107.137,1.5,2.25
2014.09.12,00:26:39.631,107.142,107.138,3,2.25
2014.09.12,00:26:39.986,107.14,107.138,1,1
2014.09.12,00:26:40.138,107.14,107.136,2.25,3.19
2014.09.12,00:26:40.442,107.138,107.135,1,1.5
2014.09.12,00:26:40.948,107.138,107.134,2.25,2.44
2014.09.12,00:26:41.301,107.136,107.134,1,1
2014.09.12,00:26:41.555,107.135,107.132,3.75,1.69
2014.09.12,00:26:42.212,107.134,107.132,1,1
2014.09.12,00:26:45.456,107.135,107.132,1,1
2014.09.12,00:26:46.013,107.136,107.132,1,2.25
2014.09.12,00:26:46.514,107.137,107.133,1,1
2014.09.12,00:26:50.735,107.138,107.136,1,1
2014.09.12,00:26:50.937,107.141,107.138,1,1
2014.09.12,00:26:51.241,107.14,107.136,1,3.19
2014.09.12,00:26:51.443,107.138,107.136,1,1.25
2014.09.12,00:26:51.948,107.137,107.134,1.5,3.19
2014.09.12,00:26:52.453,107.137,107.134,1,1
2014.09.12,00:27:03.555,107.137,107.133,3.75,1.5
2014.09.12,00:27:04.138,107.136,107.133,1,1.5
2014.09.12,00:27:04.674,107.137,107.133,3,1.69
2014.09.12,00:27:07.572,107.137,107.134,2.25,1
2014.09.12,00:27:21.174,107.139,107.136,1,3.75
2014.09.12,00:27:21.377,107.143,107.14,2.25,1.5
2014.09.12,00:27:21.428,107.143,107.142,2.25,1
2014.09.12,00:27:22.240,107.143,107.14,2.25,1.5
2014.09.12,00:27:22.291,107.143,107.14,1,1.5
2014.09.12,00:27:22.443,107.142,107.14,1,1
2014.09.12,00:27:23.346,107.142,107.139,1,1
2014.09.12,00:27:24.283,107.142,107.14,1.5,1
2014.09.12,00:27:24.790,107.142,107.139,1.5,1.5
2014.09.12,00:27:27.764,107.142,107.14,1.5,1
2014.09.12,00:27:30.097,107.142,107.139,1,2.25
2014.09.12,00:27:30.686,107.142,107.14,1,1
2014.09.12,00:27:31.698,107.143,107.141,3.19,1
2014.09.12,00:27:32.213,107.143,107.141,2.44,1
2014.09.12,00:27:32.724,107.143,107.141,1.5,1
2014.09.12,00:27:34.403,107.143,107.14,1.5,1.5
2014.09.12,00:27:35.876,107.143,107.141,1.25,1
2014.09.12,00:27:36.423,107.143,107.141,1,1
2014.09.12,00:27:36.978,107.142,107.141,1,1
2014.09.12,00:27:38.188,107.142,107.139,1,1.5
2014.09.12,00:27:41.116,107.142,107.14,1,1
2014.09.12,00:27:43.316,107.142,107.139,1,1
2014.09.12,00:27:44.233,107.141,107.139,1,1
2014.09.12,00:27:44.738,107.141,107.138,1.5,1
2014.09.12,00:27:47.209,107.142,107.139,1,1
2014.09.12,00:27:48.241,107.142,107.14,1,1
2014.09.12,00:27:49.634,107.141,107.139,1,1
2014.09.12,00:27:50.145,107.142,107.138,1.25,1.5
2014.09.12,00:27:50.651,107.143,107.138,3.94,1.69
2014.09.12,00:27:51.162,107.142,107.138,1,1.69
2014.09.12,00:27:53.134,107.143,107.139,1,1.5
2014.09.12,00:27:53.640,107.144,107.14,2.25,1.5
2014.09.12,00:28:02.708,107.143,107.14,1,1
2014.09.12,00:28:09.225,107.143,107.139,1.5,1.5
2014.09.12,00:28:09.742,107.142,107.139,1,1
2014.09.12,00:28:10.402,107.143,107.139,1,1.25
2014.09.12,00:28:14.078,107.142,107.139,1,1.69
2014.09.12,00:28:17.978,107.14,107.138,1,1.69
2014.09.12,00:28:18.130,107.14,107.136,2.25,1.87
2014.09.12,00:28:18.232,107.138,107.136,1,2.06
2014.09.12,00:28:19.834,107.138,107.135,1,1.69
2014.09.12,00:28:20.138,107.139,107.136,1.5,1
2014.09.12,00:28:20.687,107.139,107.135,1.5,2.25
2014.09.12,00:28:22.542,107.139,107.136,1,1
2014.09.12,00:28:23.096,107.14,107.137,3,1
2014.09.12,00:28:24.047,107.139,107.137,1,1
2014.09.12,00:28:24.558,107.138,107.137,1,1
2014.09.12,00:28:28.558,107.14,107.138,1,1
2014.09.12,00:28:28.660,107.141,107.138,1,1.5
2014.09.12,00:28:29.174,107.142,107.138,3.19,2.25
2014.09.12,00:28:29.477,107.14,107.138,1,2.25
2014.09.12,00:28:29.830,107.14,107.136,1.5,1.5
2014.09.12,00:28:30.033,107.139,107.135,1,5.44
2014.09.12,00:28:30.134,107.141,107.138,1.5,1.12
2014.09.12,00:28:32.135,107.142,107.138,2.44,3.37
2014.09.12,00:28:36.893,107.141,107.138,1,3.37
2014.09.12,00:28:37.886,107.142,107.138,3,2.81
2014.09.12,00:28:42.174,107.142,107.138,2.25,4.31
2014.09.12,00:28:44.076,107.142,107.138,2.25,3.37
2014.09.12,00:28:44.736,107.141,107.138,1,3.56
2014.09.12,00:28:45.735,107.142,107.138,1.5,2.25
2014.09.12,00:28:46.890,107.142,107.139,1,1
2014.09.12,00:28:47.394,107.143,107.139,1.5,3.94
2014.09.12,00:28:48.037,107.143,107.14,1,1.5
2014.09.12,00:28:49.493,107.143,107.141,1,1
2014.09.12,00:28:49.998,107.144,107.141,1,1
2014.09.12,00:28:50.562,107.145,107.141,1.5,2.44
2014.09.12,00:28:51.067,107.146,107.142,1,3.94
2014.09.12,00:28:51.421,107.147,107.144,1.25,1
2014.09.12,00:28:51.963,107.147,107.143,1.5,1.69
2014.09.12,00:28:52.469,107.146,107.144,1,1
2014.09.12,00:28:52.986,107.146,107.143,1,1.25
2014.09.12,00:28:53.897,107.146,107.144,1,1.25
2014.09.12,00:28:54.000,107.148,107.145,1,1
2014.09.12,00:28:54.152,107.15,107.146,2.44,1.5
2014.09.12,00:28:54.555,107.148,107.145,1,2.44
2014.09.12,00:28:55.214,107.148,107.145,2.44,1
2014.09.12,00:28:55.568,107.149,107.146,1.5,4.69
2014.09.12,00:28:56.074,107.15,107.147,1,1.5
2014.09.12,00:28:56.757,107.15,107.148,1,1
2014.09.12,00:28:57.161,107.151,107.15,1,1
2014.09.12,00:28:57.314,107.153,107.15,1.5,3.19
2014.09.12,00:28:57.516,107.155,107.151,3,2.44
2014.09.12,00:28:58.021,107.156,107.152,3.94,1
2014.09.12,00:28:58.536,107.155,107.151,1.5,3.94
2014.09.12,00:28:59.041,107.156,107.152,1.5,1.5
2014.09.12,00:28:59.553,107.156,107.153,1,3.94
2014.09.12,00:29:00.059,107.156,107.154,1,1
2014.09.12,00:29:00.564,107.156,107.153,1,3.94
2014.09.12,00:29:01.070,107.156,107.154,1,1
2014.09.12,00:29:01.575,107.157,107.154,1,2.44
2014.09.12,00:29:03.258,107.157,107.155,1,1
2014.09.12,00:29:04.027,107.158,107.155,1.25,1
2014.09.12,00:29:04.541,107.159,107.155,2.25,1
2014.09.12,00:29:05.060,107.158,107.156,1,2.44
2014.09.12,00:29:05.212,107.161,107.157,1,3.19
2014.09.12,00:29:05.262,107.162,107.16,1.69,1
2014.09.12,00:29:05.364,107.163,107.161,1,1
2014.09.12,00:29:05.617,107.166,107.162,3.94,2.25
2014.09.12,00:29:06.478,107.167,107.162,4.69,2.44
2014.09.12,00:29:07.008,107.167,107.163,3.94,1
2014.09.12,00:29:07.869,107.167,107.164,1,1
2014.09.12,00:29:08.374,107.168,107.164,1.25,1.5
2014.09.12,00:29:09.395,107.168,107.165,1,1
2014.09.12,00:29:10.109,107.169,107.165,2.25,1.69
2014.09.12,00:29:10.627,107.168,107.166,1,1
2014.09.12,00:29:11.605,107.169,107.166,1.5,1
2014.09.12,00:29:12.024,107.168,107.164,1,5.44
2014.09.12,00:29:13.668,107.168,107.165,1,1
2014.09.12,00:29:13.719,107.17,107.165,3.19,1.5
2014.09.12,00:29:14.225,107.169,107.165,2.25,2.44
2014.09.12,00:29:14.869,107.169,107.166,2.25,1.25
2014.09.12,00:29:15.522,107.168,107.166,1,1.25
2014.09.12,00:29:16.028,107.169,107.164,3,1.25
2014.09.12,00:29:16.533,107.168,107.163,1.5,2.62
2014.09.12,00:29:16.634,107.166,107.163,1,1.12
2014.09.12,00:29:17.431,107.167,107.163,1.25,1.87
2014.09.12,00:29:17.902,107.165,107.162,1,1.5
2014.09.12,00:29:18.416,107.165,107.161,1,3.19
2014.09.12,00:29:21.037,107.164,107.161,1,1.5
2014.09.12,00:29:21.552,107.164,107.16,1,2.44
2014.09.12,00:29:22.061,107.163,107.16,1,2.44
2014.09.12,00:29:22.722,107.163,107.161,1,1
2014.09.12,00:29:23.350,107.163,107.16,1,2.44
2014.09.12,00:29:25.915,107.163,107.159,1,2.25
2014.09.12,00:29:27.663,107.164,107.16,4.69,1
2014.09.12,00:29:28.195,107.164,107.161,1.5,1
2014.09.12,00:29:28.713,107.164,107.16,2.25,1.5
2014.09.12,00:29:30.454,107.164,107.161,1,1
2014.09.12,00:29:30.994,107.165,107.161,3,1.5
2014.09.12,00:29:31.500,107.164,107.161,1.5,1.25
2014.09.12,00:29:35.291,107.165,107.161,1.69,2.25
2014.09.12,00:29:35.895,107.165,107.162,1.5,1
2014.09.12,00:29:37.963,107.165,107.161,2.25,2.44
2014.09.12,00:29:38.542,107.164,107.161,1.5,1.25
2014.09.12,00:29:38.943,107.162,107.161,1,1
2014.09.12,00:29:38.994,107.161,107.159,1,3.75
2014.09.12,00:29:39.095,107.159,107.157,1,3
2014.09.12,00:29:39.248,107.157,107.155,1,1
2014.09.12,00:29:39.299,107.157,107.153,2.25,1.5
2014.09.12,00:29:39.451,107.155,107.151,1,3
2014.09.12,00:29:39.956,107.156,107.151,3,2.44
2014.09.12,00:29:40.738,107.156,107.153,1,1
2014.09.12,00:29:48.030,107.156,107.154,1,1
2014.09.12,00:29:48.333,107.158,107.155,1,2.25
2014.09.12,00:29:48.434,107.158,107.157,1,1
2014.09.12,00:29:48.940,107.158,107.156,1,1
2014.09.12,00:29:52.302,107.158,107.156,1,1
2014.09.12,00:29:53.921,107.158,107.156,1,1
2014.09.12,00:29:57.223,107.158,107.155,1,1.5
2014.09.12,00:30:01.102,107.159,107.155,1.5,3
2014.09.12,00:30:02.179,107.159,107.156,1.5,1
2014.09.12,00:30:05.410,107.16,107.157,3,1.5
2014.09.12,00:30:05.714,107.162,107.159,1,3
2014.09.12,00:30:06.018,107.163,107.161,1,1
2014.09.12,00:30:06.781,107.164,107.161,1.25,1
2014.09.12,00:30:06.933,107.163,107.159,1,1
2014.09.12,00:30:07.439,107.163,107.16,1.5,2.25
2014.09.12,00:30:08.923,107.163,107.159,3.56,2.25
2014.09.12,00:30:09.024,107.161,107.157,1.5,3
2014.09.12,00:30:09.530,107.16,107.156,3.19,3
2014.09.12,00:30:09.934,107.158,107.156,1,1
2014.09.12,00:30:11.046,107.159,107.157,1,1
2014.09.12,00:30:11.551,107.159,107.156,3.19,1
2014.09.12,00:30:11.905,107.158,107.154,3.94,1.5
2014.09.12,00:30:12.410,107.157,107.153,2.06,1
2014.09.12,00:30:13.066,107.156,107.151,1.25,3.94
2014.09.12,00:30:13.168,107.154,107.151,1,2.25
2014.09.12,00:30:13.673,107.153,107.151,1,1
2014.09.12,00:30:14.178,107.153,107.149,3,4.69
2014.09.12,00:30:15.316,107.152,107.149,1,3.94
2014.09.12,00:30:15.619,107.153,107.151,1,1
2014.09.12,00:30:16.695,107.154,107.151,1.5,2.25
2014.09.12,00:30:17.201,107.154,107.152,1,1
2014.09.12,00:30:18.083,107.154,107.151,1,1.5
2014.09.12,00:30:18.689,107.154,107.15,1.5,3.94
2014.09.12,00:30:20.518,107.154,107.151,1,1
2014.09.12,00:30:20.721,107.156,107.152,2.25,1.69
2014.09.12,00:30:21.226,107.155,107.151,1,3.94
2014.09.12,00:30:22.236,107.157,107.153,3.94,1
2014.09.12,00:30:22.749,107.157,107.154,1.5,1
2014.09.12,00:30:23.158,107.159,107.157,2.25,1
2014.09.12,00:30:23.209,107.159,107.157,2.25,1
2014.09.12,00:30:23.714,107.162,107.157,9.19,3.94
2014.09.12,00:30:23.866,107.162,107.159,8.25,1.5
2014.09.12,00:30:23.916,107.162,107.159,1,1.5
2014.09.12,00:30:25.501,107.162,107.158,2.62,3.94
2014.09.12,00:30:26.920,107.162,107.159,1.5,1
2014.09.12,00:30:27.426,107.163,107.159,3.19,1
2014.09.12,00:30:27.779,107.161,107.158,1,1.25
2014.09.12,00:30:31.078,107.162,107.158,2.25,1.5
2014.09.12,00:30:31.583,107.162,107.159,1,1.5
2014.09.12,00:30:34.406,107.162,107.16,1,1
2014.09.12,00:30:34.915,107.163,107.16,1.5,1.5
2014.09.12,00:30:35.982,107.162,107.16,1,1.5
2014.09.12,00:30:36.083,107.16,107.158,1,2.25
2014.09.12,00:30:36.185,107.162,107.158,1.25,1
2014.09.12,00:30:36.695,107.161,107.158,1.5,1
2014.09.12,00:30:38.598,107.162,107.159,1.69,1
2014.09.12,00:30:39.103,107.163,107.16,1.69,1
2014.09.12,00:30:39.619,107.163,107.159,1.25,3
2014.09.12,00:30:44.343,107.162,107.159,1,2.25
2014.09.12,00:30:45.510,107.162,107.161,1,1
2014.09.12,00:30:46.022,107.162,107.159,1,2.25
2014.09.12,00:30:46.578,107.163,107.159,1.5,3
2014.09.12,00:30:48.300,107.162,107.159,1,2.44
2014.09.12,00:30:48.817,107.162,107.16,1,1
2014.09.12,00:30:49.275,107.164,107.16,3,1
2014.09.12,00:30:49.699,107.164,107.162,3,1
2014.09.12,00:30:50.406,107.165,107.163,1.5,1.25
2014.09.12,00:30:50.861,107.167,107.164,3.75,1.25
2014.09.12,00:30:52.802,107.167,107.163,2.25,1.5
2014.09.12,00:30:53.105,107.165,107.163,1,1
2014.09.12,00:30:53.499,107.167,107.163,3.75,1
2014.09.12,00:30:54.004,107.166,107.163,1.5,1
2014.09.12,00:30:55.694,107.165,107.163,1,1
2014.09.12,00:30:56.208,107.166,107.163,1,1
2014.09.12,00:30:59.743,107.167,107.163,3.94,1
2014.09.12,00:31:01.787,107.166,107.163,1.5,1
2014.09.12,00:31:04.342,107.167,107.163,2.25,1
2014.09.12,00:31:06.311,107.166,107.162,1,3
2014.09.12,00:31:07.428,107.167,107.162,1.5,3
2014.09.12,00:31:08.861,107.166,107.162,1,3.94
2014.09.12,00:31:12.328,107.165,107.162,1,2.44
2014.09.12,00:31:14.550,107.166,107.162,1,2.25
2014.09.12,00:31:15.228,107.165,107.162,1,2.25
2014.09.12,00:31:15.761,107.166,107.162,1.5,3
2014.09.12,00:31:18.155,107.165,107.162,1.5,1
2014.09.12,00:31:18.407,107.164,107.16,2.25,2.44
2014.09.12,00:31:19.068,107.162,107.16,1,1
2014.09.12,00:31:19.170,107.162,107.158,1.87,2.25
2014.09.12,00:31:19.271,107.16,107.158,1,2.25
2014.09.12,00:31:19.777,107.16,107.157,1,1.5
2014.09.12,00:31:20.080,107.158,107.156,1,1.25
2014.09.12,00:31:20.780,107.158,107.157,1,1
2014.09.12,00:31:20.831,107.161,107.157,2.25,1
2014.09.12,00:31:21.033,107.159,107.156,1,2.25
2014.09.12,00:31:21.336,107.155,107.152,1,1.25
2014.09.12,00:31:21.842,107.154,107.151,1,1.19
2014.09.12,00:31:22.354,107.154,107.15,1,3.94
2014.09.12,00:31:24.092,107.155,107.151,1,1.25
2014.09.12,00:31:25.192,107.155,107.152,1.5,1
2014.09.12,00:31:27.213,107.156,107.154,1,1
2014.09.12,00:31:27.314,107.157,107.155,1,3.75
2014.09.12,00:31:27.365,107.158,107.157,1.5,1
2014.09.12,00:31:27.568,107.161,107.158,1.5,1
2014.09.12,00:31:28.403,107.16,107.157,1,1.5
2014.09.12,00:31:29.634,107.161,107.158,1.5,1
2014.09.12,00:31:30.038,107.16,107.156,1,3.19
2014.09.12,00:31:30.701,107.16,107.156,1,3.19
2014.09.12,00:31:31.492,107.161,107.158,1.5,1.5
2014.09.12,00:31:31.594,107.163,107.159,3,2.25
2014.09.12,00:31:32.120,107.163,107.16,1,1.5
2014.09.12,00:31:33.744,107.162,107.16,1,1
2014.09.12,00:31:34.254,107.163,107.16,1,1
2014.09.12,00:31:42.310,107.161,107.158,1,3.19
2014.09.12,00:31:42.820,107.161,107.157,2.25,3.19
2014.09.12,00:31:43.362,107.161,107.157,2.25,1.5
2014.09.12,00:31:44.876,107.161,107.159,2.25,1
2014.09.12,00:31:47.796,107.162,107.159,1.5,3
2014.09.12,00:31:48.301,107.163,107.159,2.25,3.75
2014.09.12,00:31:48.826,107.163,107.16,1.5,1
2014.09.12,00:31:54.481,107.164,107.161,1.69,1
2014.09.12,00:31:54.988,107.166,107.162,4.69,1
2014.09.12,00:31:55.572,107.166,107.162,4.69,1
2014.09.12,00:31:56.035,107.165,107.163,1,1
2014.09.12,00:31:58.430,107.165,107.162,1,1.5
2014.09.12,00:31:58.978,107.165,107.161,1.5,1.5
2014.09.12,00:32:02.571,107.165,107.161,1.5,1.69
2014.09.12,00:32:04.797,107.164,107.162,1,1.25
2014.09.12,00:32:05.472,107.164,107.161,1,1.5
2014.09.12,00:32:06.201,107.163,107.161,1,1
2014.09.12,00:32:09.010,107.165,107.162,3.19,1
2014.09.12,00:32:09.515,107.166,107.163,1.25,1
2014.09.12,00:32:10.189,107.166,107.162,1.5,2.44
2014.09.12,00:32:12.362,107.165,107.162,1,1.69
2014.09.12,00:32:13.237,107.165,107.161,1,5.81
2014.09.12,00:32:15.106,107.164,107.161,1,4.31
2014.09.12,00:32:15.827,107.164,107.162,1,1
2014.09.12,00:32:16.729,107.166,107.162,5.81,1
2014.09.12,00:32:17.527,107.165,107.162,1,1
2014.09.12,00:32:18.299,107.166,107.162,5.81,1
2014.09.12,00:32:18.401,107.166,107.164,1,1
2014.09.12,00:32:18.553,107.168,107.164,2.44,1.5
2014.09.12,00:32:19.365,107.168,107.166,2.44,1
2014.09.12,00:32:19.467,107.168,107.164,1.5,1.25
2014.09.12,00:32:19.568,107.168,107.166,1,1
2014.09.12,00:32:19.871,107.171,107.169,1,1
2014.09.12,00:32:20.447,107.173,107.171,2.25,1
2014.09.12,00:32:20.751,107.171,107.169,1,1
2014.09.12,00:32:20.802,107.172,107.169,2.25,1
2014.09.12,00:32:21.307,107.173,107.169,1.5,1.5
2014.09.12,00:32:21.812,107.174,107.169,1.5,3
2014.09.12,00:32:22.268,107.173,107.171,1.5,1
2014.09.12,00:32:22.774,107.174,107.17,1.5,2.25
2014.09.12,00:32:23.306,107.174,107.171,1,1
2014.09.12,00:32:23.842,107.174,107.171,1,1.5
2014.09.12,00:32:24.550,107.174,107.171,1,1.5
2014.09.12,00:32:25.316,107.175,107.171,3.19,1.5
2014.09.12,00:32:26.371,107.175,107.172,1.69,1.5
2014.09.12,00:32:26.826,107.175,107.171,2.5,1.5
2014.09.12,00:32:37.330,107.173,107.17,1,1
2014.09.12,00:32:37.633,107.174,107.172,1,1
2014.09.12,00:32:38.139,107.175,107.173,1,1
2014.09.12,00:32:38.669,107.174,107.173,1,1
2014.09.12,00:32:38.772,107.174,107.171,1,3.19
2014.09.12,00:32:41.880,107.174,107.172,1,1
2014.09.12,00:32:42.132,107.176,107.172,3.94,1.5
2014.09.12,00:32:42.946,107.177,107.173,5.44,1
2014.09.12,00:32:44.377,107.176,107.172,1,2.44
2014.09.12,00:32:44.731,107.175,107.174,1,1
2014.09.12,00:32:44.782,107.177,107.174,1,1
2014.09.12,00:32:45.288,107.177,107.173,1.5,1.69
2014.09.12,00:32:45.490,107.178,107.175,2.44,1
2014.09.12,00:32:46.019,107.178,107.174,2.44,1
2014.09.12,00:32:46.524,107.179,107.175,5.44,1
2014.09.12,00:32:47.036,107.179,107.176,1.5,1
2014.09.12,00:32:48.587,107.178,107.176,1,1
2014.09.12,00:32:50.970,107.179,107.176,1,1.5
2014.09.12,00:32:51.273,107.181,107.179,1,1
2014.09.12,00:32:51.476,107.179,107.177,1.5,1
2014.09.12,00:32:51.990,107.179,107.176,1,1.5
2014.09.12,00:32:52.495,107.179,107.177,1,1
2014.09.12,00:32:53.036,107.179,107.176,1,1
2014.09.12,00:32:53.907,107.18,107.176,3.19,1
2014.09.12,00:32:54.419,107.18,107.178,3.19,1
2014.09.12,00:32:54.774,107.18,107.177,3.19,1
2014.09.12,00:32:55.413,107.18,107.176,2.44,1.5
2014.09.12,00:32:55.514,107.178,107.176,1,1.5
2014.09.12,00:32:57.523,107.179,107.176,1.5,1
2014.09.12,00:33:00.099,107.178,107.176,1,1.5
2014.09.12,00:33:00.503,107.18,107.176,2.44,1.5
2014.09.12,00:33:01.008,107.179,107.176,1,1
2014.09.12,00:33:01.525,107.179,107.178,1,1
2014.09.12,00:33:02.131,107.18,107.178,1,1
2014.09.12,00:33:02.672,107.181,107.178,1.69,1
2014.09.12,00:33:05.401,107.18,107.178,1,2.25
2014.09.12,00:33:09.158,107.182,107.179,4.69,1
2014.09.12,00:33:09.360,107.182,107.18,1,2.25
2014.09.12,00:33:09.865,107.182,107.18,1.25,2.5
2014.09.12,00:33:10.401,107.182,107.18,1,1
2014.09.12,00:33:14.880,107.183,107.181,1,1
2014.09.12,00:33:15.083,107.185,107.183,1.69,1.5
2014.09.12,00:33:15.234,107.186,107.185,1,2.25
2014.09.12,00:33:15.538,107.189,107.185,3.94,1
2014.09.12,00:33:16.506,107.189,107.187,3.19,1
2014.09.12,00:33:17.012,107.189,107.188,1,1
2014.09.12,00:33:17.518,107.19,107.189,1,1.5
2014.09.12,00:33:17.720,107.192,107.189,1.5,1
2014.09.12,00:33:24.077,107.192,107.188,2.44,1
2014.09.12,00:33:24.599,107.191,107.189,1,1
2014.09.12,00:33:24.701,107.19,107.187,1,2.25
2014.09.12,00:33:24.853,107.192,107.187,3.19,3
2014.09.12,00:33:25.372,107.192,107.188,1.25,1
2014.09.12,00:33:25.887,107.191,107.187,1,4.69
2014.09.12,00:33:26.771,107.192,107.188,2.44,1
2014.09.12,00:33:27.358,107.191,107.187,1.5,3.94
2014.09.12,00:33:27.879,107.191,107.188,1,2.25
2014.09.12,00:33:29.516,107.192,107.188,5.25,1.5
2014.09.12,00:33:30.021,107.192,107.189,1,1
2014.09.12,00:33:32.287,107.19,107.189,1,1
2014.09.12,00:33:32.691,107.19,107.186,1.5,3.94
2014.09.12,00:33:33.095,107.191,107.188,2.44,1
2014.09.12,00:33:33.700,107.191,107.187,3.19,1.5
2014.09.12,00:33:34.990,107.19,107.186,1,4.69
2014.09.12,00:33:35.345,107.188,107.186,1,3.19
2014.09.12,00:33:37.194,107.188,107.187,1,1
2014.09.12,00:33:37.345,107.191,107.188,3.19,1
2014.09.12,00:33:37.447,107.189,107.187,1,1.5
2014.09.12,00:33:39.281,107.189,107.188,1,1
2014.09.12,00:33:41.310,107.191,107.188,1.5,3.19
2014.09.12,00:33:41.830,107.191,107.189,1,1
2014.09.12,00:33:41.932,107.192,107.19,1,1.25
2014.09.12,00:33:41.983,107.192,107.188,1.5,1.69
2014.09.12,00:33:42.084,107.19,107.188,1,1.69
2014.09.12,00:33:42.589,107.19,107.186,1.5,3.94
2014.09.12,00:33:43.102,107.191,107.189,1,1
2014.09.12,00:33:43.254,107.192,107.19,1,1
2014.09.12,00:33:49.608,107.193,107.19,3,1
2014.09.12,00:33:50.684,107.193,107.189,3.75,1.25
2014.09.12,00:33:50.785,107.191,107.188,1,2.62
2014.09.12,00:33:51.847,107.191,107.187,3,3
2014.09.12,00:33:52.550,107.19,107.187,1,2.25
2014.09.12,00:33:55.248,107.189,107.187,1,1
2014.09.12,00:33:55.452,107.189,107.185,2.25,4.31
2014.09.12,00:33:56.990,107.189,107.186,1.5,1
2014.09.12,00:33:57.495,107.188,107.186,1,1
2014.09.12,00:34:00.093,107.189,107.187,1,1
2014.09.12,00:34:00.639,107.188,107.186,1,1.69
2014.09.12,00:34:01.235,107.189,107.186,1,1.69
2014.09.12,00:34:03.539,107.191,107.187,2.25,1.5
2014.09.12,00:34:04.921,107.19,107.188,1,1
2014.09.12,00:34:06.460,107.191,107.186,3.75,1
2014.09.12,00:34:06.986,107.19,107.185,2.25,4.69
2014.09.12,00:34:09.151,107.19,107.186,3.75,1
2014.09.12,00:34:10.049,107.19,107.185,3,3.19
2014.09.12,00:34:10.209,107.19,107.187,2.25,1
2014.09.12,00:34:10.967,107.191,107.187,3,1
2014.09.12,00:34:15.539,107.189,107.186,1,1
2014.09.12,00:34:17.932,107.189,107.188,1,1
2014.09.12,00:34:18.085,107.191,107.188,3.75,1
2014.09.12,00:34:18.187,107.189,107.188,1,1
2014.09.12,00:34:18.720,107.19,107.188,1,1
2014.09.12,00:34:19.223,107.19,107.187,1.5,1.25
2014.09.12,00:34:19.728,107.19,107.186,1,3.19
2014.09.12,00:34:21.875,107.189,107.186,1,3.19
2014.09.12,00:34:23.089,107.188,107.186,1,3.19
2014.09.12,00:34:24.888,107.189,107.186,1,1.5
2014.09.12,00:34:27.910,107.189,107.186,1.5,9
2014.09.12,00:34:28.013,107.191,107.189,1,1
2014.09.12,00:34:29.338,107.192,107.188,2.25,1.87
2014.09.12,00:34:29.440,107.19,107.188,1,1
2014.09.12,00:34:29.592,107.19,107.186,1.5,2.25
2014.09.12,00:34:30.498,107.189,107.186,1,1
2014.09.12,00:34:31.201,107.189,107.185,1.5,2.25
2014.09.12,00:34:31.898,107.189,107.186,1.5,1.5
2014.09.12,00:34:36.844,107.189,107.187,3,1
2014.09.12,00:34:37.507,107.188,107.187,1,1
2014.09.12,00:34:39.293,107.189,107.187,1.5,1
2014.09.12,00:34:43.010,107.188,107.187,1,1
2014.09.12,00:34:43.515,107.189,107.187,1.5,1
2014.09.12,00:34:44.678,107.19,107.187,3,1
2014.09.12,00:34:44.993,107.188,107.185,1,1.87
2014.09.12,00:34:47.718,107.187,107.185,1.5,1
2014.09.12,00:34:48.123,107.185,107.184,1,1
2014.09.12,00:34:48.635,107.186,107.184,1.5,1
2014.09.12,00:34:52.796,107.186,107.183,1.5,1.69
2014.09.12,00:34:55.096,107.185,107.183,1,1
2014.09.12,00:34:55.399,107.181,107.18,3.75,1
2014.09.12,00:34:55.551,107.18,107.177,2.25,1
2014.09.12,00:34:56.967,107.178,107.177,1,1
2014.09.12,00:34:57.270,107.178,107.175,1,6.94
2014.09.12,00:34:58.670,107.177,107.174,1,3.19
2014.09.12,00:35:00.342,107.178,107.174,3.75,3.19
2014.09.12,00:35:00.696,107.177,107.173,2.25,2.25
2014.09.12,00:35:02.040,107.176,107.173,1,1
2014.09.12,00:35:02.547,107.175,107.172,1,1.5
2014.09.12,00:35:02.699,107.177,107.174,1,2.5
2014.09.12,00:35:02.902,107.178,107.175,1,2.44
2014.09.12,00:35:03.424,107.177,107.175,1.5,1
2014.09.12,00:35:05.646,107.178,107.175,2.25,1
2014.09.12,00:35:06.151,107.178,107.174,1.5,1
2014.09.12,00:35:06.656,107.177,107.174,1,1.5
2014.09.12,00:35:11.925,107.178,107.175,3.19,1
2014.09.12,00:35:12.128,107.18,107.178,1.5,1
2014.09.12,00:35:12.381,107.182,107.18,9.75,1
2014.09.12,00:35:13.217,107.183,107.18,1,1
2014.09.12,00:35:14.534,107.182,107.18,1,1
2014.09.12,00:35:15.302,107.182,107.179,1,2.44
2014.09.12,00:35:16.522,107.18,107.178,1,1.5
2014.09.12,00:35:17.028,107.182,107.178,11.25,1
2014.09.12,00:35:17.534,107.182,107.179,1,3
2014.09.12,00:35:18.359,107.183,107.18,1.69,1.5
2014.09.12,00:35:18.410,107.183,107.182,1.5,1
2014.09.12,00:35:19.084,107.183,107.18,1,1
2014.09.12,00:35:19.589,107.183,107.179,1.5,4.69
2014.09.12,00:35:21.862,107.182,107.179,1.5,1.5
2014.09.12,00:35:22.217,107.18,107.178,1,1
2014.09.12,00:35:25.253,107.179,107.178,1,1
2014.09.12,00:35:25.787,107.18,107.178,1,1
2014.09.12,00:35:26.524,107.181,107.178,1,2.44
2014.09.12,00:35:27.057,107.182,107.179,1,1.5
2014.09.12,00:35:30.077,107.182,107.18,1,1
2014.09.12,00:35:30.656,107.182,107.179,1,2.25
2014.09.12,00:35:40.449,107.183,107.179,1.69,2.25
2014.09.12,00:35:40.753,107.181,107.179,2.25,1
2014.09.12,00:35:41.257,107.181,107.178,1.5,1
2014.09.12,00:35:43.373,107.181,107.178,2.44,1.5
2014.09.12,00:35:46.470,107.181,107.178,1,2.25
2014.09.12,00:35:51.994,107.18,107.178,1,1.5
2014.09.12,00:35:52.501,107.181,107.178,1.5,1
2014.09.12,00:35:56.612,107.179,107.178,1,1
2014.09.12,00:35:58.677,107.18,107.178,1.5,1
2014.09.12,00:35:59.218,107.18,107.178,1,1
2014.09.12,00:36:02.306,107.18,107.178,1.5,1
2014.09.12,00:36:02.812,107.181,107.178,1.5,1
2014.09.12,00:36:03.429,107.181,107.177,1,3.94
2014.09.12,00:36:03.934,107.181,107.18,1,1
2014.09.12,00:36:04.623,107.182,107.18,2.25,1
2014.09.12,00:36:05.129,107.183,107.18,1.5,1
2014.09.12,00:36:07.223,107.183,107.179,1.5,3.19
2014.09.12,00:36:11.910,107.183,107.181,1.5,1
2014.09.12,00:36:12.415,107.184,107.181,2.25,1.5
2014.09.12,00:36:13.172,107.184,107.182,1.5,1
2014.09.12,00:36:13.691,107.185,107.182,1.5,1
2014.09.12,00:36:13.944,107.187,107.183,2.81,2.25
2014.09.12,00:36:13.995,107.187,107.185,2.81,1
2014.09.12,00:36:14.502,107.188,107.186,1.25,1
2014.09.12,00:36:15.008,107.188,107.185,1.69,2.25
2014.09.12,00:36:15.311,107.189,107.187,1.5,1.5
2014.09.12,00:36:16.068,107.19,107.187,1.5,1.5
2014.09.12,00:36:16.611,107.191,107.189,1.25,1
2014.09.12,00:36:17.118,107.191,107.189,1,1
2014.09.12,00:36:18.250,107.191,107.19,1,1
2014.09.12,00:36:18.755,107.193,107.191,2.44,1
2014.09.12,00:36:19.008,107.194,107.192,1.5,1.5
2014.09.12,00:36:19.715,107.193,107.192,1,1
2014.09.12,00:36:20.225,107.194,107.192,1.69,1
2014.09.12,00:36:21.341,107.194,107.191,1,1.5
2014.09.12,00:36:21.444,107.192,107.191,1,1.5
2014.09.12,00:36:21.955,107.192,107.19,1,1.5
