Date,Time,Ask,Bid,AskVolume,BidVolume
13-08-2014,00:00:02.933,1.33652,1.33648,3.75,1.5
13-08-2014,00:00:04.216,1.33652,1.3365,2.25,1
13-08-2014,00:00:04.419,1.33654,1.3365,4.13,2.44
13-08-2014,00:00:04.469,1.33654,1.33652,3.75,1
13-08-2014,00:00:04.973,1.33656,1.33653,1.5,1
13-08-2014,00:00:05.491,1.33656,1.33654,1.5,1
13-08-2014,00:00:06.239,1.33657,1.33654,2.07,2.25
13-08-2014,00:00:11.927,1.33655,1.33653,2.5,2.25
13-08-2014,00:00:12.130,1.33652,1.3365,1,1.5
13-08-2014,00:00:12.635,1.33652,1.33649,5.44,1
13-08-2014,00:00:13.251,1.33652,1.33649,4.69,1
13-08-2014,00:00:13.768,1.33652,1.33648,6.19,2.25
13-08-2014,00:00:14.134,1.33652,1.33648,5.63,2.25
13-08-2014,00:00:17.250,1.33651,1.33648,1,1.5
13-08-2014,00:00:23.168,1.3365,1.33648,1,1.5
13-08-2014,00:00:23.785,1.33651,1.33648,4.13,1.5
13-08-2014,00:00:24.385,1.3365,1.33648,1,1.5
13-08-2014,00:00:24.854,1.33652,1.3365,3,1
13-08-2014,00:00:24.956,1.33653,1.33652,1,1
13-08-2014,00:00:25.461,1.33654,1.33651,1,4.5
13-08-2014,00:00:25.966,1.33654,1.33652,1,1.5
13-08-2014,00:00:26.168,1.33655,1.33654,1.13,1
13-08-2014,00:00:26.270,1.33657,1.33654,1.5,1.5
13-08-2014,00:00:26.775,1.33658,1.33655,1,1.5
13-08-2014,00:00:27.302,1.33659,1.33655,6.19,2.25
13-08-2014,00:00:29.459,1.33658,1.33655,1,1.5
13-08-2014,00:00:30.469,1.33659,1.33655,6.94,2.25
13-08-2014,00:00:31.378,1.33658,1.33655,1,2.25
13-08-2014,00:00:42.378,1.33658,1.33656,1,1
13-08-2014,00:00:42.429,1.33663,1.33657,6,6
13-08-2014,00:00:42.936,1.33663,1.33661,3,1
13-08-2014,00:00:43.037,1.33663,1.3366,2.25,1.5
13-08-2014,00:00:44.107,1.33663,1.33661,3,1
13-08-2014,00:00:44.612,1.33663,1.33661,1.5,1.5
13-08-2014,00:00:45.273,1.33663,1.33662,1.5,1
13-08-2014,00:00:45.836,1.33663,1.33661,1,3.75
13-08-2014,00:00:46.348,1.33663,1.33662,1,1
13-08-2014,00:00:46.886,1.33663,1.33661,1,3.75
13-08-2014,00:00:47.675,1.33663,1.33662,1,1
13-08-2014,00:00:48.719,1.33663,1.33661,1,4.5
13-08-2014,00:00:49.224,1.33663,1.33662,1,1.5
13-08-2014,00:00:49.931,1.33662,1.33661,1,4.5
13-08-2014,00:00:50.436,1.33663,1.33662,1,1.5
13-08-2014,00:00:50.969,1.33662,1.33661,1,1.5
13-08-2014,00:00:51.474,1.33663,1.33662,1.5,1.5
13-08-2014,00:00:52.031,1.33664,1.33662,1.25,1.5
13-08-2014,00:00:52.577,1.33664,1.33661,1,7.5
13-08-2014,00:00:53.082,1.33664,1.33662,1,1.5
13-08-2014,00:00:54.071,1.33664,1.33661,1.5,6.75
13-08-2014,00:00:54.677,1.33664,1.33662,1,1.5
13-08-2014,00:00:55.600,1.33664,1.33661,1,7.69
13-08-2014,00:00:56.229,1.33664,1.33662,1,1.5
13-08-2014,00:00:56.997,1.33664,1.33661,1,7.69
13-08-2014,00:00:57.513,1.33663,1.33662,1.5,1.5
13-08-2014,00:00:58.744,1.33663,1.33661,1.5,5.25
13-08-2014,00:00:59.254,1.33663,1.33662,1.5,1.5
13-08-2014,00:01:00.600,1.33663,1.33661,1.5,5.25
13-08-2014,00:01:01.105,1.33663,1.33662,1.5,1.5
13-08-2014,00:01:01.823,1.33663,1.33661,1.5,6
13-08-2014,00:01:02.334,1.33663,1.33662,1.5,1.5
13-08-2014,00:01:04.380,1.33663,1.33661,1.5,7.5
13-08-2014,00:01:04.892,1.33663,1.33662,1.5,1.5
13-08-2014,00:01:06.019,1.33663,1.33661,1.5,7.69
13-08-2014,00:01:06.623,1.33663,1.33662,1.5,1.5
13-08-2014,00:01:07.129,1.33663,1.33661,1.5,6.19
13-08-2014,00:01:07.638,1.33663,1.33662,1.5,1.5
13-08-2014,00:01:08.738,1.33663,1.33661,1.5,6
13-08-2014,00:01:09.252,1.33663,1.33662,1.5,1.5
13-08-2014,00:01:09.901,1.33663,1.33661,1,6
13-08-2014,00:01:10.431,1.33663,1.33662,1,1.5
13-08-2014,00:01:10.988,1.33663,1.33661,1,6
13-08-2014,00:01:11.510,1.33663,1.33662,1,1.5
13-08-2014,00:01:12.125,1.33663,1.33661,1,5.25
13-08-2014,00:01:12.630,1.33663,1.33662,1,1.5
13-08-2014,00:01:13.965,1.33663,1.33661,1,5.25
13-08-2014,00:01:14.478,1.33663,1.33662,1,1.5
13-08-2014,00:01:14.984,1.33663,1.33661,1,5.25
13-08-2014,00:01:15.496,1.33663,1.33662,1,1.5
13-08-2014,00:01:16.320,1.33663,1.33661,1,5.25
13-08-2014,00:01:16.935,1.33663,1.33662,1,1.5
13-08-2014,00:01:17.446,1.33663,1.33661,1,5.25
13-08-2014,00:01:17.951,1.33663,1.33662,1,1.5
13-08-2014,00:01:18.552,1.33663,1.33661,1,5.25
13-08-2014,00:01:19.064,1.33663,1.33662,1,1.5
13-08-2014,00:01:20.356,1.33663,1.33661,1.5,4.5
13-08-2014,00:01:20.863,1.33663,1.33662,1.5,1.5
13-08-2014,00:01:21.497,1.33663,1.33661,1.5,4.5
13-08-2014,00:01:22.013,1.33663,1.33662,1.5,1.5
13-08-2014,00:01:22.545,1.33663,1.33661,1.5,4.5
13-08-2014,00:01:23.056,1.33663,1.33662,1.5,1.5
13-08-2014,00:01:24.093,1.33663,1.33661,1.5,4.5
13-08-2014,00:01:24.669,1.33663,1.33662,1.5,1.5
13-08-2014,00:01:25.182,1.33663,1.33661,1.5,4.5
13-08-2014,00:01:25.788,1.33663,1.33662,1,1.5
13-08-2014,00:01:26.304,1.33663,1.33661,1,4.5
13-08-2014,00:01:26.817,1.33663,1.33662,1,1.5
13-08-2014,00:01:27.417,1.33663,1.33661,1,4.5
13-08-2014,00:01:28.041,1.33663,1.33662,1,1.5
13-08-2014,00:01:29.375,1.33663,1.33661,1,4.5
13-08-2014,00:01:29.880,1.33663,1.33662,1,1.5
13-08-2014,00:01:31.126,1.33663,1.33661,1,4.5
13-08-2014,00:01:31.703,1.33663,1.33662,1,1.5
13-08-2014,00:01:32.402,1.33663,1.33661,1,3
13-08-2014,00:01:33.510,1.33663,1.33662,1,1.5
13-08-2014,00:01:35.690,1.33663,1.33661,1.5,3
13-08-2014,00:01:36.208,1.33663,1.33662,1.5,1.5
13-08-2014,00:01:37.024,1.33663,1.33661,1.5,3
13-08-2014,00:01:37.537,1.33663,1.33662,1.5,1.5
13-08-2014,00:01:38.547,1.33663,1.33661,1.5,3.75
13-08-2014,00:01:39.059,1.33663,1.33662,1.5,1.5
13-08-2014,00:01:39.987,1.33663,1.3366,1,1.88
13-08-2014,00:01:40.492,1.33663,1.33662,1,1.5
13-08-2014,00:01:41.418,1.33663,1.3366,1,1.32
13-08-2014,00:01:41.935,1.33663,1.33662,1,1.5
13-08-2014,00:01:44.855,1.33663,1.33661,1,3
13-08-2014,00:01:45.369,1.33663,1.33661,1,3
13-08-2014,00:01:46.582,1.33663,1.33661,1,3
13-08-2014,00:01:47.307,1.33663,1.33661,1.25,3
13-08-2014,00:01:47.821,1.33663,1.33661,1.25,2.25
13-08-2014,00:01:48.370,1.33663,1.33661,1,1.5
13-08-2014,00:01:48.948,1.33663,1.33661,1,2.25
13-08-2014,00:01:49.465,1.33663,1.33661,1,1.5
13-08-2014,00:01:49.986,1.33663,1.33661,1,2.25
13-08-2014,00:01:50.539,1.33663,1.33662,1,1.5
13-08-2014,00:01:51.204,1.33662,1.33661,1,2.25
13-08-2014,00:01:52.024,1.33663,1.33662,1,1.5
13-08-2014,00:01:52.536,1.33662,1.33661,1,2.25
13-08-2014,00:01:53.087,1.33663,1.33662,1,1.5
13-08-2014,00:01:54.170,1.33662,1.33661,1,2.25
13-08-2014,00:01:54.677,1.33663,1.33662,1,1.5
13-08-2014,00:01:56.270,1.33662,1.33661,1,2.25
13-08-2014,00:01:56.786,1.33663,1.33662,1,1.5
13-08-2014,00:01:57.420,1.33662,1.33661,1,2.25
13-08-2014,00:01:57.924,1.33664,1.33662,3,1.5
13-08-2014,00:01:58.602,1.33662,1.33661,1,2.25
13-08-2014,00:01:59.342,1.33664,1.33662,3,1.5
13-08-2014,00:01:59.950,1.33662,1.33661,1,2.25
13-08-2014,00:02:00.506,1.33664,1.33662,3,1.5
13-08-2014,00:02:01.237,1.33664,1.33662,2.25,1.5
13-08-2014,00:02:01.750,1.33663,1.3366,1,4.69
13-08-2014,00:02:02.304,1.33664,1.33662,2.25,1.5
13-08-2014,00:02:02.825,1.33663,1.3366,1,4.5
13-08-2014,00:02:03.338,1.33664,1.33662,2.25,1.5
13-08-2014,00:02:04.649,1.33663,1.3366,1,4.5
13-08-2014,00:02:04.952,1.33664,1.33662,2.25,1.5
13-08-2014,00:02:05.591,1.33664,1.33661,2.25,2.25
13-08-2014,00:02:06.104,1.33664,1.33662,2.25,1.5
13-08-2014,00:02:06.619,1.33664,1.33661,2.25,2.25
13-08-2014,00:02:07.178,1.33664,1.33662,2.25,1.5
13-08-2014,00:02:10.175,1.33664,1.33661,2.25,2.25
13-08-2014,00:02:10.326,1.33662,1.33661,1,2.25
13-08-2014,00:02:11.005,1.33664,1.33662,3.19,1.5
13-08-2014,00:02:12.014,1.33663,1.33661,1,2.63
13-08-2014,00:02:12.531,1.33664,1.33662,2.44,1.5
13-08-2014,00:02:13.555,1.33662,1.33661,1,1.5
13-08-2014,00:02:14.099,1.33664,1.33661,3.19,1.5
13-08-2014,00:02:15.610,1.33662,1.33661,1,1.5
13-08-2014,00:02:16.117,1.33664,1.33661,4.69,1.5
13-08-2014,00:02:16.835,1.33662,1.3366,1,4.13
13-08-2014,00:02:16.937,1.33664,1.33661,4.69,1.5
13-08-2014,00:02:17.435,1.33661,1.33657,2.25,7.43
13-08-2014,00:02:17.940,1.3366,1.33657,1.13,3
13-08-2014,00:02:19.800,1.33661,1.33657,5.44,3
13-08-2014,00:02:20.322,1.3366,1.33657,1.32,3.75
13-08-2014,00:02:21.602,1.33659,1.33657,1,3
13-08-2014,00:02:24.525,1.33659,1.33656,1,3.38
13-08-2014,00:02:33.086,1.33659,1.33655,3.38,6.49
13-08-2014,00:02:33.338,1.33657,1.33655,1,2.55
13-08-2014,00:02:33.850,1.33658,1.33655,1.5,1.5
13-08-2014,00:02:37.270,1.33657,1.33654,1,2.25
13-08-2014,00:02:41.616,1.33657,1.33653,3,1.69
13-08-2014,00:02:42.121,1.33657,1.33654,1,1
13-08-2014,00:02:42.647,1.33657,1.33654,1.69,1
13-08-2014,00:02:43.827,1.33657,1.33654,1.5,1.5
13-08-2014,00:02:44.333,1.33657,1.33655,1,1.13
13-08-2014,00:02:56.019,1.33657,1.33654,1.5,3.38
13-08-2014,00:02:56.777,1.33657,1.33654,1.5,3.38
13-08-2014,00:02:57.285,1.33657,1.33654,1.5,3.38
13-08-2014,00:02:57.795,1.33657,1.33654,1.5,3.38
13-08-2014,00:02:58.307,1.33656,1.33654,1.5,1.88
13-08-2014,00:02:58.853,1.33656,1.33654,1.5,2.07
13-08-2014,00:02:59.432,1.33656,1.33654,1.5,2.78
13-08-2014,00:02:59.952,1.33656,1.33654,2.25,2.59
13-08-2014,00:03:00.508,1.33656,1.33654,1.5,1.84
13-08-2014,00:03:01.563,1.33656,1.33654,2.5,2.03
13-08-2014,00:03:02.087,1.33656,1.33654,1.5,2.03
13-08-2014,00:03:03.073,1.33656,1.33654,2.5,2.03
13-08-2014,00:03:03.484,1.33655,1.33652,1,6.19
13-08-2014,00:03:10.401,1.33655,1.33652,1,5.44
13-08-2014,00:03:12.395,1.33656,1.33652,1.88,4.5
13-08-2014,00:03:16.564,1.33656,1.33652,1.5,6.19
13-08-2014,00:03:18.446,1.33656,1.33652,1.5,5.44
13-08-2014,00:03:19.105,1.33655,1.33652,1,4.69
13-08-2014,00:03:21.787,1.33655,1.33654,1.5,1.5
13-08-2014,00:03:21.837,1.33657,1.33654,3.94,1.5
13-08-2014,00:03:23.493,1.33656,1.33653,1,1.69
13-08-2014,00:03:24.002,1.33657,1.33653,7.13,2.44
13-08-2014,00:03:32.024,1.33656,1.33653,1,1.69
13-08-2014,00:03:32.536,1.33655,1.33653,1,1
13-08-2014,00:03:45.037,1.33655,1.33652,1.5,1.25
13-08-2014,00:03:57.907,1.33654,1.33652,1,1
13-08-2014,00:03:58.826,1.33653,1.33651,1,5.25
13-08-2014,00:04:04.349,1.33655,1.33653,1,1.5
13-08-2014,00:04:04.501,1.33654,1.33653,1,1
13-08-2014,00:04:05.006,1.33654,1.33652,1,3.19
13-08-2014,00:04:06.136,1.33654,1.33652,1,4.69
13-08-2014,00:04:13.452,1.33654,1.33652,1,3.94
13-08-2014,00:04:32.516,1.33655,1.33652,1,3.19
13-08-2014,00:04:49.542,1.33655,1.33652,1,4.69
13-08-2014,00:04:50.564,1.33655,1.33652,1,3.94
13-08-2014,00:04:52.009,1.33654,1.33652,1,1.69
13-08-2014,00:04:52.851,1.33655,1.33652,1,2.25
13-08-2014,00:04:55.634,1.33655,1.33653,1.13,1
13-08-2014,00:04:58.818,1.33655,1.33652,1,1.5
13-08-2014,00:05:05.324,1.33654,1.33652,1,1.69
13-08-2014,00:05:05.526,1.33653,1.33651,1,4.69
13-08-2014,00:05:07.737,1.33653,1.33652,1,1.5
13-08-2014,00:05:08.735,1.33653,1.33651,1,4.5
13-08-2014,00:05:11.766,1.33652,1.3365,1,13.99
13-08-2014,00:05:12.495,1.33653,1.33651,1,3
13-08-2014,00:05:13.045,1.33652,1.3365,1,13.99
13-08-2014,00:05:13.599,1.33653,1.33651,1,3
13-08-2014,00:05:14.102,1.33652,1.3365,1,12.49
13-08-2014,00:05:14.615,1.33653,1.33651,1,3.75
13-08-2014,00:05:17.087,1.33652,1.33651,1,3.94
13-08-2014,00:05:17.593,1.33653,1.33651,1,3.75
13-08-2014,00:05:21.127,1.33652,1.33651,1,3.94
13-08-2014,00:05:21.692,1.33653,1.33651,1.5,3.94
13-08-2014,00:05:22.917,1.33654,1.33651,1.5,3.94
13-08-2014,00:05:23.421,1.33654,1.33651,1.5,3
13-08-2014,00:05:24.859,1.33652,1.33649,1,11.44
13-08-2014,00:05:25.505,1.33652,1.33651,1,3
13-08-2014,00:05:27.090,1.33652,1.33649,1,12
13-08-2014,00:05:27.615,1.33652,1.33651,1,3
13-08-2014,00:05:28.139,1.33652,1.33651,1,3
13-08-2014,00:05:28.935,1.33652,1.3365,1,11.74
13-08-2014,00:05:29.540,1.33652,1.33651,1,3
13-08-2014,00:05:30.623,1.33652,1.33651,1,3
13-08-2014,00:05:31.129,1.33652,1.33651,1,3
13-08-2014,00:05:31.757,1.33652,1.3365,1,10.99
13-08-2014,00:05:32.532,1.33652,1.33651,1,3
13-08-2014,00:05:33.136,1.33652,1.3365,1,10.99
13-08-2014,00:05:33.641,1.33652,1.33651,1,3
13-08-2014,00:05:35.086,1.33652,1.3365,1,11.93
13-08-2014,00:05:35.607,1.33652,1.33651,1,3
13-08-2014,00:05:36.166,1.33652,1.3365,1,11.74
13-08-2014,00:05:36.826,1.33652,1.33651,1,3
13-08-2014,00:05:37.498,1.33652,1.3365,1,11.74
13-08-2014,00:05:38.017,1.33652,1.33651,1,3
13-08-2014,00:05:38.663,1.33652,1.3365,1,12.12
13-08-2014,00:05:39.224,1.33652,1.33651,1,3
13-08-2014,00:05:39.859,1.33652,1.3365,1,12.12
13-08-2014,00:05:40.422,1.33652,1.33651,1,3
13-08-2014,00:05:46.206,1.33652,1.3365,1,10.99
13-08-2014,00:05:46.721,1.33652,1.33651,1,3.19
13-08-2014,00:05:47.226,1.33652,1.33651,1,3.19
13-08-2014,00:05:59.699,1.33652,1.33649,1,11.82
13-08-2014,00:06:00.417,1.33652,1.33651,1,3
13-08-2014,00:06:01.027,1.33652,1.3365,1,12.68
13-08-2014,00:06:01.178,1.33652,1.33651,1,3
13-08-2014,00:06:02.872,1.33652,1.3365,1,12.49
13-08-2014,00:06:03.407,1.33652,1.33651,1,3
13-08-2014,00:06:04.009,1.33652,1.3365,1,12.49
13-08-2014,00:06:04.521,1.33652,1.33651,1,3
13-08-2014,00:06:14.633,1.33654,1.33651,1,4.69
13-08-2014,00:06:19.565,1.33655,1.33651,10.32,5.25
13-08-2014,00:06:20.443,1.33653,1.33651,1,4.5
13-08-2014,00:06:25.520,1.33653,1.33651,1,4.69
13-08-2014,00:06:29.283,1.33655,1.33652,9,1
13-08-2014,00:06:29.334,1.33657,1.33653,4.5,5.25
13-08-2014,00:06:29.840,1.33658,1.33655,1.5,5.25
13-08-2014,00:06:30.394,1.33658,1.33655,1,5.25
13-08-2014,00:06:35.712,1.33657,1.33655,1,5.82
13-08-2014,00:06:39.994,1.33657,1.33656,1,1.69
13-08-2014,00:06:40.045,1.33659,1.33657,1.5,1.5
13-08-2014,00:06:40.146,1.3366,1.33657,1,3.75
13-08-2014,00:06:40.197,1.3366,1.33659,1,1
13-08-2014,00:06:40.450,1.33663,1.3366,2.25,4.13
13-08-2014,00:06:40.955,1.33662,1.3366,1.5,3.38
13-08-2014,00:06:42.136,1.33662,1.33659,4.5,2.74
13-08-2014,00:06:47.367,1.33661,1.33658,1,2.74
13-08-2014,00:06:48.399,1.33661,1.33658,1,2.44
13-08-2014,00:06:48.914,1.33662,1.33658,3.75,4.24
13-08-2014,00:06:50.410,1.33662,1.33659,3.75,1
13-08-2014,00:06:50.916,1.33661,1.33659,1,1.5
13-08-2014,00:06:51.422,1.33661,1.33658,1,3.12
13-08-2014,00:06:53.885,1.33661,1.33658,1,3.19
13-08-2014,00:06:56.435,1.33662,1.33659,2.25,1.88
13-08-2014,00:06:56.969,1.33662,1.3366,1.5,1.5
13-08-2014,00:07:01.007,1.33662,1.33661,1,1
13-08-2014,00:07:01.158,1.33664,1.33662,1.5,1.5
13-08-2014,00:07:01.663,1.33665,1.33662,3.38,1.5
13-08-2014,00:07:02.164,1.33664,1.33661,1.5,2.25
13-08-2014,00:07:03.999,1.33664,1.33663,1.5,1
13-08-2014,00:07:05.402,1.33664,1.33661,1.5,2.44
13-08-2014,00:07:15.934,1.33665,1.33663,2.63,1
13-08-2014,00:07:16.036,1.33666,1.33665,3,3.57
13-08-2014,00:07:16.188,1.33669,1.33667,1.5,3.01
13-08-2014,00:07:16.391,1.33674,1.33672,3,1
13-08-2014,00:07:16.694,1.33676,1.33673,3.75,2.44
13-08-2014,00:07:17.415,1.33676,1.33673,1.5,2.25
13-08-2014,00:07:17.566,1.33674,1.33673,1,1
13-08-2014,00:07:18.071,1.33674,1.33671,2.25,1.25
13-08-2014,00:07:18.584,1.33675,1.33671,3,3.19
13-08-2014,00:07:20.490,1.33675,1.33673,4.5,1
13-08-2014,00:07:29.601,1.33675,1.33671,4.13,3
13-08-2014,00:07:34.152,1.33675,1.33671,7.69,3
13-08-2014,00:07:34.203,1.33675,1.33673,6.94,1.5
13-08-2014,00:07:34.456,1.33677,1.33673,2.82,3.75
13-08-2014,00:07:34.961,1.33677,1.33673,2.44,3.75
13-08-2014,00:07:35.471,1.33677,1.33673,1.5,4.69
13-08-2014,00:07:37.670,1.33677,1.33675,1,1
13-08-2014,00:07:38.174,1.33678,1.33675,1.5,2.25
13-08-2014,00:07:38.679,1.33677,1.33675,1,1
13-08-2014,00:07:39.189,1.33677,1.33674,1,1.25
13-08-2014,00:07:39.698,1.33677,1.33673,1,4.69
13-08-2014,00:07:40.804,1.33677,1.33674,2.25,1
13-08-2014,00:07:42.673,1.33677,1.33675,2.25,1
13-08-2014,00:07:44.119,1.33677,1.33674,2.25,1.5
13-08-2014,00:07:45.555,1.33676,1.33674,3,1.5
13-08-2014,00:07:45.606,1.33675,1.33673,3.38,1
13-08-2014,00:07:45.758,1.33674,1.33672,3,1
13-08-2014,00:07:46.272,1.33673,1.33672,1.5,1
13-08-2014,00:07:48.986,1.33674,1.33672,2.25,1
13-08-2014,00:07:49.507,1.33674,1.33673,1,1
13-08-2014,00:07:50.043,1.33675,1.33673,2.63,1
13-08-2014,00:07:53.620,1.33674,1.33673,1,1
13-08-2014,00:08:09.046,1.33673,1.33671,3,1
13-08-2014,00:08:09.572,1.33673,1.33672,3,1
13-08-2014,00:08:10.084,1.33673,1.33671,3,1
13-08-2014,00:08:16.375,1.33674,1.33672,6.49,1
13-08-2014,00:08:26.132,1.33673,1.3367,3.19,5.25
13-08-2014,00:08:26.656,1.33673,1.3367,3.19,3
13-08-2014,00:08:27.921,1.33673,1.33672,3,1
13-08-2014,00:08:28.447,1.33673,1.3367,3,3.75
13-08-2014,00:08:28.995,1.33673,1.33672,3,1
13-08-2014,00:08:29.760,1.33673,1.33671,5.44,1
13-08-2014,00:08:30.265,1.33672,1.3367,2.74,1.5
13-08-2014,00:08:30.787,1.33671,1.3367,1,1.5
13-08-2014,00:08:34.378,1.33671,1.33669,4.5,1
13-08-2014,00:08:41.761,1.33671,1.33668,4.5,1
13-08-2014,00:08:45.379,1.3367,1.33668,1,1
13-08-2014,00:08:47.801,1.33669,1.33668,1,1
13-08-2014,00:08:49.152,1.3367,1.33668,4.32,1
13-08-2014,00:08:55.436,1.33669,1.33668,1.5,1
13-08-2014,00:08:55.966,1.3367,1.33668,4.32,1
13-08-2014,00:09:16.215,1.3367,1.33668,5.25,1
13-08-2014,00:09:35.660,1.3367,1.33668,4.13,1
13-08-2014,00:09:45.362,1.3367,1.33666,4.32,4.69
13-08-2014,00:10:10.858,1.3367,1.33668,4.32,1
13-08-2014,00:10:12.731,1.3367,1.33666,4.32,4.69
13-08-2014,00:10:22.217,1.3367,1.33666,5.07,3
13-08-2014,00:10:23.089,1.3367,1.33668,2.82,1
13-08-2014,00:10:23.593,1.3367,1.33668,2.63,1
13-08-2014,00:10:34.618,1.3367,1.33667,2.25,1
13-08-2014,00:10:42.741,1.3367,1.33666,5.07,3.19
13-08-2014,00:10:45.257,1.3367,1.33666,5.82,3
13-08-2014,00:11:30.944,1.33669,1.33667,1,1
13-08-2014,00:11:50.655,1.33669,1.33666,1.69,1.5
13-08-2014,00:11:58.020,1.33669,1.33667,3,1
13-08-2014,00:11:58.526,1.33669,1.33666,2.25,1
13-08-2014,00:11:58.873,1.33663,1.33661,1.5,2.25
13-08-2014,00:11:59.177,1.33661,1.33659,1.5,1.5
13-08-2014,00:11:59.532,1.3366,1.33657,2.44,1.5
13-08-2014,00:12:18.942,1.33671,1.33658,1.5,12.63
13-08-2014,00:12:19.247,1.33672,1.33671,1.5,1.25
13-08-2014,00:12:19.748,1.33671,1.33669,2.07,1
13-08-2014,00:12:19.799,1.3367,1.33668,1.5,1
13-08-2014,00:12:23.089,1.3367,1.33669,1.5,1
13-08-2014,00:12:23.241,1.33672,1.3367,3.19,1.5
13-08-2014,00:12:23.747,1.33671,1.33668,1.5,1.5
13-08-2014,00:12:24.150,1.33669,1.33668,1,1
13-08-2014,00:12:24.201,1.33669,1.33666,1.25,2.25
13-08-2014,00:12:29.250,1.33668,1.33665,1.5,1.25
13-08-2014,00:12:36.225,1.33668,1.33664,2.25,3.75
13-08-2014,00:12:47.279,1.33668,1.33664,2.25,4.69
13-08-2014,00:12:48.310,1.33668,1.33664,2.44,3.94
13-08-2014,00:12:49.328,1.33668,1.33664,2.25,4.69
13-08-2014,00:12:52.317,1.33668,1.33664,2.25,3.75
13-08-2014,00:12:52.855,1.33667,1.33664,1.5,3
13-08-2014,00:12:57.931,1.33667,1.33665,1.5,1
13-08-2014,00:12:58.438,1.33668,1.33665,3.57,1
13-08-2014,00:13:07.082,1.33667,1.33665,1,1
13-08-2014,00:13:10.575,1.33668,1.33665,3.19,1.5
13-08-2014,00:13:11.080,1.33667,1.33664,1.5,3.19
13-08-2014,00:13:17.166,1.33671,1.33666,7.5,4.5
13-08-2014,00:13:17.217,1.33675,1.33669,4.69,14.08
13-08-2014,00:13:17.318,1.33678,1.33673,7.5,11.13
13-08-2014,00:13:17.724,1.33679,1.33675,3.87,2.25
13-08-2014,00:13:17.876,1.33677,1.33675,1.5,1
13-08-2014,00:13:18.382,1.33676,1.33674,1.5,1.5
13-08-2014,00:13:18.887,1.33677,1.33674,3.75,1.5
13-08-2014,00:13:22.062,1.33677,1.33675,3,1
13-08-2014,00:13:25.993,1.33677,1.33674,3,1
13-08-2014,00:13:28.625,1.33677,1.33675,1.5,1
13-08-2014,00:13:58.350,1.33677,1.33674,3,1.69
13-08-2014,00:14:00.651,1.33676,1.33673,2.25,3.94
13-08-2014,00:14:01.163,1.33676,1.33673,2.25,2.44
13-08-2014,00:14:10.801,1.33675,1.33673,1.5,2.44
13-08-2014,00:14:10.851,1.33674,1.33672,1.5,1
13-08-2014,00:14:11.106,1.33671,1.33669,3.19,1
13-08-2014,00:14:11.208,1.3367,1.33667,3,2.44
13-08-2014,00:14:11.715,1.33669,1.33667,1.5,1.25
13-08-2014,00:14:13.972,1.33669,1.33668,1.5,1
13-08-2014,00:14:14.426,1.33671,1.33668,4.24,1
13-08-2014,00:14:30.471,1.3367,1.33668,1,2.25
13-08-2014,00:14:32.002,1.33671,1.33668,2.25,2.25
13-08-2014,00:14:46.294,1.3367,1.33668,1,3.94
13-08-2014,00:14:50.312,1.3367,1.33669,1,2.25
13-08-2014,00:14:50.464,1.33672,1.3367,1,1.13
13-08-2014,00:15:00.394,1.33673,1.3367,8.82,2.25
13-08-2014,00:15:05.615,1.33673,1.33671,7.32,1
13-08-2014,00:15:06.923,1.33672,1.33671,1.69,1
13-08-2014,00:15:07.032,1.33671,1.33669,1,2.25
13-08-2014,00:15:09.801,1.3367,1.33669,1,2.25
13-08-2014,00:15:10.087,1.33669,1.33667,1,4.5
13-08-2014,00:15:11.132,1.33669,1.33667,1,3
13-08-2014,00:15:12.452,1.3367,1.33668,1,1
13-08-2014,00:15:12.503,1.33671,1.33669,2.44,1
13-08-2014,00:15:35.160,1.33672,1.33669,2.44,4.13
13-08-2014,00:15:36.267,1.33672,1.33669,2.44,3.38
13-08-2014,00:15:36.834,1.33672,1.33669,1.5,5.07
13-08-2014,00:15:37.717,1.33672,1.33669,1.5,5.07
13-08-2014,00:15:38.267,1.33672,1.33669,1.5,5.07
13-08-2014,00:15:45.758,1.33672,1.33669,1,5.82
13-08-2014,00:15:46.498,1.33672,1.3367,1,1.13
13-08-2014,00:15:47.926,1.33672,1.33669,1,5.82
13-08-2014,00:15:48.436,1.33672,1.3367,1,1.13
13-08-2014,00:15:49.887,1.33672,1.33669,1,5.82
13-08-2014,00:15:50.492,1.33672,1.3367,1,1.13
13-08-2014,00:15:50.993,1.33672,1.33669,1,5.82
13-08-2014,00:15:51.502,1.33672,1.3367,1,1.13
13-08-2014,00:15:54.878,1.33672,1.33669,1,5.82
13-08-2014,00:15:55.415,1.33672,1.3367,1,1.13
13-08-2014,00:15:57.113,1.33672,1.33669,1,5.82
13-08-2014,00:15:57.624,1.33672,1.3367,1,1.13
13-08-2014,00:16:00.264,1.33672,1.33669,1,6.57
13-08-2014,00:16:00.770,1.33672,1.3367,1,1.13
13-08-2014,00:16:02.607,1.33672,1.33669,1,6.57
13-08-2014,00:16:03.116,1.33672,1.3367,1,1.13
13-08-2014,00:16:03.624,1.33671,1.3367,1,1.13
13-08-2014,00:16:04.139,1.33671,1.33669,1,6.57
13-08-2014,00:16:04.654,1.33671,1.3367,1,1.13
13-08-2014,00:16:05.879,1.33671,1.33669,1,5.82
13-08-2014,00:16:06.383,1.33671,1.3367,1,1.13
13-08-2014,00:16:07.814,1.33671,1.33669,1,5.63
13-08-2014,00:16:08.358,1.33671,1.3367,1,1.13
13-08-2014,00:16:09.289,1.33671,1.33669,1,4.13
13-08-2014,00:16:09.868,1.33671,1.3367,1,1.13
13-08-2014,00:16:10.377,1.33671,1.33669,1,4.13
13-08-2014,00:16:10.890,1.33671,1.3367,1,1.13
13-08-2014,00:16:12.742,1.33671,1.33669,1,7.13
13-08-2014,00:16:13.247,1.33671,1.3367,1,1.13
13-08-2014,00:16:15.298,1.33671,1.33669,1,7.13
13-08-2014,00:16:15.804,1.33671,1.3367,1,1.13
13-08-2014,00:16:17.071,1.33671,1.33669,1,6.38
13-08-2014,00:16:17.604,1.33671,1.33669,1,6.38
13-08-2014,00:16:18.186,1.33671,1.33669,1,4.13
13-08-2014,00:16:18.793,1.33671,1.33669,1,6.38
13-08-2014,00:16:25.652,1.33671,1.33669,1,1.5
13-08-2014,00:16:26.266,1.33671,1.33668,1,7.88
13-08-2014,00:16:26.785,1.33671,1.33669,1,1
13-08-2014,00:16:28.219,1.33671,1.33668,1,7.32
13-08-2014,00:16:28.731,1.33671,1.33669,1,1
13-08-2014,00:16:29.393,1.33671,1.33668,1,7.32
13-08-2014,00:16:29.932,1.33671,1.33669,1,1
13-08-2014,00:16:30.671,1.33671,1.33668,1.25,7.13
13-08-2014,00:16:31.185,1.33671,1.33669,1.25,1
13-08-2014,00:16:31.899,1.33671,1.33668,1.25,7.13
13-08-2014,00:16:32.410,1.33671,1.33669,1.25,1
13-08-2014,00:16:34.308,1.33671,1.33668,1.25,7.13
13-08-2014,00:16:34.814,1.33671,1.33669,1.25,1
13-08-2014,00:16:35.431,1.33671,1.33668,1.25,7.13
13-08-2014,00:16:35.944,1.33671,1.33669,1.25,1
13-08-2014,00:16:36.556,1.33671,1.33668,1.25,5.63
13-08-2014,00:16:37.066,1.33671,1.33669,1.25,1
13-08-2014,00:16:37.937,1.3367,1.33668,1,3
13-08-2014,00:16:38.440,1.33669,1.33668,1,1
13-08-2014,00:16:39.848,1.33669,1.33667,1,3.38
13-08-2014,00:16:40.380,1.33669,1.33668,1,1
13-08-2014,00:16:41.072,1.33669,1.33667,1,2.63
13-08-2014,00:16:41.584,1.33669,1.33668,1,1
13-08-2014,00:16:42.163,1.33669,1.33667,1,2.63
13-08-2014,00:16:42.810,1.33669,1.33668,1,1
13-08-2014,00:16:43.527,1.33669,1.33667,1,4.13
13-08-2014,00:16:44.041,1.33669,1.33668,1,1
13-08-2014,00:16:44.576,1.33669,1.33667,1,4.13
13-08-2014,00:16:45.085,1.33669,1.33668,1,1
13-08-2014,00:16:45.800,1.33669,1.33667,1,4.13
13-08-2014,00:16:46.333,1.33669,1.33668,1,1.88
13-08-2014,00:16:47.423,1.3367,1.33668,2.63,3.38
13-08-2014,00:16:48.125,1.3367,1.33669,2.25,1
13-08-2014,00:16:48.842,1.3367,1.33668,2.25,2.25
13-08-2014,00:16:49.354,1.3367,1.33669,2.25,1
13-08-2014,00:16:50.944,1.3367,1.33668,2.25,2.25
13-08-2014,00:16:51.464,1.3367,1.33669,2.25,1
13-08-2014,00:16:52.065,1.3367,1.33668,2.25,2.25
13-08-2014,00:16:52.576,1.3367,1.33669,2.25,1
13-08-2014,00:16:53.182,1.3367,1.33668,2.25,2.25
13-08-2014,00:16:53.698,1.3367,1.33669,2.25,1
13-08-2014,00:16:54.910,1.3367,1.33668,2.25,2.25
13-08-2014,00:16:55.456,1.3367,1.33669,2.25,1
13-08-2014,00:16:56.165,1.3367,1.33668,2.25,2.82
13-08-2014,00:16:56.667,1.3367,1.33669,2.25,1
13-08-2014,00:16:57.218,1.3367,1.33668,2.25,2.82
13-08-2014,00:16:57.731,1.3367,1.33669,2.25,1
13-08-2014,00:16:58.244,1.33671,1.33669,1.25,1
13-08-2014,00:16:58.960,1.33671,1.33668,1.25,2.63
13-08-2014,00:16:59.577,1.33671,1.33669,1.25,1
13-08-2014,00:17:00.192,1.33671,1.33668,1.25,2.63
13-08-2014,00:17:00.808,1.33671,1.33669,1.25,1
13-08-2014,00:17:01.335,1.33671,1.33668,1.25,2.63
13-08-2014,00:17:01.870,1.33671,1.33669,1.25,1
13-08-2014,00:17:02.500,1.33671,1.33669,1.25,1
13-08-2014,00:17:04.960,1.3367,1.33668,1,3.38
13-08-2014,00:17:05.504,1.33671,1.33669,1.69,1
13-08-2014,00:17:06.279,1.3367,1.33668,1,3.38
13-08-2014,00:17:06.787,1.33671,1.33669,1.69,1
13-08-2014,00:17:08.726,1.3367,1.33668,1,3.38
13-08-2014,00:17:09.247,1.33671,1.33669,1.69,1
13-08-2014,00:17:11.081,1.3367,1.33668,1,3.38
13-08-2014,00:17:11.593,1.33671,1.33669,1.69,1
13-08-2014,00:17:12.201,1.3367,1.33668,1,3.38
13-08-2014,00:17:12.605,1.33671,1.33668,1.69,3.38
13-08-2014,00:17:13.212,1.33671,1.33669,1.5,1
13-08-2014,00:17:14.264,1.33671,1.33668,1.5,3.57
13-08-2014,00:17:14.792,1.33671,1.33669,1.5,1
13-08-2014,00:17:15.601,1.33671,1.33668,1.5,3.57
13-08-2014,00:17:16.211,1.33671,1.33669,1.5,1
13-08-2014,00:17:17.136,1.33671,1.33668,1.5,2.82
13-08-2014,00:17:17.749,1.33671,1.33669,1.5,1
13-08-2014,00:17:17.951,1.33672,1.3367,2.25,1.88
13-08-2014,00:17:18.457,1.33671,1.3367,1,1.5
13-08-2014,00:17:24.428,1.33671,1.33669,1,5.82
13-08-2014,00:17:24.946,1.33671,1.33669,1,4.32
13-08-2014,00:17:26.071,1.33671,1.33669,1,5.82
13-08-2014,00:17:26.576,1.33672,1.33669,1,4.32
13-08-2014,00:17:27.402,1.33672,1.33669,1,5.82
13-08-2014,00:17:27.921,1.33672,1.33669,1,5.82
13-08-2014,00:17:28.822,1.33672,1.33669,1,5.82
13-08-2014,00:17:29.327,1.33672,1.33669,1,5.82
13-08-2014,00:17:30.679,1.33672,1.33669,1,5.82
13-08-2014,00:17:31.397,1.33672,1.33669,1,4.32
13-08-2014,00:17:31.983,1.33672,1.33669,1,5.82
13-08-2014,00:17:32.531,1.33672,1.33669,1,5.82
13-08-2014,00:17:33.159,1.33672,1.33669,1,4.32
13-08-2014,00:17:33.700,1.33672,1.33669,1,5.82
13-08-2014,00:17:34.232,1.33672,1.33669,1,5.82
13-08-2014,00:17:34.736,1.33672,1.33669,1,4.32
13-08-2014,00:17:35.308,1.33672,1.33669,1,5.82
13-08-2014,00:17:35.901,1.33672,1.33669,1,5.82
13-08-2014,00:17:37.801,1.33672,1.33669,1,5.05
13-08-2014,00:17:38.310,1.33671,1.33668,1,4.69
13-08-2014,00:17:38.815,1.33671,1.33668,1,3.19
13-08-2014,00:17:44.570,1.3367,1.33668,1,2.25
13-08-2014,00:17:45.093,1.33669,1.33667,1,1.13
13-08-2014,00:17:46.710,1.33669,1.33666,1,6.19
13-08-2014,00:17:47.245,1.33669,1.33667,1,1
13-08-2014,00:17:48.501,1.33669,1.33666,1,6.19
13-08-2014,00:17:49.012,1.33669,1.33667,1,1
13-08-2014,00:17:50.851,1.33669,1.33666,1,6.19
13-08-2014,00:17:51.383,1.33669,1.33667,1,1
13-08-2014,00:17:51.975,1.33669,1.33666,1,6.19
13-08-2014,00:17:55.231,1.33669,1.33667,1,1
13-08-2014,00:17:55.843,1.33669,1.33666,1,6.68
13-08-2014,00:17:56.467,1.33669,1.33667,1,1
13-08-2014,00:17:57.286,1.33669,1.33666,1,5.93
13-08-2014,00:17:57.795,1.33669,1.33667,1,1
13-08-2014,00:17:58.339,1.33669,1.33666,1,5.93
13-08-2014,00:17:58.869,1.33669,1.33667,1,1
13-08-2014,00:17:59.385,1.33668,1.33666,1,5.63
13-08-2014,00:17:59.889,1.33669,1.33667,1,1
13-08-2014,00:18:00.786,1.33669,1.33666,1,5.82
13-08-2014,00:18:01.333,1.33669,1.33667,1,1
13-08-2014,00:18:01.839,1.3367,1.33667,1.88,2.44
13-08-2014,00:18:05.160,1.33669,1.33667,1,2.44
13-08-2014,00:18:15.179,1.3367,1.33668,1,1
13-08-2014,00:18:15.497,1.33669,1.33667,1.5,1.69
13-08-2014,00:18:17.950,1.33668,1.33666,1,3.75
13-08-2014,00:18:18.864,1.33667,1.33666,1.5,2.44
13-08-2014,00:18:28.914,1.33668,1.33667,1,1
13-08-2014,00:18:32.029,1.33667,1.33666,1.5,1.69
13-08-2014,00:18:41.845,1.33668,1.33666,1.5,2.44
13-08-2014,00:18:48.955,1.33667,1.33666,1,1.25
13-08-2014,00:18:55.766,1.33667,1.33665,2.25,1.25
13-08-2014,00:18:56.069,1.33664,1.33662,1.5,8.07
13-08-2014,00:18:56.373,1.33662,1.3366,1.5,2.07
13-08-2014,00:18:56.777,1.33659,1.33656,1.5,3.94
13-08-2014,00:18:57.292,1.33659,1.33658,1.5,1
13-08-2014,00:18:59.636,1.3366,1.33658,4.13,1
13-08-2014,00:19:01.763,1.33662,1.33659,3,2.5
13-08-2014,00:19:01.814,1.33662,1.33661,3.75,1
13-08-2014,00:19:02.334,1.33663,1.33661,2.25,2.25
13-08-2014,00:19:02.840,1.33663,1.3366,2.25,7.69
13-08-2014,00:19:03.355,1.33663,1.33661,2.25,2.25
13-08-2014,00:19:03.867,1.33663,1.3366,2.25,7.69
13-08-2014,00:19:04.419,1.33663,1.33661,2.25,2.25
13-08-2014,00:19:04.941,1.33662,1.33661,1,3
13-08-2014,00:19:07.762,1.33663,1.33661,2.25,3
13-08-2014,00:19:17.741,1.33663,1.33661,1.5,3.94
13-08-2014,00:19:17.893,1.33662,1.3366,1.5,4.69
13-08-2014,00:19:18.045,1.33661,1.3366,1.5,1.88
13-08-2014,00:19:18.177,1.3366,1.33658,2.25,1.69
13-08-2014,00:19:18.993,1.33659,1.33658,1,1.69
13-08-2014,00:19:19.044,1.33659,1.33656,1,3.94
13-08-2014,00:19:20.531,1.33659,1.33656,1,4.69
13-08-2014,00:19:23.815,1.3366,1.33657,4.5,1.25
13-08-2014,00:19:46.128,1.33659,1.33657,1,1
13-08-2014,00:19:46.649,1.33658,1.33656,1,1.69
13-08-2014,00:20:01.440,1.33659,1.33656,1,2.44
13-08-2014,00:20:01.642,1.3366,1.33658,5.82,1
13-08-2014,00:20:01.945,1.33663,1.33661,2.25,1.5
13-08-2014,00:20:05.797,1.33662,1.3366,1,2.25
13-08-2014,00:20:06.050,1.33659,1.33656,3.75,1.13
13-08-2014,00:20:07.740,1.33659,1.33657,1.5,1
13-08-2014,00:20:08.724,1.33658,1.33656,1,1.69
13-08-2014,00:20:10.956,1.33658,1.33655,2.25,2.82
13-08-2014,00:20:14.759,1.33659,1.33657,4.69,1
13-08-2014,00:20:14.962,1.3366,1.33658,1,4.32
13-08-2014,00:20:15.618,1.33661,1.33658,4.5,1.19
13-08-2014,00:20:16.203,1.33661,1.33657,4.5,4.69
13-08-2014,00:20:16.739,1.33661,1.33657,4.5,3.75
13-08-2014,00:20:19.179,1.3366,1.33658,1,1
13-08-2014,00:20:22.658,1.33659,1.33656,2.25,1.25
13-08-2014,00:20:24.858,1.33659,1.33657,1.5,1
13-08-2014,00:20:43.255,1.3366,1.33657,4.5,1
13-08-2014,00:20:50.785,1.3366,1.33658,3,1
13-08-2014,00:20:50.835,1.33661,1.33658,1.5,2.5
13-08-2014,00:20:51.038,1.33663,1.3366,4.69,2.25
13-08-2014,00:20:51.542,1.33663,1.3366,3.75,2.44
13-08-2014,00:20:56.104,1.33663,1.33661,3.75,1
13-08-2014,00:20:56.205,1.33661,1.33659,1,3.94
13-08-2014,00:20:56.710,1.33661,1.33658,3,1.69
13-08-2014,00:20:57.254,1.33661,1.33658,5.25,1
13-08-2014,00:21:01.288,1.33661,1.33657,6,3.94
13-08-2014,00:21:02.159,1.33661,1.33657,6,4.69
13-08-2014,00:21:04.565,1.33661,1.33659,6,1
13-08-2014,00:21:22.273,1.33661,1.33658,6,1
13-08-2014,00:21:33.700,1.33661,1.33659,3.75,1.88
13-08-2014,00:21:34.003,1.33663,1.33662,2.25,1
13-08-2014,00:21:34.534,1.33663,1.33661,1.5,6.19
13-08-2014,00:21:43.625,1.33663,1.3366,6.19,1.5
13-08-2014,00:21:44.132,1.33663,1.33661,1.5,1
13-08-2014,00:21:50.578,1.33663,1.33662,1.5,1
13-08-2014,00:21:52.452,1.33663,1.33661,1.5,1.25
13-08-2014,00:22:04.810,1.33662,1.33661,1,1
13-08-2014,00:22:05.012,1.33661,1.33659,1.5,1.5
13-08-2014,00:22:05.517,1.33661,1.3366,1.5,1
13-08-2014,00:22:05.920,1.33663,1.3366,1,8.74
13-08-2014,00:22:06.425,1.33663,1.33661,1.5,3
13-08-2014,00:22:08.821,1.33664,1.33662,1,1
13-08-2014,00:22:52.003,1.33663,1.33662,1,1.25
13-08-2014,00:22:52.600,1.33664,1.33662,1,1
13-08-2014,00:22:55.189,1.33663,1.3366,1,6.3
13-08-2014,00:22:55.341,1.33661,1.33659,1,1.5
13-08-2014,00:22:56.177,1.33662,1.3366,1.25,5.05
13-08-2014,00:22:56.978,1.33662,1.33661,1.69,1
13-08-2014,00:23:05.513,1.33662,1.3366,2.25,4.05
13-08-2014,00:23:06.220,1.33662,1.33661,2.25,1
13-08-2014,00:23:06.631,1.33664,1.33661,3,1
13-08-2014,00:23:09.684,1.33662,1.3366,1,6.12
13-08-2014,00:23:10.511,1.33664,1.33661,2.25,1
13-08-2014,00:23:14.249,1.33663,1.33659,1,5.25
13-08-2014,00:23:14.359,1.33664,1.3366,2.25,6.87
13-08-2014,00:23:15.107,1.33664,1.3366,2.25,6.57
13-08-2014,00:23:15.662,1.33664,1.3366,2.44,5.82
13-08-2014,00:23:21.508,1.33664,1.3366,2.25,4.32
13-08-2014,00:23:24.506,1.33664,1.3366,2.25,4.69
13-08-2014,00:23:25.034,1.33664,1.3366,2.25,4.32
13-08-2014,00:23:31.481,1.33664,1.3366,2.25,4.69
13-08-2014,00:23:32.846,1.33665,1.33662,7.5,1
13-08-2014,00:23:33.066,1.33663,1.33662,1,1
13-08-2014,00:23:39.851,1.33664,1.33662,2.25,1
13-08-2014,00:23:40.365,1.33665,1.33662,5.63,1
13-08-2014,00:23:58.684,1.33663,1.3366,1,3.94
13-08-2014,00:23:59.541,1.33663,1.33662,1,1
13-08-2014,00:23:59.895,1.33662,1.3366,3.94,1
13-08-2014,00:24:00.402,1.33661,1.3366,1,1
13-08-2014,00:24:17.603,1.33661,1.33659,1.25,1
13-08-2014,00:24:27.256,1.3366,1.33659,1,1
13-08-2014,00:24:27.781,1.33659,1.33658,1.5,1
13-08-2014,00:24:28.608,1.3366,1.33658,3.94,1
13-08-2014,00:24:37.983,1.3366,1.33658,2.82,1
13-08-2014,00:24:38.496,1.33661,1.33659,1.25,1
13-08-2014,00:24:48.218,1.33661,1.33659,1.69,1
13-08-2014,00:25:12.594,1.33661,1.33659,2.44,1
13-08-2014,00:25:19.859,1.33661,1.33657,3.19,4.69
13-08-2014,00:25:20.263,1.33659,1.33657,2.25,1.5
13-08-2014,00:25:31.503,1.33659,1.33655,2.44,7.69
13-08-2014,00:25:31.705,1.33659,1.33657,2.44,1
13-08-2014,00:25:32.008,1.3366,1.33658,2.25,1
13-08-2014,00:25:45.868,1.3366,1.33659,3.19,1
13-08-2014,00:25:52.302,1.3366,1.33658,1.5,1.13
13-08-2014,00:25:52.404,1.33662,1.3366,10.69,1
13-08-2014,00:25:52.908,1.33662,1.3366,4.32,1
13-08-2014,00:25:57.939,1.33662,1.33659,3.94,1
13-08-2014,00:25:58.537,1.33662,1.33659,4.69,1.5
13-08-2014,00:25:59.367,1.33662,1.33659,3.94,1
13-08-2014,00:25:59.933,1.33662,1.33659,4.69,1
13-08-2014,00:26:01.319,1.33662,1.3366,4.69,1
13-08-2014,00:26:06.370,1.33662,1.3366,3.94,1
13-08-2014,00:26:28.543,1.33662,1.3366,4.69,1
13-08-2014,00:26:29.552,1.33662,1.3366,3.94,1
13-08-2014,00:26:35.527,1.33662,1.3366,4.69,1
13-08-2014,00:26:40.946,1.33662,1.3366,5.82,1
13-08-2014,00:26:41.789,1.33662,1.3366,6.19,1
13-08-2014,00:26:42.294,1.33661,1.33659,1,1
13-08-2014,00:26:44.426,1.33661,1.3366,1.25,1.13
13-08-2014,00:26:44.577,1.33662,1.3366,1.19,3
13-08-2014,00:26:44.881,1.33661,1.33659,1,1.25
13-08-2014,00:26:52.374,1.33661,1.3366,1.5,1
13-08-2014,00:26:52.576,1.3366,1.33659,1,1
13-08-2014,00:26:52.678,1.33659,1.33657,2.25,1
13-08-2014,00:27:29.122,1.33659,1.33658,1.5,1
13-08-2014,00:27:31.411,1.33659,1.33656,2.25,2.44
13-08-2014,00:27:34.589,1.33658,1.33656,1,2.44
13-08-2014,00:27:37.404,1.33658,1.33657,1,1
13-08-2014,00:27:37.455,1.33658,1.33657,1,1
13-08-2014,00:27:37.506,1.33661,1.33657,5.25,10.88
13-08-2014,00:27:37.809,1.33664,1.33661,1,7.75
13-08-2014,00:27:38.113,1.33666,1.33664,1.5,1.13
13-08-2014,00:27:38.417,1.33666,1.33664,1.5,1.13
13-08-2014,00:27:39.427,1.33666,1.33662,1.5,10.69
13-08-2014,00:27:46.731,1.33665,1.33662,1,5.07
13-08-2014,00:27:47.898,1.33665,1.33662,1,4.32
13-08-2014,00:27:50.405,1.33665,1.33663,1,1
13-08-2014,00:27:51.342,1.33666,1.33663,2.25,1.69
13-08-2014,00:27:52.413,1.33666,1.33664,2.25,1
13-08-2014,00:28:22.684,1.33664,1.33663,1,1
13-08-2014,00:28:23.251,1.33664,1.33662,1,3
13-08-2014,00:28:26.106,1.33663,1.33662,1.5,1
13-08-2014,00:28:26.258,1.33663,1.33661,1.5,1.25
13-08-2014,00:28:26.913,1.33663,1.33662,1.5,1
13-08-2014,00:28:28.891,1.33662,1.33661,1.5,1
13-08-2014,00:28:29.407,1.33663,1.33661,4.13,3
13-08-2014,00:28:30.652,1.33663,1.33662,2.25,1
13-08-2014,00:28:31.157,1.33664,1.33662,1,1.5
13-08-2014,00:28:33.659,1.33665,1.33662,3.94,1.5
13-08-2014,00:28:46.357,1.33665,1.33661,6.94,5.44
13-08-2014,00:28:51.389,1.33664,1.33661,1,3.94
13-08-2014,00:28:59.746,1.33663,1.33661,1,4.5
13-08-2014,00:29:09.673,1.33664,1.33661,1.5,4.69
13-08-2014,00:29:24.238,1.33664,1.33663,1,1
13-08-2014,00:29:24.541,1.33667,1.33665,1,6.19
13-08-2014,00:29:25.071,1.33668,1.33666,1.5,1.88
13-08-2014,00:29:25.800,1.33668,1.33667,1,1.13
13-08-2014,00:29:26.464,1.33669,1.33668,1,1
13-08-2014,00:29:27.107,1.33668,1.33667,1,1.88
13-08-2014,00:29:27.639,1.33669,1.33668,1,1
13-08-2014,00:29:28.510,1.33668,1.33667,1,1.88
13-08-2014,00:29:29.023,1.33669,1.33668,1.25,1
13-08-2014,00:29:30.665,1.33668,1.33667,1,1.88
13-08-2014,00:29:31.179,1.33669,1.33668,1,1
13-08-2014,00:29:32.619,1.33668,1.33667,1,1
13-08-2014,00:29:33.631,1.33667,1.33665,1,3.38
13-08-2014,00:29:34.137,1.33667,1.33664,1.25,3
13-08-2014,00:29:37.588,1.33666,1.33664,1,1.5
13-08-2014,00:29:38.093,1.33667,1.33664,3.94,1.5
13-08-2014,00:29:38.194,1.33665,1.33663,2.63,1.13
13-08-2014,00:29:38.698,1.33664,1.33662,1.5,1.25
13-08-2014,00:29:40.273,1.33664,1.33661,2.25,2.82
13-08-2014,00:29:40.895,1.33664,1.33662,2.25,1
13-08-2014,00:29:41.504,1.33664,1.33661,2.25,2.82
13-08-2014,00:29:42.016,1.33664,1.33662,2.25,1
13-08-2014,00:29:43.683,1.33664,1.33661,2.25,2.82
13-08-2014,00:29:44.223,1.33664,1.33662,2.25,1
13-08-2014,00:29:45.913,1.33664,1.33661,2.25,2.07
13-08-2014,00:29:46.485,1.33664,1.33662,2.25,1
13-08-2014,00:29:47.550,1.33664,1.33661,2.25,2.07
13-08-2014,00:29:48.063,1.33664,1.33662,2.25,1
13-08-2014,00:29:48.568,1.33664,1.33661,2.25,2.07
13-08-2014,00:29:49.072,1.33664,1.33662,2.25,1
13-08-2014,00:29:49.605,1.33664,1.33661,2.25,2.07
13-08-2014,00:29:50.166,1.33664,1.33662,2.25,1
13-08-2014,00:29:50.683,1.33664,1.33661,2.25,2.07
13-08-2014,00:29:51.249,1.33664,1.33662,2.25,1
13-08-2014,00:29:52.322,1.33664,1.33661,2.25,2.07
13-08-2014,00:29:52.855,1.33664,1.33662,2.25,1
13-08-2014,00:29:53.394,1.33664,1.33661,2.25,2.07
13-08-2014,00:29:53.898,1.33664,1.33662,2.25,1
13-08-2014,00:29:55.392,1.33664,1.33661,2.25,2.07
13-08-2014,00:29:55.902,1.33664,1.33662,2.25,1
13-08-2014,00:29:56.718,1.33664,1.33661,2.25,2.07
13-08-2014,00:29:57.244,1.33664,1.33662,2.25,1
13-08-2014,00:29:57.748,1.33664,1.33661,2.25,2.44
13-08-2014,00:30:00.271,1.33664,1.33662,1.5,1
13-08-2014,00:30:00.776,1.33665,1.33662,5.48,1
13-08-2014,00:30:01.281,1.33664,1.33662,1,1
13-08-2014,00:30:02.971,1.33665,1.33662,5.07,1
13-08-2014,00:30:03.502,1.33664,1.33662,1,1
13-08-2014,00:30:04.007,1.33665,1.33662,5.44,1
13-08-2014,00:30:04.688,1.33663,1.33662,1,1
13-08-2014,00:30:05.193,1.33663,1.33661,1.5,2.63
13-08-2014,00:30:05.648,1.33664,1.33662,1,1
13-08-2014,00:30:06.181,1.33663,1.33661,1,1.88
13-08-2014,00:30:16.301,1.33663,1.33662,1,1
13-08-2014,00:30:16.855,1.33663,1.33662,1.5,1
13-08-2014,00:30:19.950,1.33664,1.33662,1,1
13-08-2014,00:30:20.456,1.33663,1.33662,1,2.25
13-08-2014,00:30:24.936,1.33663,1.33662,1.5,2.25
13-08-2014,00:30:25.456,1.33663,1.33662,1,2.25
13-08-2014,00:30:27.412,1.33663,1.33662,1.5,2.25
13-08-2014,00:30:29.424,1.33664,1.33662,1,2.25
13-08-2014,00:30:29.936,1.33665,1.33662,4.54,2.25
13-08-2014,00:30:31.260,1.33665,1.33663,3,1
13-08-2014,00:30:33.872,1.33664,1.33662,1,1.25
13-08-2014,00:30:34.780,1.33665,1.33664,1,3
13-08-2014,00:30:35.085,1.33668,1.33666,3,1.5
13-08-2014,00:30:36.653,1.3367,1.33668,7.32,1
13-08-2014,00:30:36.805,1.3367,1.33668,2.82,1
13-08-2014,00:30:40.843,1.33671,1.33668,5.44,1.5
13-08-2014,00:30:41.371,1.3367,1.33668,1,1.5
13-08-2014,00:30:42.909,1.33671,1.33668,6.19,1.5
13-08-2014,00:30:43.428,1.3367,1.33668,2.07,1.5
13-08-2014,00:30:48.699,1.3367,1.33668,4.35,1
13-08-2014,00:30:49.483,1.3367,1.33668,1.5,1
13-08-2014,00:30:49.736,1.33671,1.33669,3,2.13
13-08-2014,00:30:50.090,1.33672,1.3367,1,4.69
13-08-2014,00:30:50.764,1.33672,1.33671,1,1
13-08-2014,00:30:51.250,1.33674,1.33672,4.5,1
13-08-2014,00:30:51.756,1.33674,1.33673,1,1
13-08-2014,00:30:53.500,1.33674,1.33672,1,4.5
13-08-2014,00:30:57.825,1.33674,1.33672,1.13,1.5
13-08-2014,00:30:58.028,1.33671,1.3367,1,1.5
13-08-2014,00:30:58.231,1.3367,1.33668,2.25,1.5
13-08-2014,00:30:58.282,1.33668,1.33667,2.25,1
13-08-2014,00:30:58.607,1.33667,1.33665,1,3.94
13-08-2014,00:31:00.314,1.33668,1.33667,1.5,1
13-08-2014,00:31:00.365,1.33668,1.33667,2.25,1
13-08-2014,00:31:01.031,1.33668,1.33666,1.5,4.13
13-08-2014,00:31:01.752,1.33668,1.33667,1.5,1
13-08-2014,00:31:02.369,1.33668,1.33666,1.5,4.13
13-08-2014,00:31:02.948,1.33668,1.33667,1.5,1
13-08-2014,00:31:03.471,1.33668,1.33666,1.5,4.13
13-08-2014,00:31:08.680,1.3367,1.33668,5.07,1
13-08-2014,00:31:08.932,1.33671,1.33668,1,6.94
13-08-2014,00:31:08.983,1.33671,1.3367,1,1
13-08-2014,00:31:09.488,1.33672,1.33671,2.25,2.25
13-08-2014,00:31:10.022,1.33672,1.33671,3,2.25
13-08-2014,00:31:10.224,1.3367,1.33669,1,1.13
13-08-2014,00:31:10.729,1.33671,1.33669,1.69,1
13-08-2014,00:31:14.851,1.3367,1.33669,2.25,1
13-08-2014,00:31:23.407,1.33672,1.33669,4.69,1
13-08-2014,00:31:23.863,1.33673,1.33671,1,2.5
13-08-2014,00:31:24.368,1.33672,1.3367,3.25,8.44
13-08-2014,00:31:35.478,1.33672,1.33671,1,3
13-08-2014,00:31:36.130,1.33671,1.33668,1,6.19
13-08-2014,00:31:36.383,1.3367,1.33668,1,1.25
13-08-2014,00:31:43.292,1.3367,1.33669,1,1
13-08-2014,00:31:49.673,1.33671,1.33669,6,1
13-08-2014,00:31:51.567,1.3367,1.33669,1,1
13-08-2014,00:31:58.175,1.3367,1.33668,1,1
13-08-2014,00:32:09.587,1.3367,1.33667,1,4.5
13-08-2014,00:32:11.402,1.33669,1.33667,1,3.75
13-08-2014,00:32:11.554,1.33668,1.33667,1,1
13-08-2014,00:32:11.973,1.33667,1.33665,1,3.38
13-08-2014,00:32:59.280,1.33666,1.33664,1,1.5
13-08-2014,00:33:00.759,1.33665,1.33663,1,1
13-08-2014,00:33:23.327,1.33665,1.33663,1,3.94
13-08-2014,00:33:24.314,1.33665,1.33663,1,3.19
13-08-2014,00:33:30.819,1.33666,1.33663,1.5,3.19
13-08-2014,00:33:32.436,1.33666,1.33663,1,4.69
13-08-2014,00:33:35.783,1.33666,1.33663,1,2.44
13-08-2014,00:33:42.414,1.33666,1.33663,1,3.19
13-08-2014,00:33:45.512,1.33666,1.33663,1,2.44
13-08-2014,00:34:28.699,1.33666,1.33662,3.75,5.25
13-08-2014,00:34:31.248,1.33666,1.33663,3.19,1
13-08-2014,00:34:51.101,1.33666,1.33662,3.94,7.69
13-08-2014,00:34:52.262,1.33665,1.33662,1,4.69
13-08-2014,00:35:05.391,1.33664,1.33662,1,1
13-08-2014,00:35:05.801,1.33663,1.33661,1,6.19
13-08-2014,00:35:06.509,1.33664,1.33662,1,1.25
13-08-2014,00:35:06.610,1.33663,1.33661,1,6.75
13-08-2014,00:35:07.121,1.33663,1.33662,1,1.25
13-08-2014,00:35:07.525,1.33665,1.33662,3,1.25
13-08-2014,00:35:07.626,1.33663,1.33661,1,7.5
13-08-2014,00:35:09.240,1.33665,1.33662,2.44,1
13-08-2014,00:35:09.341,1.33663,1.33661,1,5.44
13-08-2014,00:35:09.845,1.33663,1.33662,1,1
13-08-2014,00:35:10.349,1.33665,1.33662,3.19,1
13-08-2014,00:35:23.743,1.33664,1.33661,1,7.69
13-08-2014,00:35:36.062,1.33663,1.33661,1,7.69
13-08-2014,00:35:46.444,1.33663,1.33661,1,6.94
13-08-2014,00:36:00.482,1.33663,1.33661,1,7.69
13-08-2014,00:36:04.893,1.33666,1.33662,1.69,3.57
13-08-2014,00:36:05.398,1.33666,1.33663,1,1.5
13-08-2014,00:36:06.154,1.33666,1.33663,1,3.19
13-08-2014,00:36:09.021,1.33665,1.33662,1.88,6.19
13-08-2014,00:36:09.693,1.33665,1.33662,1.88,3.57
13-08-2014,00:36:13.983,1.33665,1.33662,1.88,3.57
13-08-2014,00:36:17.020,1.33666,1.33663,1.5,2.44
13-08-2014,00:36:34.139,1.33665,1.33663,1,3.19
13-08-2014,00:36:41.156,1.33665,1.33662,1,3.94
13-08-2014,00:36:46.150,1.33665,1.33662,1,4.69
13-08-2014,00:36:48.164,1.33665,1.33662,1,3.75
13-08-2014,00:36:53.145,1.33665,1.33662,1,4.69
13-08-2014,00:37:04.207,1.33665,1.33662,1.5,2.44
13-08-2014,00:37:06.222,1.33665,1.33662,1.5,3.19
13-08-2014,00:37:08.004,1.33665,1.33664,1.5,1.25
13-08-2014,00:37:08.509,1.33665,1.33663,1.5,1.69
13-08-2014,00:37:09.215,1.33665,1.33663,1,3.19
13-08-2014,00:37:13.200,1.33665,1.33663,1,1.69
13-08-2014,00:37:26.334,1.33665,1.33663,1.5,3.19
13-08-2014,00:37:32.344,1.33665,1.33663,1.5,1.25
13-08-2014,00:37:34.338,1.33665,1.33663,1.5,3.19
13-08-2014,00:37:36.023,1.33665,1.33663,1.5,1.25
13-08-2014,00:37:57.385,1.33665,1.33662,1,3.19
13-08-2014,00:38:03.423,1.33665,1.33662,1.5,5.44
13-08-2014,00:38:11.362,1.33665,1.33662,1.5,4.69
13-08-2014,00:38:13.430,1.33665,1.33662,1.5,4.69
13-08-2014,00:38:14.871,1.33665,1.33662,1.5,5.44
13-08-2014,00:38:17.399,1.33665,1.33662,2.25,3.94
13-08-2014,00:38:18.423,1.33665,1.33662,2.25,3.19
13-08-2014,00:38:20.415,1.33665,1.33662,2.25,3.94
13-08-2014,00:38:21.396,1.33665,1.33662,2.25,3.19
13-08-2014,00:38:22.398,1.33665,1.33662,2.25,3.94
13-08-2014,00:38:25.430,1.33665,1.33662,2.25,2.44
13-08-2014,00:38:35.490,1.33665,1.33662,2.25,3.94
13-08-2014,00:38:36.489,1.33665,1.33662,2.25,2.25
13-08-2014,00:38:37.458,1.33665,1.33662,1.5,5.44
13-08-2014,00:38:39.383,1.33664,1.33662,1,4.69
13-08-2014,00:38:40.020,1.33664,1.33662,1,3.94
13-08-2014,00:38:55.310,1.33664,1.33662,1,3.94
13-08-2014,00:38:55.814,1.33664,1.33662,1,3.19
13-08-2014,00:38:56.629,1.33664,1.33662,1,3.94
13-08-2014,00:38:57.173,1.33664,1.33662,1,3
13-08-2014,00:38:59.503,1.33665,1.33662,1,2.44
13-08-2014,00:39:03.617,1.33665,1.33662,1,3.19
13-08-2014,00:39:05.683,1.33665,1.33662,1,2.44
13-08-2014,00:39:06.197,1.33665,1.33662,1,2.44
13-08-2014,00:39:06.738,1.33665,1.33662,1,1.69
13-08-2014,00:39:09.201,1.33665,1.33662,1,2.44
13-08-2014,00:39:20.706,1.33665,1.33662,1,1.69
13-08-2014,00:39:23.314,1.33665,1.33662,1,2.44
13-08-2014,00:39:24.765,1.33665,1.33662,1,1.69
13-08-2014,00:39:40.182,1.33665,1.33663,1,1.5
13-08-2014,00:39:58.461,1.33666,1.33663,1.5,1.5
13-08-2014,00:40:01.615,1.33665,1.33663,1,1.5
13-08-2014,00:40:40.198,1.33665,1.33662,1,1.5
13-08-2014,00:40:45.008,1.33665,1.33662,1,3.94
13-08-2014,00:40:46.014,1.33665,1.33662,1,3.19
13-08-2014,00:40:50.303,1.33664,1.33662,1,3.19
13-08-2014,00:40:51.095,1.33664,1.33662,1,3.94
13-08-2014,00:40:54.122,1.33664,1.33662,1,3.19
13-08-2014,00:41:16.515,1.33663,1.33661,1,4.69
13-08-2014,00:41:16.878,1.33662,1.3366,1,5.07
13-08-2014,00:41:17.233,1.33661,1.3366,1,2.63
13-08-2014,00:41:17.749,1.33663,1.33661,1.5,1.5
13-08-2014,00:41:18.545,1.33661,1.3366,1.5,3.38
13-08-2014,00:41:19.054,1.33663,1.33661,1.5,1.5
13-08-2014,00:41:20.029,1.33662,1.33659,2.69,6
13-08-2014,00:41:20.130,1.3366,1.33659,1,1
13-08-2014,00:41:20.232,1.3366,1.33657,1,2.44
13-08-2014,00:41:20.535,1.33661,1.3366,1,3
13-08-2014,00:41:20.593,1.33662,1.3366,1.5,4.5
13-08-2014,00:41:56.924,1.33661,1.3366,1,1.69
13-08-2014,00:41:57.076,1.33663,1.33661,2.25,3
13-08-2014,00:41:57.177,1.33661,1.33659,3,1.5
13-08-2014,00:41:57.228,1.33661,1.33658,3,3.75
13-08-2014,00:41:57.330,1.33659,1.33658,1,1.24
13-08-2014,00:41:57.611,1.33659,1.33656,1,3.19
13-08-2014,00:41:59.098,1.3366,1.33656,4.69,3.94
13-08-2014,00:41:59.603,1.33659,1.33656,1,4.69
13-08-2014,00:42:04.882,1.3366,1.33657,4.5,1.25
13-08-2014,00:42:16.992,1.3366,1.33656,6.19,4.69
13-08-2014,00:42:24.174,1.33659,1.33656,1,3.94
13-08-2014,00:42:24.883,1.33658,1.33656,1,1.69
13-08-2014,00:42:25.395,1.33657,1.33656,1,1.5
13-08-2014,00:42:39.209,1.33657,1.33655,1,1
13-08-2014,00:42:43.716,1.33658,1.33655,1.69,1.5
13-08-2014,00:43:18.670,1.33657,1.33655,1,2.25
13-08-2014,00:43:18.772,1.33654,1.33651,5.25,9
13-08-2014,00:43:18.924,1.33651,1.33649,1,1.13
13-08-2014,00:43:19.076,1.33649,1.33648,1.5,1.01
13-08-2014,00:43:19.431,1.33648,1.33646,1,1.5
13-08-2014,00:43:19.634,1.33647,1.33645,1,2.25
13-08-2014,00:43:20.290,1.33646,1.33645,1,1.54
13-08-2014,00:43:21.046,1.33646,1.33644,1,4.54
13-08-2014,00:43:21.554,1.33646,1.33645,1,1.05
13-08-2014,00:43:23.559,1.33646,1.33644,2.5,1.69
13-08-2014,00:43:25.226,1.33645,1.33644,1,3.04
13-08-2014,00:43:25.969,1.33646,1.33645,1.5,1.05
13-08-2014,00:43:26.773,1.33646,1.33644,2.5,3.04
13-08-2014,00:43:27.333,1.33646,1.33645,1.5,1.05
13-08-2014,00:43:28.403,1.33646,1.33644,2.5,3.23
13-08-2014,00:43:28.962,1.33646,1.33645,1.5,1.05
13-08-2014,00:43:30.034,1.33646,1.33644,2.5,3.23
13-08-2014,00:43:30.590,1.33646,1.33645,1.5,1.05
13-08-2014,00:43:31.456,1.33646,1.33644,2.5,3.23
13-08-2014,00:43:32.102,1.33646,1.33645,1,1.05
13-08-2014,00:43:32.818,1.33646,1.33644,1,3.23
13-08-2014,00:43:33.382,1.33646,1.33645,1,1.05
13-08-2014,00:43:33.952,1.33646,1.33644,1,3.23
13-08-2014,00:43:34.455,1.33646,1.33645,1,1.05
13-08-2014,00:43:34.968,1.33646,1.33644,1,3.23
13-08-2014,00:43:35.508,1.33646,1.33645,1,1.05
13-08-2014,00:43:37.203,1.33646,1.33645,1,2.29
13-08-2014,00:43:37.707,1.33647,1.33646,1.5,1
13-08-2014,00:43:40.984,1.33647,1.33645,2.5,3.23
13-08-2014,00:43:41.085,1.33646,1.33644,1,3.57
13-08-2014,00:43:42.021,1.33646,1.33643,3,2.44
13-08-2014,00:43:44.219,1.33646,1.33644,2.25,1
13-08-2014,00:43:50.063,1.33646,1.33643,3.38,2.44
13-08-2014,00:43:52.169,1.33646,1.33642,5.63,5.44
13-08-2014,00:43:54.041,1.33646,1.33642,5.63,6.19
13-08-2014,00:43:55.043,1.33646,1.33642,5.82,5.44
13-08-2014,00:43:56.560,1.33646,1.33643,4.32,1
13-08-2014,00:43:56.712,1.33643,1.33642,1,2.25
13-08-2014,00:43:56.865,1.33643,1.3364,5.25,1.13
13-08-2014,00:43:58.385,1.33643,1.33641,1.13,1.25
13-08-2014,00:43:58.890,1.33643,1.33642,1,1
13-08-2014,00:44:00.303,1.33644,1.33643,1,1
13-08-2014,00:44:06.903,1.33643,1.33642,2.25,1
13-08-2014,00:44:07.408,1.33643,1.33641,3,1
13-08-2014,00:44:15.626,1.33644,1.33641,3,2.44
13-08-2014,00:44:16.297,1.33643,1.33641,1,3.94
13-08-2014,00:44:28.212,1.33643,1.3364,3.19,1.88
13-08-2014,00:44:28.768,1.33643,1.33641,1,3.75
13-08-2014,00:44:53.838,1.33643,1.3364,1,4.5
13-08-2014,00:44:54.493,1.33642,1.3364,1,4.13
13-08-2014,00:44:55.920,1.33643,1.3364,2.25,4.13
13-08-2014,00:44:57.136,1.33642,1.3364,1,3.38
13-08-2014,00:45:04.397,1.33642,1.33638,3.94,4.69
13-08-2014,00:45:04.599,1.33641,1.3364,1,1
13-08-2014,00:45:05.054,1.33643,1.33641,1.5,3
13-08-2014,00:45:15.601,1.33644,1.33641,3,6.19
13-08-2014,00:45:19.605,1.33644,1.33642,1.25,1
13-08-2014,00:45:20.723,1.33644,1.33642,3.75,1
13-08-2014,00:45:21.177,1.33644,1.3364,3.75,5.63
13-08-2014,00:45:21.379,1.33644,1.33642,1,1
13-08-2014,00:45:21.921,1.33644,1.33643,1,1
13-08-2014,00:45:25.188,1.33645,1.33643,1.5,1
13-08-2014,00:45:31.167,1.33644,1.33642,1,2.82
13-08-2014,00:45:34.890,1.33644,1.33643,1.5,1
13-08-2014,00:45:35.193,1.33646,1.33644,1.5,1.6
13-08-2014,00:45:35.294,1.33647,1.33644,3.19,1
13-08-2014,00:45:35.800,1.33647,1.33644,2.44,2.1
13-08-2014,00:45:38.688,1.33646,1.33645,1,1.73
13-08-2014,00:45:41.910,1.33647,1.33644,2.44,1.5
13-08-2014,00:45:42.420,1.33647,1.33644,2.44,1.5
13-08-2014,00:45:43.180,1.33647,1.33644,2.44,2.1
13-08-2014,00:45:43.697,1.33647,1.33644,2.44,2.1
13-08-2014,00:45:44.206,1.33647,1.33644,2.44,2.85
13-08-2014,00:45:44.756,1.33647,1.33644,2.44,2.85
13-08-2014,00:45:45.279,1.33647,1.33645,2.25,1.3
13-08-2014,00:45:47.478,1.33647,1.33644,2.25,2.29
13-08-2014,00:45:47.987,1.33647,1.33644,2.25,1.85
13-08-2014,00:45:48.500,1.33647,1.33644,2.25,1.25
13-08-2014,00:45:50.138,1.33647,1.33643,3.19,3.94
13-08-2014,00:45:52.323,1.33644,1.33641,3.38,8.25
13-08-2014,00:45:52.778,1.33644,1.33641,2.44,1
13-08-2014,00:45:53.031,1.33645,1.33643,4.32,1
13-08-2014,00:45:53.586,1.33646,1.33642,3.94,3.94
13-08-2014,00:45:57.902,1.33645,1.33642,1,3.94
13-08-2014,00:45:58.406,1.33644,1.33641,3.19,1
13-08-2014,00:45:59.113,1.33644,1.33642,3.94,1
13-08-2014,00:46:01.067,1.33643,1.33642,1,1
13-08-2014,00:46:03.156,1.33643,1.3364,1,4.5
13-08-2014,00:46:03.661,1.33643,1.33641,1,1
13-08-2014,00:46:04.173,1.33644,1.33641,5.18,1
13-08-2014,00:46:22.764,1.33644,1.33642,1.5,2.25
13-08-2014,00:46:22.865,1.33645,1.33644,1,1
13-08-2014,00:46:23.068,1.33646,1.33644,2.63,1
13-08-2014,00:46:23.575,1.33646,1.33643,2.63,2.25
13-08-2014,00:46:25.218,1.33646,1.33643,3.94,1.69
13-08-2014,00:46:27.425,1.33646,1.33643,3.57,1.69
13-08-2014,00:46:28.347,1.33646,1.33643,3.57,1.69
13-08-2014,00:46:28.852,1.33646,1.33643,3.57,1.69
13-08-2014,00:46:29.591,1.33646,1.33643,3.57,1.69
13-08-2014,00:46:30.130,1.33646,1.33643,3.57,1.69
13-08-2014,00:46:30.643,1.33646,1.33643,3.57,1.69
13-08-2014,00:46:31.819,1.33646,1.33643,3.75,1.5
13-08-2014,00:46:32.329,1.33646,1.33643,3.75,1.5
13-08-2014,00:46:32.948,1.33646,1.33643,3.19,1.5
13-08-2014,00:46:33.456,1.33646,1.33643,3.75,1.5
13-08-2014,00:46:35.439,1.33646,1.33643,4.32,1.5
13-08-2014,00:46:35.963,1.33646,1.33643,4.32,1.5
13-08-2014,00:46:36.320,1.33643,1.33642,1,1.5
13-08-2014,00:46:36.472,1.33643,1.3364,4.5,3.19
13-08-2014,00:46:36.977,1.33643,1.33641,1.5,1
13-08-2014,00:46:38.009,1.33643,1.3364,1.5,1.5
13-08-2014,00:46:38.674,1.33643,1.33641,1.5,1.5
13-08-2014,00:46:38.825,1.33645,1.33641,9,5.25
13-08-2014,00:46:47.499,1.33645,1.33641,8.25,3
13-08-2014,00:46:48.760,1.33645,1.33641,7.69,3
13-08-2014,00:46:59.084,1.33645,1.33642,8.18,1
13-08-2014,00:46:59.286,1.33646,1.33644,1,1
13-08-2014,00:46:59.599,1.33647,1.33644,5.44,1
13-08-2014,00:47:02.564,1.33646,1.33644,1,1
13-08-2014,00:47:03.078,1.33647,1.33644,4.69,1
13-08-2014,00:47:06.195,1.33647,1.33645,3.19,1
13-08-2014,00:47:20.165,1.33646,1.33645,1,1
13-08-2014,00:47:40.166,1.33646,1.33644,1,1
13-08-2014,00:47:59.989,1.33645,1.33644,1.5,1.5
13-08-2014,00:48:06.579,1.33647,1.33645,2.07,1
13-08-2014,00:48:07.801,1.33647,1.33645,1.32,1
13-08-2014,00:48:28.181,1.33646,1.33645,1.5,2.25
13-08-2014,00:48:33.621,1.33646,1.33644,1.5,2.44
13-08-2014,00:48:49.244,1.33647,1.33644,2.82,1.5
13-08-2014,00:48:51.359,1.33647,1.33645,2.44,1
13-08-2014,00:49:18.054,1.33647,1.33644,3,3.19
13-08-2014,00:49:19.755,1.33647,1.33645,3.19,1
13-08-2014,00:49:30.123,1.33646,1.33645,1,1
13-08-2014,00:49:35.884,1.33646,1.33644,1,2.25
13-08-2014,00:49:43.825,1.33646,1.33645,1,1
13-08-2014,00:49:51.229,1.33647,1.33645,2.63,1
13-08-2014,00:50:11.843,1.33647,1.33645,2.82,1
13-08-2014,00:50:12.347,1.33646,1.33645,1.5,1
13-08-2014,00:50:12.449,1.33644,1.33642,1.5,4.69
13-08-2014,00:50:12.875,1.33644,1.33641,4.35,2.25
13-08-2014,00:50:13.380,1.33644,1.33642,5.25,1
13-08-2014,00:50:13.885,1.33644,1.33643,3,1
13-08-2014,00:50:50.814,1.33644,1.33642,1.5,1.25
13-08-2014,00:50:51.117,1.33645,1.33644,3,1
13-08-2014,00:50:51.622,1.33645,1.33643,1,3.19
13-08-2014,00:50:54.130,1.33646,1.33643,3,3.19
13-08-2014,00:51:09.015,1.33645,1.33643,1,2.25
13-08-2014,00:51:09.318,1.33643,1.33641,5.25,2.25
13-08-2014,00:51:10.610,1.33643,1.33641,2.25,1.5
13-08-2014,00:51:10.813,1.33645,1.33643,3,1.5
13-08-2014,00:51:11.336,1.33646,1.33644,1.5,1
13-08-2014,00:51:11.848,1.33647,1.33644,2.07,1.5
13-08-2014,00:51:12.358,1.33647,1.33645,1.69,1
13-08-2014,00:51:39.565,1.33647,1.33644,1.69,2.63
13-08-2014,00:51:47.887,1.33646,1.33644,1,1.69
13-08-2014,00:51:48.393,1.33645,1.33644,3,1
13-08-2014,00:51:48.747,1.33644,1.33641,4.01,6
13-08-2014,00:51:49.101,1.33643,1.33641,2.25,3
13-08-2014,00:51:49.202,1.33643,1.3364,4.75,2.07
13-08-2014,00:51:49.707,1.33644,1.33642,2.25,1
13-08-2014,00:51:52.414,1.33643,1.33641,1.5,2.25
13-08-2014,00:51:54.879,1.33642,1.33641,1,1
13-08-2014,00:51:55.384,1.33642,1.3364,1,1
13-08-2014,00:52:00.854,1.33642,1.33641,1,1
13-08-2014,00:52:01.108,1.33644,1.33642,1,3.25
13-08-2014,00:52:01.623,1.33643,1.33642,1.5,2.25
13-08-2014,00:52:01.926,1.33643,1.33642,1.5,1.5
13-08-2014,00:52:03.347,1.33644,1.33642,2.25,1
13-08-2014,00:52:03.852,1.33644,1.33642,1.5,1
13-08-2014,00:52:05.196,1.33645,1.33643,3.94,1.5
13-08-2014,00:52:05.769,1.33644,1.33642,1.5,1
13-08-2014,00:52:07.244,1.33645,1.33643,4.32,1.5
13-08-2014,00:52:07.752,1.33644,1.33642,1.5,2.25
13-08-2014,00:52:09.212,1.33644,1.33643,2.25,1
13-08-2014,00:52:09.723,1.33644,1.33642,1.5,2.25
13-08-2014,00:52:10.235,1.33644,1.33643,2.25,1
13-08-2014,00:52:10.759,1.33644,1.33642,1.5,2.25
13-08-2014,00:52:11.979,1.33643,1.33642,3,1
13-08-2014,00:52:12.231,1.33642,1.33641,1,1
13-08-2014,00:52:12.754,1.33643,1.33641,4.43,1
13-08-2014,00:52:13.267,1.33643,1.33642,3,2.25
13-08-2014,00:52:13.790,1.33643,1.33642,3,2.25
13-08-2014,00:52:17.493,1.33644,1.33643,3.57,1
13-08-2014,00:52:18.006,1.33645,1.33644,3,1
13-08-2014,00:52:21.253,1.33646,1.33644,2.55,1
13-08-2014,00:52:23.644,1.33645,1.33644,1.5,1.5
13-08-2014,00:52:41.904,1.33645,1.33643,2.5,1.69
13-08-2014,00:52:42.410,1.33644,1.33642,6.04,1
13-08-2014,00:52:42.915,1.33643,1.33642,4.8,1.5
13-08-2014,00:52:43.319,1.33646,1.33643,10.8,1
13-08-2014,00:52:43.835,1.33645,1.33644,1.5,1
13-08-2014,00:52:47.832,1.33646,1.33645,1,1
13-08-2014,00:52:48.351,1.33647,1.33645,3.57,1
13-08-2014,00:52:53.873,1.33647,1.33644,4.5,2.44
13-08-2014,00:52:59.683,1.33647,1.33645,3.94,1
13-08-2014,00:53:04.240,1.33648,1.33646,2.25,1
13-08-2014,00:53:04.543,1.3365,1.33647,6.68,1.5
13-08-2014,00:53:04.594,1.3365,1.33647,4.43,2.25
13-08-2014,00:53:04.796,1.33652,1.3365,1.25,1
13-08-2014,00:53:04.897,1.33652,1.33651,3,1
13-08-2014,00:53:05.489,1.33652,1.3365,3,1.5
13-08-2014,00:53:13.457,1.33653,1.33651,2.18,1.5
13-08-2014,00:53:13.608,1.33654,1.33652,4.13,1
13-08-2014,00:53:14.013,1.33654,1.33653,1.5,1
13-08-2014,00:53:14.215,1.33655,1.33653,1.13,1.5
13-08-2014,00:53:14.885,1.33656,1.33654,3,1
13-08-2014,00:53:15.400,1.33656,1.33654,3,1
13-08-2014,00:53:15.451,1.33656,1.33653,2.25,2.25
13-08-2014,00:53:20.681,1.33655,1.33653,1,1.69
13-08-2014,00:53:20.984,1.33653,1.33652,1.5,2.25
13-08-2014,00:53:21.135,1.33653,1.3365,3.19,4.5
13-08-2014,00:53:33.429,1.33652,1.3365,1,3
13-08-2014,00:53:33.681,1.33651,1.33648,1.5,4.69
13-08-2014,00:53:33.783,1.33651,1.3365,1.5,1
13-08-2014,00:53:40.555,1.33651,1.33649,2.07,1.5
13-08-2014,00:53:55.089,1.3365,1.33648,1,2.25
13-08-2014,00:53:55.602,1.33649,1.33648,1,1
13-08-2014,00:54:16.636,1.33649,1.33647,1,1
13-08-2014,00:54:17.156,1.33649,1.33648,1,1
13-08-2014,00:54:18.064,1.33649,1.33647,1,1.5
13-08-2014,00:54:42.670,1.3365,1.33648,5.07,1
13-08-2014,00:54:43.183,1.3365,1.33649,3,1
13-08-2014,00:54:48.804,1.3365,1.33647,3,5.25
13-08-2014,00:54:49.318,1.33649,1.33647,3,1
13-08-2014,00:54:49.836,1.33649,1.33648,2.25,1
13-08-2014,00:54:50.711,1.3365,1.33648,4.69,1
13-08-2014,00:54:51.655,1.33649,1.33648,1,1
13-08-2014,00:54:52.160,1.3365,1.33648,4.69,1
13-08-2014,00:54:57.532,1.33649,1.33648,1.5,1
13-08-2014,00:55:00.099,1.33648,1.33646,2.25,1.5
13-08-2014,00:55:00.307,1.33647,1.33646,2.25,1
13-08-2014,00:55:00.461,1.33646,1.33644,1.5,1.25
13-08-2014,00:55:01.182,1.33646,1.33645,1.5,1
13-08-2014,00:55:01.695,1.33645,1.33641,3.75,3
13-08-2014,00:55:02.199,1.33643,1.33641,1,3.94
13-08-2014,00:55:02.957,1.33644,1.33641,3.19,2.25
13-08-2014,00:55:04.018,1.33644,1.33642,2.82,1
13-08-2014,00:55:04.893,1.33644,1.33642,1.25,2.25
13-08-2014,00:55:05.349,1.33648,1.33645,2.44,2.25
13-08-2014,00:55:07.064,1.33648,1.33646,1,1
13-08-2014,00:55:09.824,1.33648,1.33645,1.5,4.69
13-08-2014,00:55:17.702,1.33647,1.33645,1,2.25
13-08-2014,00:55:21.650,1.33648,1.33646,2.44,1
13-08-2014,00:55:22.177,1.33648,1.33646,2.44,1
13-08-2014,00:55:23.495,1.33648,1.33646,2.25,1
13-08-2014,00:55:27.539,1.33648,1.33645,2.44,3
13-08-2014,00:55:49.350,1.33648,1.33646,1,1.5
13-08-2014,00:55:49.653,1.33649,1.33648,3,1
13-08-2014,00:55:51.768,1.33649,1.33648,1.5,2.25
13-08-2014,00:55:51.971,1.33655,1.33653,2.63,1
13-08-2014,00:55:52.254,1.33657,1.33655,2.44,1
13-08-2014,00:56:00.485,1.33656,1.33655,1,1.5
13-08-2014,00:56:03.000,1.33657,1.33655,2.44,1.5
13-08-2014,00:56:04.018,1.33656,1.33655,1,1.5
13-08-2014,00:56:04.120,1.33655,1.33654,1.5,1
13-08-2014,00:56:04.221,1.33653,1.33652,1.5,1.88
13-08-2014,00:56:04.373,1.33653,1.33651,4.35,2.25
13-08-2014,00:56:05.283,1.33653,1.33652,3.75,1
13-08-2014,00:56:06.840,1.33654,1.33652,2.74,1
13-08-2014,00:56:15.403,1.33653,1.33652,4.5,1.5
13-08-2014,00:56:15.931,1.33653,1.33652,4.5,1.5
13-08-2014,00:56:16.441,1.33653,1.33652,4.5,1.5
13-08-2014,00:56:17.365,1.33654,1.33652,1,6.94
13-08-2014,00:56:17.516,1.33655,1.33654,3,1.5
13-08-2014,00:56:17.617,1.33657,1.33655,1.88,1
13-08-2014,00:56:26.673,1.33656,1.33655,1.5,1
13-08-2014,00:56:27.177,1.33657,1.33655,3,1.5
13-08-2014,00:56:27.530,1.33658,1.33656,1.5,1.5
13-08-2014,00:56:27.581,1.33659,1.33657,3.75,1.5
13-08-2014,00:56:30.269,1.3366,1.33658,2.07,1
13-08-2014,00:56:30.522,1.33661,1.33659,3,2.25
13-08-2014,00:56:30.573,1.33662,1.3366,4.69,1
13-08-2014,00:56:31.078,1.33662,1.3366,1.69,1.5
13-08-2014,00:56:41.350,1.33662,1.33659,2.44,4.5
13-08-2014,00:56:41.889,1.33662,1.3366,2.25,1
13-08-2014,00:56:42.581,1.33662,1.33659,2.25,4.69
13-08-2014,00:56:43.110,1.33662,1.3366,2.25,1
13-08-2014,00:56:43.671,1.33662,1.33659,2.25,3.94
13-08-2014,00:56:44.209,1.33662,1.3366,2.25,1
13-08-2014,00:56:44.932,1.33662,1.33659,2.25,3.94
13-08-2014,00:56:45.548,1.33662,1.3366,2.44,1
13-08-2014,00:56:46.780,1.33662,1.33659,2.44,4.5
13-08-2014,00:56:47.287,1.33662,1.3366,2.44,1
13-08-2014,00:56:48.207,1.33662,1.33659,2.44,3.75
13-08-2014,00:56:48.712,1.33662,1.3366,2.44,1.5
13-08-2014,00:56:50.440,1.33662,1.33659,2.44,6.38
13-08-2014,00:56:50.974,1.33662,1.3366,2.44,1
13-08-2014,00:56:54.373,1.33662,1.33661,1,1
13-08-2014,00:56:54.424,1.33664,1.33661,7.5,4.32
13-08-2014,00:56:54.631,1.33666,1.33664,3.38,1.5
13-08-2014,00:56:55.036,1.33666,1.33662,3.25,5.63
13-08-2014,00:56:55.137,1.33663,1.33662,1,1
13-08-2014,00:56:55.441,1.33662,1.3366,2.25,3.23
13-08-2014,00:56:56.349,1.33662,1.33659,3.75,7.69
13-08-2014,00:56:56.858,1.33662,1.3366,3.75,1
13-08-2014,00:56:57.372,1.33662,1.33659,3.75,4.69
13-08-2014,00:57:03.764,1.33662,1.3366,4.5,1.5
13-08-2014,00:57:04.867,1.33662,1.33659,4.5,3.75
13-08-2014,00:57:05.406,1.33662,1.3366,3.75,1
13-08-2014,00:57:09.394,1.33662,1.33659,3.75,4.69
13-08-2014,00:57:09.899,1.33662,1.3366,3.75,1
13-08-2014,00:57:11.874,1.33662,1.33659,3.75,3.75
13-08-2014,00:57:12.385,1.33662,1.3366,3.75,1.5
13-08-2014,00:57:15.197,1.33662,1.33659,3.75,3.94
13-08-2014,00:57:15.741,1.33662,1.3366,3.94,1
13-08-2014,00:58:21.007,1.33663,1.3366,6.94,1.5
13-08-2014,00:58:30.613,1.33663,1.3366,7.69,1.5
13-08-2014,00:58:33.449,1.33663,1.3366,3.19,1.5
13-08-2014,00:58:38.146,1.33662,1.3366,1,1.5
13-08-2014,00:58:58.990,1.33662,1.3366,3.94,1
13-08-2014,00:59:00.989,1.33662,1.3366,1.5,1
13-08-2014,00:59:02.981,1.33662,1.3366,2.44,1
13-08-2014,00:59:03.965,1.33662,1.3366,1.69,1
13-08-2014,00:59:05.964,1.33662,1.3366,2.44,1.5
13-08-2014,00:59:09.032,1.33662,1.3366,1.5,1.5
13-08-2014,00:59:18.033,1.33662,1.3366,3.94,1
13-08-2014,00:59:19.030,1.33662,1.3366,3.19,1
13-08-2014,00:59:20.222,1.33662,1.33661,1.25,1
13-08-2014,00:59:20.378,1.33664,1.33662,1.5,6.23
13-08-2014,00:59:20.682,1.33666,1.33665,1,1.5
13-08-2014,00:59:21.188,1.33666,1.33664,1,3
13-08-2014,00:59:21.759,1.33665,1.33664,1,1.5
13-08-2014,00:59:25.334,1.33665,1.33664,3,1
13-08-2014,00:59:25.638,1.33663,1.33662,4.5,1.69
13-08-2014,00:59:26.143,1.33663,1.33662,5.25,1.5
13-08-2014,00:59:31.730,1.33664,1.33661,9.04,1.88
13-08-2014,00:59:32.240,1.33663,1.33662,1.25,1
13-08-2014,00:59:33.483,1.33664,1.33661,6.19,1.88
13-08-2014,00:59:34.021,1.33663,1.33662,1,1
13-08-2014,00:59:34.683,1.33663,1.33661,1,1.88
13-08-2014,00:59:35.299,1.33663,1.33662,2.25,1
13-08-2014,00:59:37.265,1.33664,1.33661,6.75,1.88
13-08-2014,00:59:37.778,1.33663,1.33661,3,1.88
13-08-2014,00:59:38.315,1.33663,1.33662,3,1.5
13-08-2014,00:59:42.324,1.33664,1.33662,7.69,1
13-08-2014,00:59:42.840,1.33663,1.33662,3,1.5
13-08-2014,00:59:42.947,1.33665,1.33662,1.5,3
13-08-2014,00:59:43.048,1.33665,1.33664,1.5,1.5
13-08-2014,00:59:43.151,1.33667,1.33664,2.25,3.75
13-08-2014,00:59:43.926,1.33667,1.33665,1.25,1
13-08-2014,00:59:47.735,1.33666,1.33664,1,5.25
13-08-2014,00:59:49.724,1.33666,1.33665,1,1
13-08-2014,00:59:50.241,1.33667,1.33666,1,1.5
13-08-2014,00:59:51.504,1.33667,1.33665,1,1.95
13-08-2014,00:59:57.735,1.33666,1.33664,1,3.94
13-08-2014,00:59:57.840,1.33666,1.33664,1,4.5
13-08-2014,00:59:58.543,1.33664,1.33663,3,2.25
13-08-2014,00:59:58.695,1.33663,1.33662,2.25,1
13-08-2014,00:59:59.210,1.33663,1.33662,3.75,1
13-08-2014,00:59:59.741,1.33663,1.33662,4.5,1
13-08-2014,01:00:00.409,1.33663,1.33661,2.25,1.88
13-08-2014,01:00:00.925,1.33662,1.33661,1,1.13
13-08-2014,01:00:01.442,1.33663,1.33661,5.44,1
13-08-2014,01:00:01.958,1.33662,1.33661,1,1.13
13-08-2014,01:00:02.469,1.33663,1.33661,5.44,1
13-08-2014,01:00:03.030,1.33662,1.3366,1,2.7
13-08-2014,01:00:04.686,1.33662,1.3366,1,3.45
13-08-2014,01:00:22.498,1.33663,1.3366,5.07,4.58
13-08-2014,01:00:23.298,1.33662,1.3366,1,6.08
13-08-2014,01:00:23.826,1.33663,1.33661,6.57,1
13-08-2014,01:00:24.701,1.33662,1.3366,1,4.88
13-08-2014,01:00:25.205,1.33663,1.33661,6.57,1
13-08-2014,01:00:25.924,1.33662,1.3366,1,4.58
13-08-2014,01:00:26.428,1.33663,1.33661,6.57,1
13-08-2014,01:00:27.241,1.33661,1.3366,1,3
13-08-2014,01:00:27.871,1.33663,1.33661,6.19,1
13-08-2014,01:00:29.504,1.33662,1.3366,1,4.58
13-08-2014,01:00:30.035,1.33663,1.33661,6.19,1
13-08-2014,01:00:32.495,1.33662,1.3366,1,4.58
13-08-2014,01:00:36.086,1.33662,1.3366,1,2.63
13-08-2014,01:00:38.849,1.33662,1.33661,1,1
13-08-2014,01:00:39.712,1.33662,1.3366,1,1.5
13-08-2014,01:00:40.378,1.33661,1.3366,1,3.83
13-08-2014,01:00:40.890,1.33663,1.33661,7.69,1
13-08-2014,01:00:42.225,1.33662,1.3366,1,4.95
13-08-2014,01:00:42.831,1.33663,1.33661,8.44,1
13-08-2014,01:00:43.337,1.33661,1.3366,1,2.7
13-08-2014,01:00:55.328,1.33662,1.3366,1.25,3.08
13-08-2014,01:00:55.430,1.33662,1.3366,1,5.37
13-08-2014,01:00:55.482,1.33665,1.33661,1.5,4.5
13-08-2014,01:00:55.693,1.33666,1.33665,2.25,1.5
13-08-2014,01:00:56.199,1.33667,1.33665,1,3
13-08-2014,01:00:56.957,1.33667,1.33665,1,3.75
13-08-2014,01:01:05.433,1.33667,1.33665,1,4.5
13-08-2014,01:01:09.567,1.33667,1.33666,1,1
13-08-2014,01:01:09.725,1.33669,1.33666,3,4.32
13-08-2014,01:01:10.032,1.3367,1.33668,1,1
13-08-2014,01:01:11.020,1.3367,1.33667,1,1.69
13-08-2014,01:01:14.888,1.33669,1.33667,1,1.5
13-08-2014,01:01:19.183,1.3367,1.33667,2.44,3
13-08-2014,01:01:28.597,1.3367,1.33668,2.25,1
13-08-2014,01:01:29.726,1.3367,1.33667,2.25,6.57
13-08-2014,01:01:30.269,1.3367,1.33668,3,1
13-08-2014,01:01:30.945,1.3367,1.33667,3,5.82
13-08-2014,01:01:31.743,1.3367,1.33668,3,1
13-08-2014,01:01:32.787,1.3367,1.33667,3,5.82
13-08-2014,01:01:33.296,1.3367,1.33668,3,1.25
13-08-2014,01:01:35.119,1.3367,1.33667,3,6.57
13-08-2014,01:01:35.652,1.3367,1.33668,3,1
13-08-2014,01:01:36.161,1.3367,1.33667,3,6.57
13-08-2014,01:01:36.679,1.3367,1.33668,3,1
13-08-2014,01:01:37.499,1.3367,1.33667,3,8.82
13-08-2014,01:01:38.010,1.3367,1.33668,3,1
13-08-2014,01:01:38.986,1.33671,1.33669,3.94,1
13-08-2014,01:01:39.491,1.33672,1.33671,1.5,2.63
13-08-2014,01:01:39.996,1.33671,1.3367,1,1.69
13-08-2014,01:01:54.609,1.33672,1.3367,1,2.5
13-08-2014,01:01:55.064,1.3367,1.33669,1.5,1.69
13-08-2014,01:01:55.569,1.33671,1.33669,1.5,1.69
13-08-2014,01:01:59.274,1.33671,1.3367,1.5,1.5
13-08-2014,01:01:59.576,1.33673,1.33671,1.5,5.5
13-08-2014,01:01:59.779,1.33675,1.33673,3,2.63
13-08-2014,01:02:00.844,1.33675,1.33674,1.5,1
13-08-2014,01:02:02.826,1.33674,1.33673,1,1.25
13-08-2014,01:02:02.978,1.33674,1.33672,2.63,1
13-08-2014,01:02:03.079,1.33672,1.3367,1.5,12.57
13-08-2014,01:02:03.585,1.33671,1.33669,2.63,1
13-08-2014,01:02:04.093,1.3367,1.33668,1,2.44
13-08-2014,01:02:05.686,1.33671,1.33669,2.63,1
13-08-2014,01:02:09.776,1.33672,1.3367,3.94,1
13-08-2014,01:02:12.271,1.33672,1.3367,4.5,1
13-08-2014,01:02:15.159,1.33672,1.3367,4.13,1
13-08-2014,01:02:18.019,1.33671,1.3367,1.13,1
13-08-2014,01:02:29.329,1.33672,1.33671,1.5,1.25
13-08-2014,01:02:29.584,1.33675,1.33673,4.32,1
13-08-2014,01:02:30.100,1.33676,1.33674,1,2.25
13-08-2014,01:02:31.231,1.33676,1.33674,1,2.25
13-08-2014,01:02:35.944,1.33676,1.33675,1,1.5
13-08-2014,01:02:36.298,1.33678,1.33677,1,1
13-08-2014,01:02:36.815,1.33678,1.33676,1,2.25
13-08-2014,01:02:42.345,1.33678,1.33675,2.69,6
13-08-2014,01:02:42.850,1.33678,1.33675,4.04,1.5
13-08-2014,01:03:01.861,1.33676,1.33674,1.5,1.5
13-08-2014,01:03:02.014,1.33674,1.33673,1,1
13-08-2014,01:03:02.521,1.33673,1.33672,3,1
13-08-2014,01:03:02.622,1.33672,1.3367,1,5.25
13-08-2014,01:03:03.127,1.33671,1.33669,1.13,2.25
13-08-2014,01:03:13.317,1.3367,1.33669,2.1,1
13-08-2014,01:03:13.521,1.3367,1.33667,1.5,3.94
13-08-2014,01:03:14.293,1.33669,1.33667,1,1
13-08-2014,01:03:30.738,1.3367,1.33667,2.82,3.75
13-08-2014,01:03:31.305,1.33669,1.33667,1,2.25
13-08-2014,01:03:31.812,1.3367,1.33667,3,3.19
13-08-2014,01:03:36.549,1.3367,1.33668,1.88,1
13-08-2014,01:03:38.274,1.3367,1.33667,1.88,5.63
13-08-2014,01:03:38.805,1.3367,1.33668,1.88,1
13-08-2014,01:03:39.310,1.3367,1.33667,1.88,5.63
13-08-2014,01:03:39.815,1.3367,1.33668,1.88,1
13-08-2014,01:03:40.320,1.3367,1.33667,1.88,5.63
13-08-2014,01:03:40.848,1.33671,1.3367,1,1
13-08-2014,01:03:41.354,1.33672,1.3367,3.19,1
13-08-2014,01:03:42.829,1.33671,1.3367,1.5,1
13-08-2014,01:03:43.334,1.33671,1.33669,3,1.5
13-08-2014,01:03:47.153,1.3367,1.33669,1.5,1.5
13-08-2014,01:03:49.150,1.33671,1.33669,2.25,1.5
13-08-2014,01:03:56.183,1.3367,1.33669,1.5,1.5
13-08-2014,01:03:57.073,1.33671,1.33669,3,1.5
13-08-2014,01:04:13.606,1.3367,1.33669,1.88,1.5
13-08-2014,01:04:14.114,1.3367,1.33668,1.5,1.25
13-08-2014,01:04:14.634,1.3367,1.33667,2.25,5.44
13-08-2014,01:04:27.644,1.3367,1.33668,1.5,1
13-08-2014,01:04:40.316,1.3367,1.33667,4.13,3.19
13-08-2014,01:04:41.956,1.33669,1.33667,1,3.19
13-08-2014,01:04:43.284,1.3367,1.33667,4.5,2.44
13-08-2014,01:04:43.795,1.33669,1.33667,1,2.44
13-08-2014,01:04:45.584,1.3367,1.33667,4.5,2.44
13-08-2014,01:04:46.094,1.33669,1.33667,1,3.94
13-08-2014,01:04:46.603,1.3367,1.33667,4.5,3.94
13-08-2014,01:04:47.163,1.33669,1.33667,1,2.44
13-08-2014,01:04:47.926,1.3367,1.33667,2.63,2.44
13-08-2014,01:04:48.435,1.33669,1.33667,1,2.44
13-08-2014,01:04:49.095,1.33668,1.33667,1,1.69
13-08-2014,01:04:49.989,1.33669,1.33667,2.63,1.25
13-08-2014,01:04:50.536,1.33668,1.33667,1,1.25
13-08-2014,01:04:51.082,1.33669,1.33667,2.63,1.25
13-08-2014,01:04:51.734,1.33668,1.33667,1,1.25
13-08-2014,01:04:52.848,1.33669,1.33667,2.63,1.25
13-08-2014,01:04:53.371,1.33668,1.33667,1,1.25
13-08-2014,01:04:53.956,1.33669,1.33667,2.63,1.25
13-08-2014,01:04:54.494,1.33668,1.33667,1,1.25
13-08-2014,01:04:55.050,1.33669,1.33667,2.63,1.25
13-08-2014,01:04:55.586,1.33668,1.33667,1,2.44
13-08-2014,01:04:58.645,1.33669,1.33667,2.63,2.44
13-08-2014,01:04:59.195,1.33668,1.33667,1,2.44
13-08-2014,01:05:01.922,1.33669,1.33667,2.63,2.44
13-08-2014,01:05:02.687,1.33669,1.33667,2.88,2.44
13-08-2014,01:05:03.195,1.33669,1.33667,2.25,2.44
13-08-2014,01:05:32.965,1.33669,1.33666,1,3.19
13-08-2014,01:05:33.268,1.33666,1.33664,5.1,1.13
13-08-2014,01:05:33.369,1.33664,1.33663,1.5,1
13-08-2014,01:05:33.874,1.33665,1.33663,5.1,1
13-08-2014,01:05:42.296,1.33665,1.33662,4.88,5.44
13-08-2014,01:05:48.734,1.33664,1.33663,1.5,1
13-08-2014,01:05:49.240,1.33662,1.3366,1.73,1.25
13-08-2014,01:05:49.796,1.33663,1.3366,3.19,1.5
13-08-2014,01:06:11.042,1.33662,1.3366,1.25,2.25
13-08-2014,01:06:11.547,1.33662,1.33659,2.44,4.5
13-08-2014,01:06:12.052,1.33662,1.33659,3.94,2.25
13-08-2014,01:06:13.417,1.33662,1.33659,3.94,3
13-08-2014,01:06:13.921,1.33662,1.3366,1.25,1.5
13-08-2014,01:06:19.468,1.33662,1.33659,1.5,5.07
13-08-2014,01:06:21.876,1.33662,1.3366,1.25,1
13-08-2014,01:06:49.668,1.33663,1.33661,4.88,1
13-08-2014,01:06:49.821,1.33664,1.33662,1.5,1.5
13-08-2014,01:06:49.972,1.33665,1.33663,3,1
13-08-2014,01:06:50.488,1.33665,1.33663,1.13,1
13-08-2014,01:06:52.146,1.33665,1.33662,1.32,3
13-08-2014,01:06:52.651,1.33664,1.33662,1,2.25
13-08-2014,01:07:13.402,1.33664,1.33661,2.25,5.82
13-08-2014,01:07:13.705,1.33662,1.33661,1,1.5
13-08-2014,01:07:15.267,1.33663,1.33661,1.5,4.5
13-08-2014,01:07:15.771,1.33663,1.33662,1,1
13-08-2014,01:07:27.229,1.33665,1.33663,3,1.5
13-08-2014,01:07:27.280,1.33665,1.33663,3,2.25
13-08-2014,01:07:28.971,1.33666,1.33663,3,3.75
13-08-2014,01:07:29.475,1.33665,1.33663,1,4.69
13-08-2014,01:07:54.428,1.33666,1.33663,2.25,3.94
13-08-2014,01:08:01.239,1.33665,1.33663,1,3.94
13-08-2014,01:08:06.093,1.33664,1.33662,1,2.44
13-08-2014,01:08:09.193,1.33664,1.33662,1,3.94
13-08-2014,01:08:10.707,1.33662,1.33661,1,1
13-08-2014,01:08:11.262,1.33662,1.3366,1,3.75
13-08-2014,01:08:11.718,1.33663,1.33662,1.13,1.5
13-08-2014,01:08:16.531,1.33664,1.33662,1,3.94
13-08-2014,01:08:34.507,1.33665,1.33663,5.25,1
13-08-2014,01:08:34.608,1.33665,1.33663,3,1.5
13-08-2014,01:08:35.114,1.33664,1.33663,1,1
13-08-2014,01:08:35.618,1.33665,1.33663,1,2.44
13-08-2014,01:08:36.173,1.33666,1.33663,2.25,6.94
13-08-2014,01:08:36.880,1.33665,1.33663,1,6.94
13-08-2014,01:08:38.210,1.33666,1.33663,3,3.19
13-08-2014,01:08:38.754,1.33665,1.33663,1,3.19
13-08-2014,01:08:39.539,1.33666,1.33663,3,3.19
13-08-2014,01:08:40.044,1.33665,1.33663,1,3.19
13-08-2014,01:08:40.968,1.33666,1.33663,3,3.19
13-08-2014,01:08:47.562,1.33665,1.33663,1,5.44
13-08-2014,01:08:48.131,1.33666,1.33663,2.25,1.69
13-08-2014,01:08:48.655,1.33665,1.33663,1,1.69
13-08-2014,01:08:54.382,1.33664,1.33663,1,1.69
13-08-2014,01:08:54.887,1.33663,1.33662,3,1
13-08-2014,01:08:55.190,1.33662,1.33659,6.43,2.25
13-08-2014,01:08:55.695,1.33663,1.3366,7.5,1
13-08-2014,01:09:00.198,1.33663,1.33662,2.25,1
13-08-2014,01:09:00.703,1.33663,1.33661,2.25,3
13-08-2014,01:09:35.740,1.33663,1.33662,1.5,1.5
13-08-2014,01:09:35.955,1.33665,1.33663,2.25,1.5
13-08-2014,01:09:36.460,1.33666,1.33663,1.69,2.25
13-08-2014,01:09:36.978,1.33665,1.33663,2.07,2.44
13-08-2014,01:10:08.733,1.33666,1.33664,1,1
13-08-2014,01:10:14.462,1.33665,1.33663,1,4.24
13-08-2014,01:10:16.239,1.33665,1.33664,1,1
13-08-2014,01:10:18.781,1.33666,1.33664,1,3.94
13-08-2014,01:10:29.656,1.33665,1.33664,1,1.5
13-08-2014,01:10:29.757,1.33666,1.33664,3.94,1.5
13-08-2014,01:10:29.960,1.33664,1.33662,1,3.94
13-08-2014,01:10:34.062,1.33663,1.33661,1,8.44
13-08-2014,01:10:35.487,1.33663,1.33662,1,1
13-08-2014,01:10:45.255,1.33663,1.33661,1,3.75
13-08-2014,01:10:45.356,1.33662,1.3366,1.13,3
13-08-2014,01:11:39.478,1.33661,1.33659,1,6.57
13-08-2014,01:11:40.387,1.33661,1.3366,1,1.5
13-08-2014,01:11:40.891,1.33662,1.3366,1,2.48
13-08-2014,01:11:58.953,1.33661,1.3366,1,2.48
13-08-2014,01:12:08.108,1.33662,1.3366,1.25,2.48
13-08-2014,01:12:35.244,1.33661,1.3366,1,1
13-08-2014,01:12:42.700,1.33663,1.33661,1.69,1
13-08-2014,01:12:43.397,1.33661,1.3366,1,2.25
13-08-2014,01:13:24.545,1.33663,1.3366,1.69,1.5
13-08-2014,01:13:26.695,1.33663,1.33661,8.07,1.5
13-08-2014,01:13:27.254,1.33663,1.3366,8.82,2.63
13-08-2014,01:13:39.231,1.33663,1.33661,2.63,1
13-08-2014,01:14:01.624,1.33662,1.33661,1,1.5
13-08-2014,01:14:12.571,1.33662,1.3366,1,3.23
13-08-2014,01:14:13.389,1.33662,1.33661,1,1.5
13-08-2014,01:14:30.987,1.33663,1.33661,2.07,1
13-08-2014,01:14:52.553,1.33663,1.33662,6.94,1
13-08-2014,01:14:52.806,1.33665,1.33662,7.88,2.44
13-08-2014,01:14:52.857,1.33665,1.33664,3.38,2.25
13-08-2014,01:14:53.059,1.33667,1.33664,3.19,2.25
13-08-2014,01:15:03.199,1.33667,1.33665,2.25,1
13-08-2014,01:15:03.711,1.33667,1.33666,2.25,1
13-08-2014,01:15:04.226,1.33667,1.33665,2.25,1
13-08-2014,01:15:12.014,1.33667,1.33666,2.25,1
13-08-2014,01:15:22.613,1.33668,1.33666,2.44,1
13-08-2014,01:15:23.152,1.33668,1.33666,2.44,1
13-08-2014,01:15:43.596,1.33668,1.33666,1.5,2.25
13-08-2014,01:15:48.095,1.33667,1.33666,1,1.5
13-08-2014,01:15:51.784,1.33668,1.33666,1.32,1
13-08-2014,01:15:52.316,1.33668,1.33667,1.13,1
13-08-2014,01:16:00.649,1.33668,1.33666,1.32,1
13-08-2014,01:16:03.110,1.33667,1.33666,1,1
13-08-2014,01:16:03.631,1.33667,1.33665,1.5,1.5
13-08-2014,01:16:09.199,1.33667,1.33664,1.69,3.75
13-08-2014,01:16:16.058,1.33666,1.33664,1,3
13-08-2014,01:16:16.210,1.33664,1.33662,1,2.44
13-08-2014,01:16:16.463,1.33663,1.3366,5.1,3.75
13-08-2014,01:16:16.969,1.33663,1.33661,3,1
13-08-2014,01:16:32.663,1.33663,1.33662,4.5,1
13-08-2014,01:16:39.662,1.33663,1.3366,3.94,4.5
13-08-2014,01:16:40.208,1.33663,1.33661,6.94,1
13-08-2014,01:16:41.532,1.33663,1.3366,4.32,4.5
13-08-2014,01:16:42.045,1.33663,1.33661,7.32,1
13-08-2014,01:16:42.752,1.33663,1.3366,4.32,4.5
13-08-2014,01:16:43.301,1.33663,1.33661,7.32,1
13-08-2014,01:16:44.112,1.33663,1.3366,4.32,4.5
13-08-2014,01:16:44.626,1.33663,1.33661,7.32,1
13-08-2014,01:16:45.697,1.33663,1.33661,8.07,1
13-08-2014,01:16:46.647,1.33663,1.3366,5.07,4.5
13-08-2014,01:16:47.207,1.33663,1.33661,8.07,1
13-08-2014,01:16:47.716,1.33663,1.33661,7.32,1
13-08-2014,01:16:48.691,1.33663,1.3366,4.32,3.38
13-08-2014,01:16:49.200,1.33663,1.33661,7.32,1
13-08-2014,01:16:50.689,1.33663,1.33661,8.07,1
13-08-2014,01:16:51.193,1.33663,1.3366,5.07,4.5
13-08-2014,01:16:51.702,1.33663,1.33661,8.07,1
13-08-2014,01:16:52.212,1.33663,1.3366,8.07,4.13
13-08-2014,01:16:56.140,1.33663,1.33661,7.32,1
13-08-2014,01:17:00.283,1.33663,1.33661,5.63,1.5
13-08-2014,01:17:00.788,1.33664,1.33663,1,1.25
13-08-2014,01:17:01.141,1.33667,1.33665,3.94,1
13-08-2014,01:17:09.819,1.33665,1.33663,4.51,2.25
13-08-2014,01:17:10.122,1.33663,1.33661,5.25,2.25
13-08-2014,01:17:20.834,1.33662,1.3366,1,3.38
13-08-2014,01:17:24.949,1.33661,1.3366,1,2.25
13-08-2014,01:17:25.454,1.33662,1.33661,1,2.25
13-08-2014,01:17:26.914,1.33663,1.33662,1.5,1
13-08-2014,01:17:28.059,1.33664,1.33662,2.25,2.44
13-08-2014,01:17:56.029,1.33664,1.33662,2.25,1.25
13-08-2014,01:17:56.131,1.33664,1.33662,1.5,2.44
13-08-2014,01:18:26.835,1.33665,1.33662,5.44,2.25
13-08-2014,01:18:40.331,1.33666,1.33664,12.57,1
13-08-2014,01:18:41.257,1.33666,1.33664,3.57,1
13-08-2014,01:18:49.127,1.33665,1.33664,1,1
13-08-2014,01:18:51.676,1.33665,1.33662,3.19,3
13-08-2014,01:19:10.282,1.33664,1.33662,1,3
13-08-2014,01:19:11.673,1.33665,1.33663,3.94,1
13-08-2014,01:19:12.633,1.33665,1.33664,1,1
13-08-2014,01:19:30.278,1.33666,1.33664,3,1
13-08-2014,01:19:43.938,1.33666,1.33665,3,1
13-08-2014,01:19:51.835,1.33667,1.33665,3.19,1
13-08-2014,01:19:52.344,1.33666,1.33665,1,1
13-08-2014,01:19:53.977,1.33667,1.33665,3,1
13-08-2014,01:19:54.518,1.33666,1.33665,1,1
13-08-2014,01:19:55.067,1.33667,1.33665,3,1
13-08-2014,01:19:55.611,1.33666,1.33665,1,1
13-08-2014,01:19:56.324,1.33667,1.33665,3,1
13-08-2014,01:19:56.837,1.33666,1.33665,1,1
13-08-2014,01:19:57.346,1.33667,1.33665,3,1
13-08-2014,01:19:57.886,1.33666,1.33665,1,1
13-08-2014,01:19:58.648,1.33667,1.33665,3,1
13-08-2014,01:19:59.185,1.33666,1.33665,1,1
13-08-2014,01:20:00.203,1.33667,1.33665,3,1
13-08-2014,01:20:00.715,1.33666,1.33665,1,1
13-08-2014,01:20:01.219,1.33667,1.33665,3,1
13-08-2014,01:20:01.741,1.33666,1.33665,1,1
13-08-2014,01:20:03.276,1.33667,1.33665,3.75,1
13-08-2014,01:20:03.782,1.33666,1.33665,1,1
13-08-2014,01:20:05.424,1.33667,1.33665,3.75,1
13-08-2014,01:20:05.959,1.33666,1.33665,1,1
13-08-2014,01:20:06.464,1.33666,1.33664,1,3
13-08-2014,01:20:08.035,1.33667,1.33664,3.94,3
13-08-2014,01:20:08.581,1.33666,1.33664,1,3
13-08-2014,01:20:09.318,1.33667,1.33664,3.94,3
13-08-2014,01:20:09.875,1.33666,1.33664,1,3
13-08-2014,01:20:12.237,1.33667,1.33664,3.75,3.19
13-08-2014,01:20:12.762,1.33666,1.33664,1,3.19
13-08-2014,01:20:13.757,1.33667,1.33664,3.75,3.19
13-08-2014,01:20:14.283,1.33666,1.33664,1,3.19
13-08-2014,01:20:15.312,1.33667,1.33664,3.38,3.19
13-08-2014,01:20:15.868,1.33666,1.33664,1,3.19
13-08-2014,01:20:16.745,1.33667,1.33664,3.38,3.19
13-08-2014,01:20:17.258,1.33666,1.33664,1,3.19
13-08-2014,01:20:17.972,1.33667,1.33664,3.38,3.19
13-08-2014,01:20:18.519,1.33666,1.33664,1,3.19
13-08-2014,01:20:19.045,1.33667,1.33664,3.38,3.19
13-08-2014,01:20:19.646,1.33666,1.33664,1,3.19
13-08-2014,01:20:20.325,1.33667,1.33664,3.38,3.19
13-08-2014,01:20:21.147,1.33666,1.33664,1,3.19
13-08-2014,01:20:21.756,1.33667,1.33664,3.38,3.19
13-08-2014,01:20:22.305,1.33666,1.33664,1,3
13-08-2014,01:20:23.988,1.33667,1.33664,3.57,3
13-08-2014,01:20:24.500,1.33666,1.33664,1,3
13-08-2014,01:20:25.006,1.33667,1.33664,3.57,3
13-08-2014,01:20:25.614,1.33666,1.33664,1,3.19
13-08-2014,01:20:26.206,1.33667,1.33664,3.38,3.19
13-08-2014,01:20:26.716,1.33666,1.33664,1,3.19
13-08-2014,01:20:27.265,1.33667,1.33664,3.38,3.19
13-08-2014,01:20:27.788,1.33666,1.33664,1,3.19
13-08-2014,01:20:28.298,1.33667,1.33664,3.38,3.19
13-08-2014,01:20:28.813,1.33666,1.33664,1,3.19
13-08-2014,01:20:29.499,1.33667,1.33664,3.57,3
13-08-2014,01:20:30.043,1.33666,1.33664,1,3
13-08-2014,01:20:31.669,1.33667,1.33664,3.57,3
13-08-2014,01:20:32.183,1.33666,1.33664,1,3.19
13-08-2014,01:20:32.901,1.33667,1.33664,2.63,4.69
13-08-2014,01:20:33.537,1.33666,1.33664,1,4.69
13-08-2014,01:20:34.226,1.33667,1.33664,2.63,4.69
13-08-2014,01:20:34.735,1.33666,1.33664,1,4.69
13-08-2014,01:20:35.513,1.33667,1.33664,2.25,4.5
13-08-2014,01:20:36.228,1.33666,1.33664,1,4.5
13-08-2014,01:20:36.842,1.33667,1.33664,2.25,4.5
13-08-2014,01:20:37.376,1.33666,1.33664,1,4.5
13-08-2014,01:20:37.958,1.33667,1.33664,2.63,4.5
13-08-2014,01:20:38.495,1.33666,1.33664,1,4.5
13-08-2014,01:20:39.599,1.33667,1.33664,2.63,4.5
13-08-2014,01:20:40.108,1.33666,1.33664,1,4.5
13-08-2014,01:20:41.014,1.33667,1.33664,2.63,4.5
13-08-2014,01:20:41.538,1.33666,1.33664,1,4.5
13-08-2014,01:20:42.052,1.33667,1.33664,2.63,4.5
13-08-2014,01:20:42.663,1.33666,1.33664,1,4.5
13-08-2014,01:20:43.886,1.33667,1.33664,2.63,4.5
13-08-2014,01:20:44.439,1.33666,1.33664,1,4.5
13-08-2014,01:20:45.809,1.33667,1.33664,2.63,4.5
13-08-2014,01:20:46.338,1.33666,1.33664,1,4.5
13-08-2014,01:20:52.468,1.33667,1.33665,2.82,1
13-08-2014,01:20:52.991,1.33666,1.33665,1,1
13-08-2014,01:20:53.898,1.33667,1.33665,2.82,1
13-08-2014,01:20:54.402,1.33666,1.33665,1,1
13-08-2014,01:20:56.246,1.33667,1.33665,2.82,1
13-08-2014,01:20:56.808,1.33666,1.33665,1,1
13-08-2014,01:20:57.317,1.33667,1.33665,2.82,1
13-08-2014,01:20:57.828,1.33666,1.33665,1,1
13-08-2014,01:20:58.361,1.33667,1.33665,2.82,1
13-08-2014,01:20:58.901,1.33666,1.33665,1,1
13-08-2014,01:21:00.337,1.33667,1.33665,1.13,1.5
13-08-2014,01:21:00.640,1.33668,1.33666,1,3.75
13-08-2014,01:21:01.154,1.33668,1.33667,1,1
13-08-2014,01:21:02.703,1.33669,1.33667,2.63,1
13-08-2014,01:21:03.239,1.33668,1.33667,1,1
13-08-2014,01:21:03.749,1.33669,1.33667,2.63,1
13-08-2014,01:21:04.336,1.33668,1.33667,1,1
13-08-2014,01:21:05.023,1.33669,1.33667,2.63,1
13-08-2014,01:21:05.571,1.33668,1.33667,1,1
13-08-2014,01:21:06.197,1.33669,1.33667,2.63,1
13-08-2014,01:21:09.634,1.33669,1.33668,2.25,1
13-08-2014,01:21:12.171,1.3367,1.33669,2.63,1
13-08-2014,01:21:12.324,1.33672,1.3367,3,1.5
13-08-2014,01:21:12.728,1.33673,1.33671,6.19,1
13-08-2014,01:21:13.083,1.33675,1.33673,2.25,1.5
13-08-2014,01:21:13.587,1.33676,1.33673,1.5,3.75
13-08-2014,01:21:20.343,1.33677,1.33674,7.69,1
13-08-2014,01:21:21.110,1.33677,1.33675,3.75,1
13-08-2014,01:21:21.627,1.33677,1.33675,3.38,1
13-08-2014,01:21:22.141,1.33676,1.33674,1,1
13-08-2014,01:21:29.339,1.33676,1.33673,1.88,3
13-08-2014,01:21:33.287,1.33677,1.33673,3.75,5.25
13-08-2014,01:21:33.829,1.33676,1.33673,1,5.25
13-08-2014,01:21:34.436,1.33677,1.33673,3,5.25
13-08-2014,01:21:34.950,1.33676,1.33673,1,5.25
13-08-2014,01:21:36.176,1.33676,1.33673,1,6.19
13-08-2014,01:21:36.689,1.33677,1.33673,3,6.94
13-08-2014,01:21:37.197,1.33676,1.33673,1,6.94
13-08-2014,01:21:37.905,1.33677,1.33673,3,6.94
13-08-2014,01:21:38.409,1.33676,1.33673,1,6.94
13-08-2014,01:21:39.223,1.33677,1.33673,3,6.94
13-08-2014,01:21:39.852,1.33676,1.33673,1,6.94
13-08-2014,01:21:40.378,1.33677,1.33673,3,6.94
13-08-2014,01:21:40.926,1.33676,1.33673,1,6.94
13-08-2014,01:21:42.201,1.33676,1.33673,2.25,6.94
13-08-2014,01:21:44.193,1.33676,1.33674,1.5,1
13-08-2014,01:21:46.342,1.33677,1.33674,5.07,1.5
13-08-2014,01:21:46.856,1.33676,1.33674,1,2.25
13-08-2014,01:21:47.366,1.33677,1.33674,5.07,2.25
13-08-2014,01:21:47.879,1.33676,1.33674,1,2.25
13-08-2014,01:21:50.130,1.33677,1.33674,4.5,3.19
13-08-2014,01:21:50.702,1.33676,1.33674,1,3
13-08-2014,01:21:51.203,1.33677,1.33674,4.69,3
13-08-2014,01:21:51.721,1.33676,1.33674,1,3
13-08-2014,01:21:52.760,1.33677,1.33674,4.69,3
13-08-2014,01:21:53.303,1.33676,1.33674,1,3
13-08-2014,01:21:54.400,1.33677,1.33674,4.69,3
13-08-2014,01:21:55.083,1.33676,1.33674,1,3
13-08-2014,01:21:55.624,1.33677,1.33674,4.69,3
13-08-2014,01:21:56.131,1.33676,1.33674,1,3
13-08-2014,01:21:56.636,1.33677,1.33674,4.69,3
13-08-2014,01:21:57.363,1.33676,1.33674,1,3.19
13-08-2014,01:21:58.690,1.33677,1.33674,4.5,3.19
13-08-2014,01:21:59.220,1.33676,1.33674,1,3.19
13-08-2014,01:22:00.112,1.33677,1.33674,4.5,3.19
13-08-2014,01:22:00.631,1.33676,1.33674,1,3
13-08-2014,01:22:02.158,1.33677,1.33674,3.75,3
13-08-2014,01:22:02.690,1.33676,1.33674,1,3
13-08-2014,01:22:04.813,1.33677,1.33674,3.75,3
13-08-2014,01:22:05.330,1.33676,1.33674,1,3
13-08-2014,01:22:06.551,1.33677,1.33674,3.75,3
13-08-2014,01:22:07.061,1.33676,1.33674,1,3
13-08-2014,01:22:07.601,1.33677,1.33674,3.75,3
13-08-2014,01:22:08.123,1.33676,1.33674,1,3
13-08-2014,01:22:09.048,1.33677,1.33674,3.75,3
13-08-2014,01:22:09.607,1.33676,1.33674,1,3
13-08-2014,01:22:10.187,1.33677,1.33674,3.75,2.25
13-08-2014,01:22:10.721,1.33676,1.33675,1,1.5
13-08-2014,01:22:12.558,1.33677,1.33675,2.25,2.25
13-08-2014,01:22:13.062,1.33676,1.33675,1,2.25
13-08-2014,01:22:13.582,1.33677,1.33675,1,2.25
13-08-2014,01:22:14.085,1.33676,1.33675,1,2.25
13-08-2014,01:22:16.006,1.33677,1.33675,1,3
13-08-2014,01:22:16.519,1.33677,1.33675,1,3
13-08-2014,01:22:17.325,1.33677,1.33675,1,3.75
13-08-2014,01:22:17.850,1.33677,1.33675,1,3.75
13-08-2014,01:22:18.362,1.33677,1.33675,1,3.75
13-08-2014,01:22:19.071,1.33677,1.33675,1,3.75
13-08-2014,01:22:20.110,1.33677,1.33675,1,3.75
13-08-2014,01:22:20.627,1.33677,1.33675,1,3.75
13-08-2014,01:22:21.137,1.33677,1.33675,1,3.75
13-08-2014,01:22:21.650,1.33677,1.33675,1,3.75
13-08-2014,01:22:23.147,1.33677,1.33675,1,3.75
13-08-2014,01:22:23.679,1.33677,1.33675,1,3.75
13-08-2014,01:22:24.471,1.33677,1.33675,1,3.75
13-08-2014,01:22:24.983,1.33677,1.33675,1,3.75
13-08-2014,01:22:25.899,1.33677,1.33675,1,3
13-08-2014,01:22:26.416,1.33677,1.33675,1,3
13-08-2014,01:22:27.335,1.33677,1.33675,1,3
13-08-2014,01:22:27.847,1.33677,1.33675,1,3
13-08-2014,01:22:28.869,1.33677,1.33675,1,3
13-08-2014,01:22:29.686,1.33677,1.33675,1,3
13-08-2014,01:22:30.713,1.33677,1.33675,1,3
13-08-2014,01:22:31.220,1.33677,1.33675,1,3
13-08-2014,01:22:31.943,1.33677,1.33675,1,3.75
13-08-2014,01:22:32.476,1.33677,1.33675,1,3.75
13-08-2014,01:22:33.015,1.33677,1.33675,1,3.75
13-08-2014,01:22:33.532,1.33677,1.33675,1,3.75
13-08-2014,01:22:34.114,1.33677,1.33675,2.25,2.25
13-08-2014,01:22:34.661,1.33676,1.33675,1,1.5
13-08-2014,01:22:36.853,1.33677,1.33675,2.25,1.5
13-08-2014,01:22:37.354,1.33676,1.33675,1,1.5
13-08-2014,01:22:39.812,1.33677,1.33675,2.25,1
13-08-2014,01:22:40.378,1.33676,1.33675,1,1
13-08-2014,01:22:40.887,1.33677,1.33675,2.25,1
13-08-2014,01:22:41.399,1.33676,1.33675,1,1
13-08-2014,01:22:42.012,1.33677,1.33675,2.25,1
13-08-2014,01:22:42.521,1.33676,1.33675,1,1
13-08-2014,01:22:43.236,1.33677,1.33675,2.25,1
13-08-2014,01:22:43.746,1.33676,1.33675,1,1
13-08-2014,01:22:44.312,1.33677,1.33675,2.25,1
13-08-2014,01:22:44.834,1.33676,1.33675,1,1
13-08-2014,01:22:45.873,1.33677,1.33675,2.25,1
13-08-2014,01:22:46.378,1.33676,1.33675,1,1
13-08-2014,01:22:47.166,1.33677,1.33675,2.25,1
13-08-2014,01:22:47.710,1.33676,1.33675,1,1
13-08-2014,01:22:48.224,1.33677,1.33675,2.25,1
13-08-2014,01:22:48.731,1.33676,1.33675,1,1
13-08-2014,01:22:49.243,1.33676,1.33674,1,3.94
13-08-2014,01:23:08.885,1.33676,1.33674,3.6,1
13-08-2014,01:23:08.936,1.33675,1.33674,1.35,1
13-08-2014,01:23:09.239,1.33673,1.33672,8.1,1
13-08-2014,01:23:09.872,1.33672,1.3367,1,3.19
13-08-2014,01:23:11.002,1.33673,1.33671,3.19,1
13-08-2014,01:23:11.506,1.33672,1.3367,1,2.63
13-08-2014,01:23:12.103,1.33673,1.33671,3.19,1
13-08-2014,01:23:12.638,1.33672,1.3367,1,2.63
13-08-2014,01:23:13.145,1.33673,1.33671,3.19,1
13-08-2014,01:23:13.655,1.33672,1.3367,1,2.63
13-08-2014,01:23:14.471,1.33673,1.33671,3.19,1
13-08-2014,01:23:14.983,1.33672,1.3367,1,2.63
13-08-2014,01:23:15.958,1.33673,1.33671,3,1
13-08-2014,01:23:16.522,1.33672,1.3367,1,3
13-08-2014,01:23:17.131,1.33673,1.33671,3.19,1
13-08-2014,01:23:17.643,1.33672,1.3367,1,3.38
13-08-2014,01:23:21.527,1.33673,1.33671,4.5,1
13-08-2014,01:23:52.932,1.33673,1.33671,5.07,1
13-08-2014,01:23:54.380,1.33673,1.33671,2.82,1
13-08-2014,01:23:58.406,1.33673,1.3367,5.07,2.63
13-08-2014,01:23:58.871,1.33673,1.33671,5.07,1
13-08-2014,01:24:08.786,1.33673,1.3367,4.32,1.13
13-08-2014,01:24:09.291,1.33672,1.3367,1,1
13-08-2014,01:24:12.723,1.33673,1.3367,2.07,1.13
13-08-2014,01:24:13.336,1.33672,1.3367,1,1
13-08-2014,01:24:15.452,1.33673,1.3367,1.88,1.13
13-08-2014,01:24:16.052,1.33672,1.3367,1,1.13
13-08-2014,01:24:16.561,1.33673,1.3367,1.88,1.13
13-08-2014,01:24:17.163,1.33672,1.3367,1,1.13
13-08-2014,01:24:18.283,1.33671,1.33669,1,4.13
13-08-2014,01:24:18.841,1.33671,1.33669,1,4.13
13-08-2014,01:24:19.353,1.33672,1.33669,1.5,4.13
13-08-2014,01:24:19.913,1.33671,1.33669,1,4.32
13-08-2014,01:24:20.651,1.33672,1.33669,1.5,4.13
13-08-2014,01:24:21.218,1.33671,1.33669,1,4.13
13-08-2014,01:24:21.729,1.33672,1.33669,1.5,4.13
13-08-2014,01:24:22.445,1.33672,1.33669,1.5,4.13
13-08-2014,01:24:22.964,1.33671,1.33669,1,4.13
13-08-2014,01:24:23.512,1.33672,1.33669,1.5,4.32
13-08-2014,01:24:24.045,1.33671,1.33669,1,4.32
13-08-2014,01:24:24.562,1.33671,1.33669,1,1.88
13-08-2014,01:24:25.693,1.33672,1.33671,1.69,1
13-08-2014,01:24:26.294,1.33671,1.33669,1,1.88
13-08-2014,01:24:27.293,1.33672,1.33671,1.69,1
13-08-2014,01:24:27.798,1.33671,1.33669,2.25,1.63
13-08-2014,01:24:28.913,1.33671,1.3367,1,1
13-08-2014,01:24:30.761,1.3367,1.33669,1,1
13-08-2014,01:24:31.580,1.33671,1.33669,3.75,1
13-08-2014,01:24:57.916,1.33671,1.33668,7.17,1
13-08-2014,01:24:58.169,1.33669,1.33667,2.88,2.25
13-08-2014,01:24:59.449,1.33669,1.33667,2.63,2.25
13-08-2014,01:24:59.954,1.33669,1.33667,2.88,2.25
13-08-2014,01:25:00.463,1.33669,1.33667,2.63,2.25
13-08-2014,01:25:00.996,1.33669,1.33667,2.88,2.25
13-08-2014,01:25:01.584,1.33669,1.33667,2.63,2.25
13-08-2014,01:25:02.109,1.33668,1.33667,1,2.25
13-08-2014,01:25:03.696,1.33669,1.33667,2.82,2.25
13-08-2014,01:25:04.351,1.33668,1.33667,1,2.25
13-08-2014,01:25:05.024,1.33669,1.33667,2.82,2.25
13-08-2014,01:25:05.528,1.33668,1.33667,2.25,2.25
13-08-2014,01:25:09.318,1.33669,1.33667,2.82,2.25
13-08-2014,01:25:09.830,1.33668,1.33667,1,2.25
13-08-2014,01:25:10.335,1.33669,1.33667,2.82,2.25
13-08-2014,01:25:11.060,1.33668,1.33667,1,2.25
13-08-2014,01:25:15.441,1.33667,1.33666,1.5,1
13-08-2014,01:25:15.643,1.33666,1.33665,1,2.25
13-08-2014,01:25:20.571,1.33667,1.33665,4.69,1.5
13-08-2014,01:25:21.138,1.33666,1.33665,1,1.5
13-08-2014,01:25:21.650,1.33667,1.33665,2.44,1.5
13-08-2014,01:25:22.174,1.33666,1.33665,1,1.5
13-08-2014,01:25:23.079,1.33667,1.33666,2.44,1
13-08-2014,01:25:23.627,1.33666,1.33665,1,1.5
13-08-2014,01:25:24.247,1.33667,1.33666,2.44,1
13-08-2014,01:25:24.753,1.33666,1.33665,1,1.5
13-08-2014,01:25:26.348,1.33667,1.33666,2.44,1
13-08-2014,01:25:26.859,1.33666,1.33665,1,1.5
13-08-2014,01:25:27.397,1.33667,1.33666,2.44,1
13-08-2014,01:25:27.930,1.33666,1.33665,1,1.5
13-08-2014,01:25:29.562,1.33667,1.33666,2.44,1
13-08-2014,01:25:30.125,1.33666,1.33665,1,2.25
13-08-2014,01:25:32.427,1.33667,1.33665,2.44,2.25
13-08-2014,01:25:33.344,1.33666,1.33665,1,2.25
13-08-2014,01:25:34.039,1.33667,1.33665,3.19,2.25
13-08-2014,01:25:34.622,1.33666,1.33665,1,2.25
13-08-2014,01:25:35.143,1.33667,1.33665,3.19,2.25
13-08-2014,01:25:35.744,1.33666,1.33665,1,2.25
13-08-2014,01:25:36.769,1.33667,1.33665,3.19,1
13-08-2014,01:25:37.277,1.33666,1.33665,1,1
13-08-2014,01:25:38.499,1.33667,1.33665,3.19,1
13-08-2014,01:25:39.056,1.33666,1.33665,1,1
13-08-2014,01:25:39.583,1.33667,1.33665,3.19,1
13-08-2014,01:25:40.248,1.33666,1.33665,1,1
13-08-2014,01:25:41.070,1.33667,1.33665,3.19,1
13-08-2014,01:25:41.786,1.33666,1.33665,1,1
13-08-2014,01:25:42.507,1.33667,1.33665,3.19,1
13-08-2014,01:25:43.016,1.33666,1.33665,1,1
13-08-2014,01:25:43.935,1.33667,1.33665,3.19,1
13-08-2014,01:25:44.546,1.33666,1.33665,1,1
13-08-2014,01:25:46.058,1.33667,1.33665,3.19,1
13-08-2014,01:25:46.586,1.33666,1.33665,1,1
13-08-2014,01:25:47.347,1.33667,1.33665,3.19,1
13-08-2014,01:25:47.857,1.33666,1.33665,1,1
13-08-2014,01:25:49.818,1.33667,1.33665,3.19,1
13-08-2014,01:25:50.319,1.33666,1.33665,1,1
13-08-2014,01:25:50.823,1.33667,1.33665,3.19,1
13-08-2014,01:25:51.370,1.33666,1.33665,1,1
13-08-2014,01:25:52.184,1.33666,1.33664,1,3
13-08-2014,01:25:52.693,1.33667,1.33664,6.19,3
13-08-2014,01:25:53.299,1.33666,1.33664,1,3
13-08-2014,01:25:53.924,1.33666,1.33665,1,1
13-08-2014,01:25:54.729,1.33667,1.33665,6.19,1
13-08-2014,01:25:55.233,1.33666,1.33665,1,1
13-08-2014,01:25:56.350,1.33667,1.33665,3.19,1
13-08-2014,01:25:57.182,1.33666,1.33665,1,1
13-08-2014,01:25:57.890,1.33667,1.33665,3.19,1
13-08-2014,01:25:58.414,1.33666,1.33665,1,1
13-08-2014,01:25:58.975,1.33667,1.33665,3.19,1
13-08-2014,01:25:59.490,1.33666,1.33664,1,2.25
13-08-2014,01:26:02.722,1.33666,1.33665,1.5,1
13-08-2014,01:26:14.278,1.33666,1.33664,1.5,1.5
13-08-2014,01:26:21.714,1.33665,1.33664,1,1
13-08-2014,01:26:22.824,1.33664,1.33663,1.88,1
13-08-2014,01:26:23.178,1.33663,1.33662,2.63,1
13-08-2014,01:26:23.708,1.33662,1.33661,1,2.44
13-08-2014,01:26:24.301,1.33663,1.33662,2.63,1
13-08-2014,01:26:24.868,1.33662,1.33661,1,2.44
13-08-2014,01:26:25.515,1.33663,1.33662,2.63,1
13-08-2014,01:26:26.021,1.33664,1.33662,2.63,1
13-08-2014,01:26:27.216,1.33663,1.33661,1,1.5
13-08-2014,01:26:27.368,1.33662,1.3366,1.54,3
13-08-2014,01:26:27.872,1.33661,1.33659,4.5,1
13-08-2014,01:26:29.689,1.33661,1.33659,4.99,1
13-08-2014,01:26:31.748,1.33661,1.33658,1.24,4.5
13-08-2014,01:26:35.629,1.33661,1.3366,1.25,1
13-08-2014,01:26:36.638,1.33661,1.33658,4.69,3.75
13-08-2014,01:26:37.143,1.33659,1.33658,1.5,1.5
13-08-2014,01:26:39.680,1.33659,1.33657,1.5,1.5
13-08-2014,01:26:49.649,1.33658,1.33657,1,1.5
13-08-2014,01:26:50.178,1.33659,1.33657,1,1.5
13-08-2014,01:26:50.687,1.33657,1.33655,1.5,1
13-08-2014,01:26:51.475,1.33656,1.33654,2.13,1.5
13-08-2014,01:26:51.980,1.33656,1.33655,1.88,1
13-08-2014,01:27:02.287,1.33656,1.33654,1,1
13-08-2014,01:27:02.805,1.33656,1.33654,1,1
13-08-2014,01:27:04.288,1.33656,1.33652,2.5,4.13
13-08-2014,01:27:05.291,1.33656,1.33654,1.13,1
13-08-2014,01:27:05.875,1.33656,1.33654,1.5,1
13-08-2014,01:27:17.223,1.33655,1.33653,1,2.44
13-08-2014,01:27:33.172,1.33655,1.33654,1,1
13-08-2014,01:27:33.273,1.33656,1.33655,1,1
13-08-2014,01:27:33.778,1.33655,1.33654,1,1.5
13-08-2014,01:27:34.547,1.33656,1.33654,1.5,1.5
13-08-2014,01:27:35.141,1.33655,1.33654,1.5,1
13-08-2014,01:27:50.637,1.33656,1.33654,1.88,1.5
13-08-2014,01:27:52.439,1.33655,1.33654,1,1.5
13-08-2014,01:28:21.774,1.33655,1.33653,1,1.25
13-08-2014,01:28:21.875,1.33653,1.33652,1,1.25
13-08-2014,01:28:22.380,1.33652,1.33651,1.5,3.19
13-08-2014,01:28:42.670,1.33652,1.3365,1.5,8.44
13-08-2014,01:28:43.183,1.33652,1.33651,1.5,1.5
13-08-2014,01:28:44.898,1.33652,1.3365,1.5,6.94
13-08-2014,01:28:45.437,1.33652,1.33651,1.5,1.5
13-08-2014,01:28:47.018,1.33652,1.3365,1.5,8.82
13-08-2014,01:28:47.729,1.33652,1.3365,2.5,6.19
13-08-2014,01:28:47.831,1.3365,1.33649,2.85,3.75
13-08-2014,01:28:47.932,1.33649,1.33647,1.5,3.75
13-08-2014,01:28:48.034,1.33647,1.33645,2.5,4.5
13-08-2014,01:28:48.135,1.33646,1.33645,1.5,1.5
13-08-2014,01:28:52.459,1.33646,1.33644,1,1.69
13-08-2014,01:28:53.115,1.33647,1.33644,5.44,1.5
13-08-2014,01:28:53.639,1.33646,1.33644,1.5,1
13-08-2014,01:28:54.459,1.33647,1.33645,3.19,1
13-08-2014,01:28:58.939,1.33647,1.33645,4.69,1
13-08-2014,01:29:01.245,1.33647,1.33645,4.69,1
13-08-2014,01:29:13.836,1.33646,1.33645,1,1
13-08-2014,01:29:20.647,1.33647,1.33645,3,1
13-08-2014,01:29:23.756,1.33647,1.33645,2.25,1
13-08-2014,01:29:36.271,1.33646,1.33642,2.88,3
13-08-2014,01:29:41.937,1.33647,1.33644,4.5,1.5
13-08-2014,01:29:43.531,1.33645,1.33643,1.5,3
13-08-2014,01:29:44.444,1.33645,1.33644,1,2.44
13-08-2014,01:29:45.521,1.33645,1.33643,1,3
13-08-2014,01:29:54.008,1.33646,1.33644,1.13,1
13-08-2014,01:29:55.782,1.33645,1.33644,2.25,2.44
13-08-2014,01:29:56.396,1.33645,1.33643,1,1.5
13-08-2014,01:30:18.615,1.33644,1.33642,2.5,3
13-08-2014,01:30:19.521,1.33644,1.33642,2.25,2.25
13-08-2014,01:30:19.724,1.33642,1.33641,1.5,3.94
13-08-2014,01:30:20.229,1.33642,1.33641,2.25,3.94
13-08-2014,01:30:20.733,1.33642,1.33641,3,3.19
13-08-2014,01:30:30.751,1.33643,1.33641,2.25,3.94
13-08-2014,01:30:33.106,1.33643,1.33641,1.5,3.94
13-08-2014,01:30:33.258,1.33645,1.33642,3,1.19
13-08-2014,01:30:33.812,1.33645,1.33644,3,1
13-08-2014,01:30:37.008,1.33645,1.33643,3,1.69
13-08-2014,01:30:37.532,1.33644,1.33643,1.5,1.25
13-08-2014,01:30:38.129,1.33644,1.33642,1,1
13-08-2014,01:30:38.659,1.33643,1.33642,1.5,1
13-08-2014,01:30:42.183,1.33645,1.33642,4.5,1.69
13-08-2014,01:30:46.185,1.33643,1.33642,1.5,1.25
13-08-2014,01:30:48.205,1.33645,1.33642,4.13,1.69
13-08-2014,01:30:51.186,1.33645,1.33642,5.63,1.25
13-08-2014,01:30:54.306,1.33643,1.33641,2.5,6
13-08-2014,01:30:55.417,1.33642,1.33641,1,3
13-08-2014,01:31:01.528,1.33642,1.3364,1,8.07
13-08-2014,01:31:02.067,1.33642,1.33641,1,1.5
13-08-2014,01:31:05.366,1.33642,1.3364,2.25,4.32
13-08-2014,01:31:06.157,1.33642,1.33641,1,1
13-08-2014,01:31:06.964,1.33643,1.33641,3,2.44
13-08-2014,01:31:11.141,1.33642,1.33641,1,1.69
13-08-2014,01:31:12.448,1.33642,1.3364,1,4.69
13-08-2014,01:31:12.953,1.33642,1.33641,1,1.5
13-08-2014,01:31:15.374,1.33643,1.33641,1.5,2.44
13-08-2014,01:31:19.261,1.33642,1.33641,1,1.69
13-08-2014,01:31:21.104,1.33642,1.3364,2.25,6.19
13-08-2014,01:31:21.668,1.33642,1.33641,2.25,1.5
13-08-2014,01:31:22.740,1.33642,1.3364,2.25,5.82
13-08-2014,01:31:23.301,1.33642,1.33641,2.25,1.5
13-08-2014,01:31:26.213,1.33643,1.33641,3,2.44
13-08-2014,01:31:31.475,1.33642,1.3364,1.5,6.57
13-08-2014,01:31:32.100,1.33641,1.3364,1,1.69
13-08-2014,01:31:32.807,1.33642,1.33641,2.25,1.5
13-08-2014,01:31:35.782,1.33642,1.33641,1.5,2.25
13-08-2014,01:31:48.299,1.33643,1.33641,1.5,4.69
13-08-2014,01:31:49.345,1.33643,1.33641,1.5,3.94
13-08-2014,01:31:53.054,1.33643,1.33641,2.25,3.75
13-08-2014,01:31:55.102,1.33642,1.33641,1,3.94
13-08-2014,01:31:57.243,1.33643,1.33641,1.5,1
13-08-2014,01:31:59.500,1.33642,1.33641,1,3.94
13-08-2014,01:32:09.646,1.33643,1.33641,3,2.25
13-08-2014,01:32:15.199,1.33643,1.3364,2.25,6.57
13-08-2014,01:32:15.710,1.33643,1.33641,2.25,1.5
13-08-2014,01:32:16.220,1.33642,1.3364,1,4.69
13-08-2014,01:32:16.741,1.33642,1.33641,1,1.5
13-08-2014,01:32:18.792,1.33642,1.3364,3.38,1
13-08-2014,01:32:18.893,1.3364,1.33639,1,1
13-08-2014,01:32:19.399,1.33641,1.33638,1,1.25
13-08-2014,01:32:22.643,1.3364,1.33638,1,1
13-08-2014,01:32:23.148,1.33641,1.33638,1.13,1
13-08-2014,01:32:25.084,1.3364,1.33638,1,1
13-08-2014,01:32:25.734,1.33641,1.33638,1.32,1
13-08-2014,01:32:26.289,1.3364,1.33638,1,1
13-08-2014,01:32:26.947,1.33641,1.33638,1.32,1
13-08-2014,01:32:27.489,1.3364,1.33638,1,1
13-08-2014,01:32:30.974,1.33639,1.33637,1,1.25
13-08-2014,01:32:31.832,1.33638,1.33636,1,3.19
13-08-2014,01:32:32.686,1.33639,1.33636,1.5,3.19
13-08-2014,01:32:33.092,1.33639,1.33638,1,1
13-08-2014,01:32:33.394,1.33641,1.33638,3,1.5
13-08-2014,01:32:34.319,1.33641,1.3364,1.5,1
13-08-2014,01:32:34.522,1.33644,1.33642,3,1.5
13-08-2014,01:32:35.027,1.33644,1.33643,1,1.25
13-08-2014,01:32:43.634,1.33645,1.33643,1,1.25
13-08-2014,01:32:47.512,1.33644,1.33643,1,1.25
13-08-2014,01:32:53.324,1.33645,1.33643,1,1.25
13-08-2014,01:33:11.704,1.33644,1.33643,1,2.44
13-08-2014,01:33:16.693,1.33644,1.33642,1,1.5
13-08-2014,01:33:16.794,1.33642,1.33641,2.25,1.5
13-08-2014,01:33:16.946,1.33641,1.33639,1,2.44
13-08-2014,01:33:25.519,1.3364,1.33639,1,1
13-08-2014,01:33:25.621,1.33639,1.33637,1,3
13-08-2014,01:33:30.468,1.3364,1.33638,3,1
13-08-2014,01:33:30.620,1.33639,1.33637,1,3
13-08-2014,01:33:30.822,1.3364,1.33639,1,1.13
13-08-2014,01:33:31.277,1.33643,1.33641,1,1.5
13-08-2014,01:33:31.378,1.33643,1.33641,1,2.25
13-08-2014,01:33:31.480,1.33645,1.33643,3.38,1
13-08-2014,01:33:34.655,1.33646,1.33643,1,3
13-08-2014,01:33:37.425,1.33645,1.33643,1,1.5
13-08-2014,01:33:39.295,1.33646,1.33644,1.5,1.5
13-08-2014,01:33:39.800,1.33647,1.33644,3,1.5
