Date,Time,Ask,Bid,AskVolume,BidVolume 
13-08-2014 00:00:00.497,1.68057,1.68046,1,2.82
13-08-2014 00:00:01.097,1.68059,1.68046,1,2.82
13-08-2014 00:00:02.326,1.68058,1.68046,1,2.07
13-08-2014 00:00:03.654,1.68059,1.68046,1.13,2.07
13-08-2014 00:00:04.160,1.68053,1.68043,1.13,1.58
13-08-2014 00:00:04.412,1.68051,1.6804,1.19,1.08
13-08-2014 00:00:04.513,1.68049,1.68039,1.19,1.1
13-08-2014 00:00:04.665,1.68047,1.68036,1.33,1.32
13-08-2014 00:00:04.918,1.68049,1.68035,1.29,1.67
13-08-2014 00:00:05.894,1.68049,1.68035,1.58,1.69
13-08-2014 00:00:06.239,1.68054,1.6804,2.44,1.47
13-08-2014 00:00:06.443,1.68054,1.6804,1.69,2.82
13-08-2014 00:00:07.000,1.68053,1.68041,3.94,1.3
13-08-2014 00:00:07.614,1.68053,1.68042,3.75,1.47
13-08-2014 00:00:08.575,1.68053,1.68042,3.75,2.97
13-08-2014 00:00:09.083,1.68056,1.68043,1.94,2.07
13-08-2014 00:00:09.589,1.68056,1.68043,1.25,3.19
13-08-2014 00:00:10.926,1.68058,1.68044,1.69,1.47
13-08-2014 00:00:12.061,1.68058,1.68044,3.19,1.47
13-08-2014 00:00:15.458,1.68055,1.68043,3.75,1.69
13-08-2014 00:00:17.559,1.68056,1.68043,1.25,1.69
13-08-2014 00:00:18.125,1.68053,1.68043,3.75,1.69
13-08-2014 00:00:18.646,1.68053,1.68042,3.75,1.37
13-08-2014 00:00:19.001,1.68056,1.68042,1.09,1.37
13-08-2014 00:00:19.523,1.68056,1.68042,1.25,2.44
13-08-2014 00:00:19.880,1.68054,1.68042,3.75,1.29
13-08-2014 00:00:21.168,1.68054,1.68042,4.5,1.77
13-08-2014 00:00:23.635,1.68053,1.68042,1,1.77
13-08-2014 00:00:23.736,1.68053,1.68042,1.25,1.29
13-08-2014 00:00:23.938,1.68053,1.6804,1.19,1.09
13-08-2014 00:00:24.336,1.6805,1.6804,3.75,1.02
13-08-2014 00:00:24.847,1.6805,1.68037,3.75,4.02
13-08-2014 00:00:25.352,1.6805,1.68037,3.75,3.27
13-08-2014 00:00:25.656,1.68047,1.68035,1.37,1.19
13-08-2014 00:00:26.464,1.68046,1.68034,4.02,2.52
13-08-2014 00:00:29.419,1.68046,1.68034,3.94,1.84
13-08-2014 00:00:32.123,1.68049,1.68035,2.4,2.59
13-08-2014 00:00:32.174,1.68051,1.68035,3.57,2.59
13-08-2014 00:00:32.714,1.68051,1.68038,2.07,1.19
13-08-2014 00:00:33.331,1.68051,1.68038,2.07,1.19
13-08-2014 00:00:34.343,1.68051,1.68038,2.07,1.25
13-08-2014 00:00:37.030,1.68051,1.68038,1.69,1.19
13-08-2014 00:00:39.246,1.68051,1.68038,2.82,1.25
13-08-2014 00:00:39.781,1.68049,1.68036,2.07,1.69
13-08-2014 00:00:42.701,1.68052,1.68037,1.39,1.69
13-08-2014 00:00:45.221,1.6805,1.68037,1.2,1.69
13-08-2014 00:00:49.200,1.6805,1.68037,1.39,4.69
13-08-2014 00:00:49.251,1.6805,1.68037,2.14,4.69
13-08-2014 00:00:52.067,1.6805,1.68037,1.2,1.32
13-08-2014 00:00:55.178,1.6805,1.68036,1.39,1.69
13-08-2014 00:00:56.192,1.6805,1.68037,1.39,1.32
13-08-2014 00:00:57.203,1.6805,1.68037,1.39,1.32
13-08-2014 00:00:58.948,1.6805,1.68036,1.39,5.44
13-08-2014 00:01:00.230,1.6805,1.68036,1.39,5.44
13-08-2014 00:01:04.430,1.6805,1.68036,1.39,1.19
13-08-2014 00:01:05.496,1.6805,1.68037,1.39,1.19
13-08-2014 00:01:05.864,1.6805,1.68036,1.39,1.19
13-08-2014 00:01:06.737,1.6805,1.68037,1.2,1.19
13-08-2014 00:01:07.252,1.68051,1.68038,1.3,1.19
13-08-2014 00:01:08.122,1.68052,1.68038,2.14,1.27
13-08-2014 00:01:08.677,1.68052,1.68039,1.77,2.52
13-08-2014 00:01:09.182,1.68052,1.68039,1.77,2.52
13-08-2014 00:01:19.856,1.68053,1.68039,2.52,1.39
13-08-2014 00:01:20.877,1.68053,1.68039,2.52,1.39
13-08-2014 00:01:21.398,1.68052,1.68039,1.02,1.32
13-08-2014 00:01:24.665,1.68051,1.68039,1.28,2.44
13-08-2014 00:01:31.569,1.68051,1.68039,1.47,2.44
13-08-2014 00:01:32.869,1.68051,1.68039,1.47,2.44
13-08-2014 00:01:33.475,1.68051,1.68038,1.09,1.69
13-08-2014 00:01:35.566,1.68051,1.68039,1.47,2.44
13-08-2014 00:01:36.565,1.68051,1.68039,1.74,2.44
13-08-2014 00:01:41.267,1.68051,1.68038,2.14,1.19
13-08-2014 00:01:42.955,1.68051,1.68037,2.82,1.13
13-08-2014 00:01:44.140,1.68049,1.68037,1.47,1.19
13-08-2014 00:01:44.649,1.68049,1.68037,1.84,1
13-08-2014 00:01:45.658,1.68049,1.68036,1.84,1.25
13-08-2014 00:01:49.203,1.68048,1.68037,1.25,1
13-08-2014 00:01:49.732,1.68048,1.68038,1.25,1
13-08-2014 00:01:50.321,1.68048,1.68037,1.25,1
13-08-2014 00:01:53.855,1.68047,1.68037,1.25,1.69
13-08-2014 00:01:56.856,1.68047,1.68037,1.32,1.5
13-08-2014 00:01:58.986,1.68049,1.68037,2.14,1.5
13-08-2014 00:01:59.490,1.68049,1.68037,1.84,1.5
13-08-2014 00:02:01.993,1.6805,1.68037,1.47,1.69
13-08-2014 00:02:12.408,1.68049,1.68037,1.84,1.5
13-08-2014 00:02:14.610,1.6805,1.68037,2.59,1.69
13-08-2014 00:02:17.502,1.68048,1.68037,1,1.69
13-08-2014 00:02:18.385,1.68048,1.68037,1.32,1.69
13-08-2014 00:02:19.387,1.68049,1.68037,1.84,1.5
13-08-2014 00:02:20.425,1.68048,1.68037,1.32,1.69
13-08-2014 00:02:21.400,1.68047,1.68037,1.19,1
13-08-2014 00:02:22.971,1.68047,1.68036,1.19,1.32
13-08-2014 00:02:23.961,1.68047,1.68037,1.32,1
13-08-2014 00:02:38.467,1.68046,1.68037,1.33,1
13-08-2014 00:02:38.518,1.68046,1.68035,1.33,1.88
13-08-2014 00:02:39.258,1.68046,1.68035,1.77,3.19
13-08-2014 00:02:39.764,1.68044,1.68034,1.29,3.38
13-08-2014 00:02:42.699,1.68044,1.68034,1.29,1.88
13-08-2014 00:02:45.418,1.68045,1.68034,1.33,1.88
13-08-2014 00:02:56.857,1.68044,1.68034,1.29,2.25
13-08-2014 00:02:57.386,1.68044,1.68034,1.29,4.5
13-08-2014 00:02:58.064,1.68044,1.68034,1.29,2.63
13-08-2014 00:02:58.869,1.68046,1.68034,2.52,2.82
13-08-2014 00:02:59.445,1.68046,1.68034,1.77,3.94
13-08-2014 00:03:01.588,1.68046,1.68034,1.3,2.07
13-08-2014 00:03:02.100,1.68047,1.68034,1.5,2.82
13-08-2014 00:03:02.714,1.68048,1.68035,2.63,1.69
13-08-2014 00:03:03.580,1.68047,1.68035,1.77,1.69
13-08-2014 00:03:04.447,1.68045,1.68034,1.02,3.19
13-08-2014 00:03:12.428,1.68045,1.68034,1.1,3.94
13-08-2014 00:03:14.300,1.68045,1.68034,1.1,3.19
13-08-2014 00:03:16.540,1.68045,1.68032,1.1,2.59
13-08-2014 00:03:17.579,1.68042,1.68032,1.25,1.09
13-08-2014 00:03:17.833,1.68042,1.68031,1.32,1.1
13-08-2014 00:03:20.349,1.68042,1.6803,1,2.97
13-08-2014 00:03:20.400,1.68045,1.68032,1.77,1.77
13-08-2014 00:03:20.855,1.68045,1.68035,1.25,1
13-08-2014 00:03:21.967,1.68046,1.68035,1.65,1.25
13-08-2014 00:03:25.022,1.68046,1.68035,1.65,1.25
13-08-2014 00:03:25.564,1.68046,1.68035,2.52,1.19
13-08-2014 00:03:32.536,1.68046,1.68033,7,1.19
13-08-2014 00:03:33.529,1.68046,1.68033,7.19,1.19
13-08-2014 00:03:38.555,1.68045,1.68033,1.15,1.69
13-08-2014 00:03:40.588,1.68045,1.68033,1.34,1.19
13-08-2014 00:03:41.564,1.68045,1.68033,1.4,1.19
13-08-2014 00:03:45.553,1.68045,1.68033,1.15,1.19
13-08-2014 00:03:46.536,1.68045,1.68033,1.4,1.19
13-08-2014 00:03:52.570,1.68045,1.68033,1.34,1.19
13-08-2014 00:03:57.653,1.68046,1.68033,2.82,1.32
13-08-2014 00:04:00.363,1.68046,1.68033,2.82,1.32
13-08-2014 00:04:01.358,1.68046,1.68033,2.82,1.32
13-08-2014 00:04:02.417,1.68043,1.68033,1,1.32
13-08-2014 00:04:03.028,1.68043,1.68033,1,1.32
13-08-2014 00:04:03.533,1.68043,1.68033,1,3.19
13-08-2014 00:04:04.076,1.68043,1.68033,1.77,1
13-08-2014 00:04:04.431,1.68041,1.68031,1.19,1.13
13-08-2014 00:04:04.936,1.6804,1.68029,1.47,2.07
13-08-2014 00:04:05.441,1.6804,1.68029,1.47,2.07
13-08-2014 00:04:06.353,1.68041,1.68029,1.5,2.82
13-08-2014 00:04:06.656,1.68044,1.68032,2.52,1.19
13-08-2014 00:04:06.707,1.68045,1.68032,1.47,1.19
13-08-2014 00:04:07.382,1.68042,1.68033,1,1.19
13-08-2014 00:04:07.589,1.68046,1.68033,2.52,1.19
13-08-2014 00:04:08.460,1.68046,1.68033,1.77,1.19
13-08-2014 00:04:11.622,1.68046,1.68033,1.77,1.19
13-08-2014 00:04:18.534,1.68045,1.68034,1.08,1.19
13-08-2014 00:04:19.048,1.68048,1.68035,2.82,1.32
13-08-2014 00:04:19.406,1.68045,1.68034,3.64,1.19
13-08-2014 00:04:19.457,1.68043,1.68032,1.13,1.28
13-08-2014 00:04:19.975,1.68042,1.68031,1.25,1.19
13-08-2014 00:04:20.491,1.68042,1.68031,1.25,1
13-08-2014 00:04:22.070,1.68042,1.68031,1,1.32
13-08-2014 00:04:22.538,1.68046,1.68033,1.39,1.88
13-08-2014 00:04:23.296,1.68046,1.68033,1.39,2.07
13-08-2014 00:04:24.097,1.68047,1.68033,2.22,1.32
13-08-2014 00:04:24.703,1.68047,1.68033,1.4,1.19
13-08-2014 00:04:25.209,1.68048,1.68035,3.57,1.19
13-08-2014 00:04:25.815,1.68048,1.68036,1.69,1.19
13-08-2014 00:04:28.469,1.68048,1.68035,1.5,2.07
13-08-2014 00:04:31.433,1.6805,1.68035,1.47,1.77
13-08-2014 00:04:32.878,1.6805,1.68036,1.47,1.32
13-08-2014 00:04:33.902,1.6805,1.68035,1.47,1.77
13-08-2014 00:04:42.828,1.6805,1.68034,2.14,3.64
13-08-2014 00:04:42.879,1.68048,1.68034,1.08,3.64
13-08-2014 00:05:02.866,1.6805,1.68035,2.14,2.14
13-08-2014 00:05:03.373,1.68049,1.68035,1.09,2.22
13-08-2014 00:05:04.785,1.68049,1.68036,1.77,1.19
13-08-2014 00:05:05.329,1.68049,1.68036,1.5,1.19
13-08-2014 00:05:06.024,1.68049,1.68035,2.07,2.07
13-08-2014 00:05:06.999,1.68049,1.68036,2.07,1.19
13-08-2014 00:05:09.000,1.68049,1.68036,1.02,1.29
13-08-2014 00:05:09.505,1.6805,1.68036,1.77,1.77
13-08-2014 00:05:10.016,1.6805,1.68036,1.77,1.29
13-08-2014 00:05:11.088,1.6805,1.68036,1.77,1.29
13-08-2014 00:05:16.966,1.6805,1.68035,2.52,1.47
13-08-2014 00:05:23.450,1.68049,1.68036,3.64,1.19
13-08-2014 00:05:23.956,1.68048,1.68036,2.03,1.19
13-08-2014 00:05:25.411,1.68048,1.68035,1.47,2.07
13-08-2014 00:05:28.423,1.68048,1.68035,1.02,2.14
13-08-2014 00:05:28.927,1.68048,1.68035,1,2.22
13-08-2014 00:05:30.872,1.68049,1.68035,2.78,2.22
13-08-2014 00:05:34.885,1.68049,1.68035,3.34,2.22
13-08-2014 00:05:36.623,1.68049,1.68036,2.59,1.32
13-08-2014 00:05:37.593,1.68049,1.68035,2.59,2.22
13-08-2014 00:05:39.598,1.68049,1.68036,2.59,1.19
13-08-2014 00:05:41.049,1.68049,1.68035,2.59,1.77
13-08-2014 00:05:46.873,1.68049,1.68035,2.59,2.22
13-08-2014 00:05:50.095,1.68049,1.68034,3.34,2.22
13-08-2014 00:05:50.609,1.68045,1.68034,1,1.72
13-08-2014 00:05:52.617,1.68046,1.68033,1,6.19
13-08-2014 00:05:53.215,1.68046,1.68033,1,6.19
13-08-2014 00:05:53.721,1.68049,1.68034,2.97,1.34
13-08-2014 00:05:54.075,1.68049,1.68036,2.22,1.19
13-08-2014 00:05:54.598,1.68049,1.68036,1.84,1.32
13-08-2014 00:05:55.356,1.68048,1.68036,1,1.32
13-08-2014 00:05:55.861,1.6805,1.68036,1.47,2.07
13-08-2014 00:05:59.650,1.6805,1.68036,1.34,1.19
13-08-2014 00:06:03.702,1.6805,1.68037,1.47,1.19
13-08-2014 00:06:05.970,1.6805,1.68035,2.22,2.89
13-08-2014 00:06:08.001,1.6805,1.68035,2.97,1.77
13-08-2014 00:06:11.013,1.68048,1.68035,1,1.39
13-08-2014 00:06:20.514,1.68048,1.68035,1.08,2.14
13-08-2014 00:06:29.559,1.6805,1.68037,1.77,1.69
13-08-2014 00:06:30.064,1.6805,1.68037,1.39,1.69
13-08-2014 00:06:31.575,1.6805,1.68037,1.09,2.44
13-08-2014 00:06:32.443,1.68052,1.6804,1.23,1.29
13-08-2014 00:06:32.494,1.68053,1.6804,1.19,1.39
13-08-2014 00:06:35.362,1.68045,1.68042,1.88,1
13-08-2014 00:06:35.464,1.68045,1.68032,5.07,2.85
13-08-2014 00:06:35.616,1.68045,1.68038,3.34,1
13-08-2014 00:06:35.717,1.68047,1.68036,2.14,1
13-08-2014 00:06:35.768,1.68047,1.68036,1.39,1
13-08-2014 00:06:35.869,1.68049,1.68036,1.77,1.19
13-08-2014 00:06:36.021,1.6805,1.68038,1.37,1.19
13-08-2014 00:06:36.903,1.6805,1.68038,1.09,1.25
13-08-2014 00:06:37.452,1.6805,1.68039,1.09,1
13-08-2014 00:06:37.975,1.6805,1.68038,1.09,1.19
13-08-2014 00:06:38.901,1.6805,1.68038,1.37,1.19
13-08-2014 00:06:39.892,1.68051,1.68038,1.02,1.19
13-08-2014 00:06:40.903,1.68051,1.68038,1.29,2.07
13-08-2014 00:06:41.934,1.6805,1.68038,1.23,2.07
13-08-2014 00:06:42.810,1.6805,1.68038,1.33,1.32
13-08-2014 00:06:45.934,1.6805,1.68038,1.08,1.19
13-08-2014 00:06:48.931,1.68052,1.68038,3.27,1.39
13-08-2014 00:06:49.996,1.68052,1.68038,2.44,2.14
13-08-2014 00:06:50.845,1.68053,1.6804,2.07,1.1
13-08-2014 00:06:50.997,1.68053,1.68041,1.5,3.83
13-08-2014 00:06:51.514,1.68055,1.68042,2.82,1.84
13-08-2014 00:06:52.080,1.68055,1.68043,2.82,2.33
13-08-2014 00:06:53.930,1.68055,1.68044,2.07,1
13-08-2014 00:06:54.494,1.68055,1.68044,1.32,1
13-08-2014 00:06:56.033,1.68055,1.68043,1.47,1.5
13-08-2014 00:06:56.553,1.68055,1.68044,2.22,1
13-08-2014 00:06:59.170,1.68055,1.68043,1.19,2.89
13-08-2014 00:07:01.063,1.68056,1.68043,1.69,1.77
13-08-2014 00:07:01.366,1.68055,1.68043,1.32,1.58
13-08-2014 00:07:02.376,1.68056,1.68043,2.44,1.58
13-08-2014 00:07:03.382,1.68056,1.68043,2.07,1.77
13-08-2014 00:07:03.895,1.68059,1.68046,2.52,2.82
13-08-2014 00:07:03.996,1.68059,1.68048,1.2,1
13-08-2014 00:07:04.350,1.68055,1.68047,1.5,1.27
13-08-2014 00:07:04.401,1.68055,1.68046,1.77,1
13-08-2014 00:07:04.756,1.68055,1.68044,2.52,1
13-08-2014 00:07:04.806,1.68054,1.68044,1.29,1
13-08-2014 00:07:05.110,1.68052,1.6804,1.19,3.34
13-08-2014 00:07:05.615,1.68052,1.68041,2.89,1.13
13-08-2014 00:07:07.081,1.68052,1.68041,2.14,1.25
13-08-2014 00:07:08.077,1.68054,1.68044,1.58,2.44
13-08-2014 00:07:08.128,1.68054,1.68045,1,1.69
13-08-2014 00:07:08.179,1.68058,1.68047,1.28,1.32
13-08-2014 00:07:08.280,1.68058,1.68047,1,2.44
13-08-2014 00:07:08.787,1.68059,1.68048,1,1.39
13-08-2014 00:07:09.600,1.68058,1.68048,1.25,1.2
13-08-2014 00:07:10.106,1.68057,1.68045,1.27,2.25
13-08-2014 00:07:10.157,1.68055,1.68045,2.44,1
13-08-2014 00:07:10.258,1.68054,1.68043,1.09,1
13-08-2014 00:07:10.764,1.68056,1.68043,1.69,1.32
13-08-2014 00:07:13.545,1.68056,1.68044,1.69,3.19
13-08-2014 00:07:13.697,1.6806,1.68047,3.38,1.32
13-08-2014 00:07:13.798,1.6806,1.68047,2.03,1.32
13-08-2014 00:07:15.287,1.68059,1.68048,1.19,1.5
13-08-2014 00:07:15.797,1.68058,1.68046,1.37,1.69
13-08-2014 00:07:17.267,1.68059,1.68046,1.69,1.58
13-08-2014 00:07:18.020,1.68059,1.68046,2.52,1.08
13-08-2014 00:07:18.536,1.68059,1.68046,1.69,2.25
13-08-2014 00:07:19.043,1.68059,1.68046,1.77,1.18
13-08-2014 00:07:19.568,1.68059,1.68046,2.52,1
13-08-2014 00:07:20.076,1.68057,1.68044,1.39,1.47
13-08-2014 00:07:22.594,1.68055,1.68045,1.02,1
13-08-2014 00:07:23.137,1.68055,1.68043,1.02,1.25
13-08-2014 00:07:23.512,1.68055,1.68043,1.69,1.25
13-08-2014 00:07:29.498,1.68055,1.68042,2.44,1.25
13-08-2014 00:07:31.033,1.68055,1.68042,2.82,1.19
13-08-2014 00:07:32.529,1.68055,1.68042,2.82,1.19
13-08-2014 00:07:34.862,1.68055,1.68045,2.82,1
13-08-2014 00:07:36.828,1.68055,1.68045,1.32,1
13-08-2014 00:07:37.396,1.68055,1.68045,1.32,1
13-08-2014 00:07:37.855,1.68055,1.68042,1.32,2.52
13-08-2014 00:07:38.369,1.68055,1.68042,1,2.52
13-08-2014 00:07:40.317,1.68055,1.68043,1.18,1.19
13-08-2014 00:07:41.594,1.68054,1.68043,1.77,1
13-08-2014 00:07:41.797,1.68052,1.6804,1.19,1.29
13-08-2014 00:07:42.417,1.68052,1.68041,4.02,1
13-08-2014 00:07:43.487,1.68052,1.68041,4.02,1
13-08-2014 00:07:44.018,1.68051,1.68041,1.67,1
13-08-2014 00:07:49.396,1.68051,1.68041,3.27,1
13-08-2014 00:07:51.609,1.68053,1.68041,2.44,1.69
13-08-2014 00:07:51.711,1.68057,1.68043,3.27,1.29
13-08-2014 00:07:52.216,1.68057,1.68044,1.77,2.44
13-08-2014 00:07:52.721,1.68059,1.68044,2.52,4.39
13-08-2014 00:07:54.199,1.68059,1.68046,2.52,1
13-08-2014 00:07:56.247,1.68059,1.68046,2.52,1
13-08-2014 00:08:00.248,1.68058,1.68046,1.39,1
13-08-2014 00:08:01.273,1.68059,1.68046,2.14,1.19
13-08-2014 00:08:02.196,1.68059,1.68045,2.14,1.39
13-08-2014 00:08:06.205,1.68058,1.68046,1.77,1.32
13-08-2014 00:08:08.871,1.68058,1.68047,1.77,1
13-08-2014 00:08:10.368,1.68058,1.68047,1.08,1.25
13-08-2014 00:08:10.419,1.68059,1.68049,1.33,1.5
13-08-2014 00:08:10.470,1.68061,1.68049,1.63,1.69
13-08-2014 00:08:10.571,1.68061,1.68049,2.07,1.5
13-08-2014 00:08:11.078,1.68061,1.6805,1.7,1
13-08-2014 00:08:12.415,1.68061,1.68049,1.7,1.25
13-08-2014 00:08:12.719,1.68058,1.68047,1.19,1.77
13-08-2014 00:08:13.306,1.68058,1.68046,1.19,2.52
13-08-2014 00:08:14.687,1.68058,1.68046,1.25,2.52
13-08-2014 00:08:19.701,1.68058,1.68046,1.19,2.52
13-08-2014 00:08:20.675,1.68058,1.68046,1.25,2.52
13-08-2014 00:08:24.299,1.68058,1.68045,1.33,2.22
13-08-2014 00:08:27.467,1.68058,1.68045,3.19,1.57
13-08-2014 00:08:28.278,1.68058,1.68045,3.19,1.32
13-08-2014 00:08:29.415,1.68057,1.68044,2.59,1.5
13-08-2014 00:08:29.668,1.68052,1.68039,1.09,2.44
13-08-2014 00:08:30.174,1.68052,1.6804,1.77,1.5
13-08-2014 00:08:31.735,1.68052,1.6804,1.77,1
13-08-2014 00:08:32.760,1.68052,1.6804,2.22,1
13-08-2014 00:08:34.630,1.68052,1.68039,2.89,1.25
13-08-2014 00:08:35.715,1.68052,1.68039,2.14,1
13-08-2014 00:08:40.092,1.68052,1.68038,2.89,2.07
13-08-2014 00:08:40.895,1.68052,1.68039,2.89,1
13-08-2014 00:08:41.408,1.68052,1.68039,3.64,1.19
13-08-2014 00:08:44.707,1.68052,1.68039,1.09,2.52
13-08-2014 00:08:45.593,1.68052,1.6804,1.09,1
13-08-2014 00:08:46.100,1.68052,1.6804,1.84,1
13-08-2014 00:08:48.927,1.68051,1.68041,1.02,1
13-08-2014 00:08:49.439,1.68051,1.68039,1.02,1.95
13-08-2014 00:08:50.597,1.68052,1.68039,2.59,1.02
13-08-2014 00:08:53.647,1.68052,1.68039,2.59,1.77
13-08-2014 00:08:58.360,1.68052,1.68039,3.75,2.44
13-08-2014 00:08:59.176,1.68054,1.6804,5.44,1.32
13-08-2014 00:08:59.429,1.68056,1.68043,1.09,1.69
13-08-2014 00:08:59.479,1.68056,1.68043,1.09,2.44
13-08-2014 00:08:59.985,1.68057,1.68045,1.02,1.19
13-08-2014 00:09:00.293,1.68058,1.68045,1.09,1.19
13-08-2014 00:09:00.798,1.68058,1.68044,1.09,2.07
13-08-2014 00:09:03.632,1.68059,1.68044,3.64,2.07
13-08-2014 00:09:18.286,1.68057,1.68044,1.02,4.69
13-08-2014 00:09:24.236,1.68058,1.68044,1.09,1.84
13-08-2014 00:09:27.962,1.68058,1.68044,1.09,2.97
13-08-2014 00:09:28.942,1.68058,1.68044,1.09,2.22
13-08-2014 00:09:31.792,1.68058,1.68044,1.09,2.97
13-08-2014 00:09:32.305,1.68058,1.68044,1.09,2.22
13-08-2014 00:09:33.994,1.68058,1.68045,1.84,1.19
13-08-2014 00:09:35.991,1.68057,1.68044,1.32,2.22
13-08-2014 00:09:36.909,1.68056,1.68044,1.39,1.32
13-08-2014 00:09:37.420,1.68056,1.68043,1.39,3.19
13-08-2014 00:09:47.156,1.68055,1.68043,1.02,1.19
13-08-2014 00:09:50.075,1.68055,1.68043,1.02,1.69
13-08-2014 00:09:57.488,1.68055,1.68043,1.77,2.44
13-08-2014 00:10:06.887,1.68055,1.68043,3.27,1.69
13-08-2014 00:10:07.746,1.68055,1.68043,2.52,1.69
13-08-2014 00:10:08.229,1.68055,1.68043,2.44,2.44
13-08-2014 00:10:08.918,1.68055,1.68043,2.44,1.69
13-08-2014 00:10:09.431,1.68055,1.68043,4.69,1.69
13-08-2014 00:10:11.157,1.68055,1.68043,2.44,1.5
13-08-2014 00:10:14.127,1.68054,1.68043,1.32,1.25
13-08-2014 00:10:14.430,1.6805,1.68041,1.09,1.5
13-08-2014 00:10:14.745,1.6805,1.68039,1.84,1.25
13-08-2014 00:10:15.925,1.68051,1.68039,1.64,1.69
13-08-2014 00:10:16.436,1.68051,1.6804,1.57,1
13-08-2014 00:10:17.209,1.68051,1.6804,1.69,1.19
13-08-2014 00:10:23.127,1.68052,1.6804,1.85,2.44
13-08-2014 00:10:23.228,1.68054,1.68042,1.77,1.32
13-08-2014 00:10:23.380,1.68054,1.68044,1.77,1
13-08-2014 00:10:23.633,1.68054,1.68042,1.77,1.32
13-08-2014 00:10:24.145,1.68054,1.68042,1.58,2.07
13-08-2014 00:10:27.423,1.68054,1.68043,1.39,1.32
13-08-2014 00:10:31.264,1.68054,1.68042,1.39,2.82
13-08-2014 00:10:45.419,1.68052,1.68042,1,2.52
13-08-2014 00:10:45.930,1.68054,1.68042,1.39,2.52
13-08-2014 00:10:46.432,1.68054,1.68042,2.52,1.69
13-08-2014 00:10:50.901,1.68054,1.68044,2.52,1
13-08-2014 00:10:55.724,1.68053,1.68044,2.14,1
13-08-2014 00:10:57.152,1.68052,1.68044,1,1
13-08-2014 00:10:57.928,1.68052,1.68044,1,1.19
13-08-2014 00:10:59.974,1.68052,1.68044,1.1,1.25
13-08-2014 00:11:04.649,1.68053,1.68042,1.18,2.07
13-08-2014 00:11:07.952,1.68052,1.68042,1.1,1.25
13-08-2014 00:11:10.960,1.68054,1.68042,3.27,1.69
13-08-2014 00:11:18.718,1.68053,1.68042,1.84,1.25
13-08-2014 00:11:19.894,1.68054,1.68042,3.27,1.25
13-08-2014 00:11:28.180,1.68054,1.68044,2.52,1.19
13-08-2014 00:11:30.000,1.68054,1.68044,1.32,1.19
13-08-2014 00:11:30.606,1.68055,1.68045,1.02,1
13-08-2014 00:11:36.925,1.68056,1.68045,1.09,1.25
13-08-2014 00:11:41.266,1.68056,1.68045,1.02,1.19
13-08-2014 00:11:42.952,1.68056,1.68045,1.02,1.19
13-08-2014 00:11:55.305,1.68058,1.68045,3.27,1.19
13-08-2014 00:11:58.130,1.68057,1.68045,1.32,1.77
13-08-2014 00:11:58.669,1.68056,1.68045,1,1.77
13-08-2014 00:11:59.175,1.68055,1.68045,1,1.02
13-08-2014 00:11:59.327,1.68057,1.68045,1.32,1.02
13-08-2014 00:11:59.378,1.68057,1.68045,2.07,1.02
13-08-2014 00:12:02.296,1.68057,1.68046,1.57,1.37
13-08-2014 00:12:16.136,1.68059,1.68046,2.14,1.47
13-08-2014 00:12:16.287,1.68059,1.68047,2.07,1.33
13-08-2014 00:12:18.942,1.68059,1.68052,1,1.25
13-08-2014 00:12:19.146,1.68061,1.68052,1.25,1.25
13-08-2014 00:12:19.594,1.68061,1.68049,1.19,1.09
13-08-2014 00:12:20.226,1.6806,1.68048,1.32,1.77
13-08-2014 00:12:21.560,1.68059,1.68047,1,2.22
13-08-2014 00:12:22.098,1.6806,1.68047,2.14,2.22
13-08-2014 00:12:23.240,1.6806,1.68048,2.44,1.77
13-08-2014 00:12:23.746,1.6806,1.68048,2,1.19
13-08-2014 00:12:24.250,1.68057,1.68048,1,1.19
13-08-2014 00:12:25.516,1.68056,1.68048,1,1.19
13-08-2014 00:12:33.136,1.68056,1.68048,1,1.32
13-08-2014 00:12:37.149,1.68059,1.68048,3.19,1.25
13-08-2014 00:12:37.688,1.68059,1.68049,1.69,1.2
13-08-2014 00:12:38.251,1.6806,1.68049,3.19,1.39
13-08-2014 00:12:38.844,1.6806,1.68049,1.69,1.39
13-08-2014 00:12:40.176,1.68061,1.68049,2.44,1.09
13-08-2014 00:12:42.148,1.68061,1.68049,3.19,1.39
13-08-2014 00:12:44.087,1.68059,1.68047,1,3.19
13-08-2014 00:12:52.134,1.68061,1.68048,2.44,2.22
13-08-2014 00:12:55.111,1.68062,1.68051,3.19,1.19
13-08-2014 00:12:55.983,1.68062,1.68051,2.82,1.19
13-08-2014 00:13:00.132,1.68062,1.6805,2.82,1.19
13-08-2014 00:13:09.132,1.68062,1.68048,2.44,2.97
13-08-2014 00:13:11.131,1.68062,1.68049,2.44,1.84
13-08-2014 00:13:12.124,1.68062,1.6805,2.44,1.19
13-08-2014 00:13:14.214,1.68062,1.68049,2.82,1.39
13-08-2014 00:13:15.590,1.68063,1.68051,2.59,1.5
13-08-2014 00:13:15.893,1.68064,1.68057,1.13,1.19
13-08-2014 00:13:15.944,1.68064,1.68054,1.13,1.27
13-08-2014 00:13:16.981,1.68065,1.68053,1.02,1.39
13-08-2014 00:13:17.335,1.68066,1.68057,1.19,1
13-08-2014 00:13:17.840,1.68066,1.68056,1.32,1
13-08-2014 00:13:18.194,1.68066,1.68053,2.07,1.4
13-08-2014 00:13:19.847,1.68064,1.68053,1.32,1.25
13-08-2014 00:13:20.373,1.68064,1.68053,1.32,1.19
13-08-2014 00:13:26.263,1.68064,1.68053,1.25,1.25
13-08-2014 00:13:27.767,1.68064,1.68053,2.07,1.25
13-08-2014 00:13:28.409,1.68064,1.68058,2.07,1
13-08-2014 00:13:28.460,1.68064,1.68058,1.13,1
13-08-2014 00:13:28.619,1.68066,1.68056,3.34,1
13-08-2014 00:13:31.364,1.68066,1.68055,2.59,1.25
13-08-2014 00:13:31.886,1.68066,1.68055,1.47,1
13-08-2014 00:13:32.414,1.68066,1.68055,2.22,1.25
13-08-2014 00:13:33.286,1.68066,1.68055,4.09,1.25
13-08-2014 00:13:40.560,1.68067,1.68055,2.22,1
13-08-2014 00:13:41.495,1.68066,1.68055,1.19,1.25
13-08-2014 00:13:42.456,1.68067,1.68055,2.22,1
13-08-2014 00:13:44.955,1.68066,1.68055,2.44,1
13-08-2014 00:13:45.901,1.68066,1.68058,3.19,1
13-08-2014 00:13:46.460,1.68065,1.68056,2,1
13-08-2014 00:13:47.893,1.68065,1.68056,1.69,1
13-08-2014 00:13:49.122,1.68065,1.68055,1.69,1
13-08-2014 00:13:50.863,1.68065,1.68055,2.44,1
13-08-2014 00:13:55.072,1.68065,1.68055,1.69,1
13-08-2014 00:13:59.438,1.68066,1.68056,3.19,1
13-08-2014 00:13:59.944,1.68066,1.68056,1.32,1
13-08-2014 00:14:00.551,1.68066,1.68056,2.07,1
13-08-2014 00:14:02.971,1.68065,1.68056,1.02,1
13-08-2014 00:14:06.046,1.68065,1.68056,1.02,1
13-08-2014 00:14:08.574,1.68066,1.68056,1.09,1
13-08-2014 00:14:10.885,1.68063,1.68054,1.32,1.18
13-08-2014 00:14:11.088,1.68063,1.68053,1.77,1
13-08-2014 00:14:11.189,1.68063,1.68055,1.77,1
13-08-2014 00:14:11.441,1.68063,1.68052,1.77,1.5
13-08-2014 00:14:11.653,1.68062,1.68052,1.02,1
13-08-2014 00:14:12.183,1.68063,1.68053,3.64,1
13-08-2014 00:14:14.193,1.68063,1.68053,1.77,1
13-08-2014 00:14:14.597,1.68063,1.68055,1.69,1
13-08-2014 00:14:15.101,1.68064,1.68054,3.27,1
13-08-2014 00:14:15.514,1.68064,1.68054,1.02,1
13-08-2014 00:14:18.593,1.68064,1.68054,1.02,1
13-08-2014 00:14:20.814,1.68064,1.68054,2.52,1.25
13-08-2014 00:14:21.924,1.68065,1.68054,2.52,1.25
13-08-2014 00:14:25.975,1.68064,1.68054,1.02,1
13-08-2014 00:14:29.290,1.6806,1.68054,1.69,1
13-08-2014 00:14:29.341,1.6806,1.68052,1.69,1.1
13-08-2014 00:14:29.846,1.6806,1.68051,1.69,1
13-08-2014 00:14:36.075,1.6806,1.68051,1.13,1.19
13-08-2014 00:14:36.176,1.68062,1.68054,3.27,1
13-08-2014 00:14:36.682,1.68062,1.68053,2.44,1
13-08-2014 00:14:38.002,1.68063,1.68053,2.52,1.25
13-08-2014 00:14:38.835,1.68063,1.68054,2.52,1
13-08-2014 00:14:39.343,1.68065,1.68054,4.77,1.25
13-08-2014 00:14:39.747,1.68063,1.68054,1.02,1.25
13-08-2014 00:14:43.364,1.68065,1.68056,1.5,2.25
13-08-2014 00:14:43.415,1.68065,1.68056,1,2.25
13-08-2014 00:14:43.920,1.68066,1.68057,1,1.67
13-08-2014 00:14:43.971,1.68069,1.68057,1.77,1.67
13-08-2014 00:14:47.139,1.68069,1.68057,2.14,2.14
13-08-2014 00:14:50.434,1.68069,1.68057,1.77,1.39
13-08-2014 00:14:50.940,1.68069,1.68059,1.29,1
13-08-2014 00:14:51.461,1.68069,1.68059,1.02,1
13-08-2014 00:14:54.683,1.68071,1.68063,2.89,1
13-08-2014 00:14:54.888,1.68071,1.68061,2.89,1
13-08-2014 00:14:55.407,1.68071,1.6806,2.89,1
13-08-2014 00:15:00.981,1.68067,1.6806,1,1
13-08-2014 00:15:01.486,1.68067,1.68058,1,1.09
13-08-2014 00:15:12.507,1.68067,1.68057,1.25,1.39
13-08-2014 00:15:15.399,1.68067,1.68057,1,1.84
13-08-2014 00:15:19.695,1.68067,1.68057,1.25,1.2
13-08-2014 00:15:29.368,1.68068,1.68057,1.25,1.09
13-08-2014 00:15:36.776,1.68068,1.68057,1.39,1.32
13-08-2014 00:15:40.155,1.68068,1.68057,1.77,1.25
13-08-2014 00:15:41.154,1.68068,1.68057,1.39,1.32
13-08-2014 00:15:44.017,1.68068,1.68056,1.39,2.52
13-08-2014 00:15:44.856,1.68066,1.68055,2.25,1.27
13-08-2014 00:15:45.058,1.68065,1.68053,2.22,1.32
13-08-2014 00:15:45.563,1.68064,1.68052,3.19,1.39
13-08-2014 00:15:46.069,1.68063,1.68052,1.02,1.25
13-08-2014 00:15:47.008,1.68063,1.68052,1.02,1.69
13-08-2014 00:15:47.977,1.68063,1.68052,1.02,1.25
13-08-2014 00:15:48.487,1.68063,1.68052,2.52,1.25
13-08-2014 00:15:48.994,1.68059,1.68051,1,1
13-08-2014 00:15:49.348,1.68059,1.68049,1.13,1.25
13-08-2014 00:15:50.121,1.68059,1.68051,1.13,1
13-08-2014 00:15:50.737,1.68059,1.68052,1.13,1
13-08-2014 00:15:58.070,1.68059,1.68052,1.19,1
13-08-2014 00:16:03.990,1.68059,1.68052,1,1
13-08-2014 00:16:05.404,1.68059,1.68048,1,1.69
13-08-2014 00:16:05.977,1.68059,1.68048,1.25,2.44
13-08-2014 00:16:08.867,1.68059,1.68048,1,1.5
13-08-2014 00:16:08.968,1.68061,1.68049,1.69,1.09
13-08-2014 00:16:10.944,1.68061,1.68051,1.29,2.07
13-08-2014 00:16:14.268,1.6806,1.68049,1.63,4.02
13-08-2014 00:16:14.773,1.68058,1.68049,1,1.19
13-08-2014 00:16:15.290,1.68058,1.68049,1.25,1.25
13-08-2014 00:16:15.796,1.68058,1.68049,1.25,1.69
13-08-2014 00:16:17.425,1.6806,1.68049,1.19,1.69
13-08-2014 00:16:17.476,1.68062,1.6805,2.89,1.95
13-08-2014 00:16:17.578,1.68062,1.68053,1.39,1
13-08-2014 00:16:17.680,1.68064,1.68053,1.69,1.69
13-08-2014 00:16:19.669,1.68066,1.68054,3.34,2.07
13-08-2014 00:16:25.651,1.68066,1.68057,3.34,1
13-08-2014 00:16:27.237,1.68066,1.68056,3.34,1
13-08-2014 00:16:27.788,1.68066,1.68056,1.84,1
13-08-2014 00:16:36.657,1.68065,1.68056,1.77,1
13-08-2014 00:16:39.358,1.68065,1.68054,1.32,2.07
13-08-2014 00:16:39.864,1.68065,1.68053,4.47,1.25
13-08-2014 00:16:40.685,1.68065,1.68053,5.22,1
13-08-2014 00:16:42.810,1.68063,1.68053,1.19,1
13-08-2014 00:16:43.315,1.68063,1.68049,3.34,3.19
13-08-2014 00:16:43.912,1.68062,1.68049,1.39,3.19
13-08-2014 00:16:43.963,1.68062,1.68049,3.34,1.69
13-08-2014 00:16:47.391,1.68062,1.68053,3.34,1
13-08-2014 00:16:50.579,1.68062,1.68056,1.57,1
13-08-2014 00:16:50.933,1.68065,1.68056,1.29,1
13-08-2014 00:16:51.734,1.68066,1.68056,1.19,1.1
13-08-2014 00:17:01.818,1.68066,1.68055,3.19,1.28
13-08-2014 00:17:03.431,1.68067,1.68055,1.69,1.18
13-08-2014 00:17:04.038,1.68066,1.68055,1.19,1.09
13-08-2014 00:17:08.051,1.68067,1.68055,1.69,1.37
13-08-2014 00:17:09.042,1.68067,1.68055,1.19,1.09
13-08-2014 00:17:11.490,1.68066,1.68055,1.25,1.02
13-08-2014 00:17:12.049,1.68068,1.68055,1.29,2.44
13-08-2014 00:17:12.463,1.68068,1.68058,1.29,1
13-08-2014 00:17:12.816,1.68069,1.6806,1.29,1
13-08-2014 00:17:12.968,1.68071,1.6806,1.77,1.5
13-08-2014 00:17:13.473,1.68071,1.6806,1.29,1.5
13-08-2014 00:17:15.491,1.68072,1.6806,1.77,1.08
13-08-2014 00:17:15.904,1.68072,1.68063,1.69,1
13-08-2014 00:17:16.408,1.68072,1.68062,1.19,1
13-08-2014 00:17:17.865,1.68074,1.68063,2.89,1.69
13-08-2014 00:17:18.017,1.68074,1.68063,1.19,2.44
13-08-2014 00:17:18.069,1.68076,1.68063,1.32,3.27
13-08-2014 00:17:18.423,1.68076,1.68067,1.32,1
13-08-2014 00:17:18.941,1.68076,1.68066,1.32,1
13-08-2014 00:17:23.401,1.68076,1.68067,1.19,1
13-08-2014 00:17:23.907,1.68076,1.68068,1.19,1
13-08-2014 00:17:24.430,1.68077,1.68067,1.19,1.1
13-08-2014 00:17:28.104,1.68075,1.68065,1.19,1.1
13-08-2014 00:17:28.408,1.68073,1.68065,1.19,1
13-08-2014 00:17:28.712,1.68073,1.68067,1.19,1
13-08-2014 00:17:29.227,1.68077,1.68066,1.39,1
13-08-2014 00:17:30.428,1.68078,1.68066,1.84,1
13-08-2014 00:17:30.630,1.68075,1.68065,1.32,1
13-08-2014 00:17:31.085,1.68076,1.68067,2.97,1
13-08-2014 00:17:31.848,1.68076,1.68067,2.07,1
13-08-2014 00:17:32.203,1.68079,1.68068,1,1.19
13-08-2014 00:17:32.750,1.6808,1.68068,1.02,1.19
13-08-2014 00:17:34.582,1.6808,1.6807,1.02,1
13-08-2014 00:17:36.511,1.68082,1.68071,1.57,1
13-08-2014 00:17:37.016,1.68082,1.68072,1.57,1
13-08-2014 00:17:37.538,1.68083,1.68072,1.47,1
13-08-2014 00:17:37.790,1.68079,1.68071,1.32,1
13-08-2014 00:17:37.892,1.68077,1.68066,1.19,2.52
13-08-2014 00:17:37.993,1.68077,1.68065,1.69,1.77
13-08-2014 00:17:38.601,1.68074,1.68064,2.25,1.69
13-08-2014 00:17:39.129,1.68074,1.68064,2.44,1.19
13-08-2014 00:17:40.131,1.68074,1.68064,2.44,1
13-08-2014 00:17:40.384,1.68076,1.68064,1.32,1
13-08-2014 00:17:40.831,1.68075,1.68064,2.44,1
13-08-2014 00:17:45.127,1.68075,1.68063,2.44,1.77
13-08-2014 00:17:47.092,1.68075,1.68063,2.44,1.02
13-08-2014 00:17:48.144,1.68075,1.68063,3.19,1.29
13-08-2014 00:17:53.357,1.68073,1.68063,2,1.1
13-08-2014 00:17:53.458,1.68071,1.68063,1.94,1
13-08-2014 00:17:53.991,1.6807,1.68062,1.02,1
13-08-2014 00:17:56.520,1.68071,1.68062,1.84,1
13-08-2014 00:17:59.779,1.68071,1.68062,2.59,1
13-08-2014 00:18:00.773,1.68071,1.68062,1.84,1
13-08-2014 00:18:01.540,1.68071,1.68063,1.65,1
13-08-2014 00:18:01.894,1.68071,1.68065,1.65,1
13-08-2014 00:18:02.469,1.68071,1.68065,1.93,1
13-08-2014 00:18:04.836,1.68071,1.68063,1.84,1
13-08-2014 00:18:05.190,1.68071,1.68061,3.34,1
13-08-2014 00:18:05.732,1.68071,1.68062,3.34,1
13-08-2014 00:18:10.673,1.68071,1.68063,1.84,1
13-08-2014 00:18:14.873,1.6807,1.68062,1.09,1
13-08-2014 00:18:15.382,1.68071,1.68062,2.22,1
13-08-2014 00:18:15.893,1.68072,1.68062,1.02,1.25
13-08-2014 00:18:18.832,1.68072,1.68062,1.77,1
13-08-2014 00:18:26.819,1.68071,1.68062,1.69,1
13-08-2014 00:18:34.129,1.68071,1.68061,1.39,1
13-08-2014 00:18:40.748,1.68071,1.68061,1.02,1
13-08-2014 00:18:41.645,1.68071,1.68061,1.77,1
13-08-2014 00:18:42.597,1.68069,1.6806,1.32,1.5
13-08-2014 00:18:43.176,1.68069,1.68061,1.47,1
13-08-2014 00:18:43.720,1.68069,1.6806,1.28,1
13-08-2014 00:18:44.657,1.68069,1.6806,1.2,1
13-08-2014 00:18:45.606,1.68069,1.6806,1.5,1
13-08-2014 00:18:48.548,1.68069,1.6806,1.13,1.5
13-08-2014 00:18:51.543,1.68069,1.6806,1.19,1.5
13-08-2014 00:18:56.521,1.68069,1.6806,1,1
13-08-2014 00:18:57.646,1.68069,1.68061,1,1
13-08-2014 00:19:00.525,1.68064,1.68061,1,1
13-08-2014 00:19:00.779,1.68068,1.68061,1.69,1
13-08-2014 00:19:01.183,1.68069,1.68059,1.19,1.13
13-08-2014 00:19:01.386,1.68069,1.68061,1.19,1
13-08-2014 00:19:01.438,1.68071,1.68061,1.69,1
13-08-2014 00:19:01.591,1.68071,1.68064,1.69,1
13-08-2014 00:19:01.844,1.68072,1.6806,2.52,2.52
13-08-2014 00:19:01.945,1.68072,1.6806,1.02,1.39
13-08-2014 00:19:02.804,1.68071,1.68059,1.32,1.55
13-08-2014 00:19:03.107,1.68068,1.68058,1.19,2.33
13-08-2014 00:19:05.146,1.6807,1.68057,3.94,1.98
13-08-2014 00:19:05.298,1.68068,1.68056,1.25,2.89
13-08-2014 00:19:05.854,1.68068,1.68056,2,2.52
13-08-2014 00:19:14.921,1.68068,1.68056,1.69,1.58
13-08-2014 00:19:15.022,1.68068,1.68056,1.69,1
13-08-2014 00:19:15.931,1.68068,1.68056,2.44,1.19
13-08-2014 00:19:18.060,1.68066,1.68055,3.19,1.84
13-08-2014 00:19:18.174,1.68066,1.68055,3.19,1.09
13-08-2014 00:19:20.380,1.68065,1.68054,2.44,1.4
13-08-2014 00:19:23.444,1.68066,1.68054,2.44,1.34
13-08-2014 00:19:26.726,1.68064,1.68054,2.25,1.4
13-08-2014 00:19:29.854,1.68064,1.68055,3.19,1
13-08-2014 00:19:30.374,1.68064,1.68055,3.19,1
13-08-2014 00:19:31.854,1.68064,1.68055,3.94,1
13-08-2014 00:19:33.846,1.68064,1.68055,3.19,1
13-08-2014 00:19:37.920,1.68064,1.68055,3.94,1
13-08-2014 00:19:40.841,1.68065,1.68056,1.5,1.19
13-08-2014 00:19:41.044,1.68067,1.68058,1,1.19
13-08-2014 00:19:41.146,1.6807,1.68058,1.32,1.77
13-08-2014 00:19:42.067,1.68069,1.68059,1,1.69
13-08-2014 00:19:47.160,1.68071,1.68059,2.44,1.19
13-08-2014 00:19:50.280,1.68071,1.68059,3.94,1
13-08-2014 00:19:50.381,1.68068,1.68059,1.32,1
13-08-2014 00:19:50.889,1.68068,1.68057,1.32,1.47
13-08-2014 00:19:51.407,1.68067,1.68057,1.19,1.28
13-08-2014 00:19:55.084,1.68067,1.68057,1.32,1
13-08-2014 00:19:55.136,1.6807,1.68057,5.14,2.07
13-08-2014 00:19:55.338,1.6807,1.6806,2.25,1.69
13-08-2014 00:19:55.540,1.68072,1.68062,2.14,1.25
13-08-2014 00:19:59.018,1.68072,1.68062,1.63,1.65
13-08-2014 00:19:59.069,1.68073,1.68062,1.32,2.59
13-08-2014 00:19:59.120,1.68073,1.68066,1.32,1
13-08-2014 00:20:00.195,1.68078,1.68066,2.52,1.1
13-08-2014 00:20:01.169,1.68077,1.68066,2.07,1.02
13-08-2014 00:20:01.750,1.68077,1.68067,1.32,1
13-08-2014 00:20:02.313,1.68077,1.68065,1.32,1.27
13-08-2014 00:20:05.609,1.68076,1.68066,3.94,1.1
13-08-2014 00:20:07.740,1.68076,1.68067,3.94,1
13-08-2014 00:20:08.612,1.68075,1.68067,1.69,1
13-08-2014 00:20:11.018,1.68075,1.68065,1.69,1
13-08-2014 00:20:11.629,1.68076,1.68065,4.02,1
13-08-2014 00:20:12.351,1.68076,1.68067,4.02,1
13-08-2014 00:20:12.859,1.68073,1.68067,1,1
13-08-2014 00:20:12.910,1.68073,1.68065,1,1
13-08-2014 00:20:13.429,1.68075,1.68065,1.47,1
13-08-2014 00:20:14.864,1.68077,1.68067,3.34,1
13-08-2014 00:20:15.068,1.68077,1.68065,3.34,1
13-08-2014 00:20:16.207,1.68077,1.68065,2.59,1.19
13-08-2014 00:20:16.821,1.68076,1.68065,1.02,1.19
13-08-2014 00:20:17.339,1.68076,1.68065,1.77,1.25
13-08-2014 00:20:22.914,1.68076,1.68067,1.77,1
13-08-2014 00:20:25.106,1.68077,1.68068,1.84,1
13-08-2014 00:20:25.871,1.68077,1.68066,1.84,1.25
13-08-2014 00:20:26.329,1.68076,1.68068,1.02,1
13-08-2014 00:20:35.188,1.68077,1.68068,1.02,1
13-08-2014 00:20:36.162,1.68077,1.68068,1.77,1
13-08-2014 00:20:40.719,1.68077,1.68068,1.02,1
13-08-2014 00:20:41.746,1.68077,1.68068,1.77,1
13-08-2014 00:20:42.997,1.68077,1.68068,1.02,1
13-08-2014 00:20:48.567,1.68077,1.68068,1.77,1
13-08-2014 00:20:49.611,1.68077,1.68068,1.02,1
13-08-2014 00:20:50.117,1.68077,1.68068,1.02,1
13-08-2014 00:20:50.813,1.68077,1.6807,1.02,1
13-08-2014 00:20:51.180,1.68077,1.68066,1.02,1
13-08-2014 00:20:53.737,1.68077,1.68066,1.02,1.25
13-08-2014 00:20:54.705,1.68077,1.68066,1.77,1.25
13-08-2014 00:20:56.116,1.68077,1.68067,2.52,1
13-08-2014 00:20:56.621,1.68077,1.68065,3.27,1.19
13-08-2014 00:20:57.129,1.68076,1.68066,3.19,1
13-08-2014 00:21:01.851,1.68076,1.68067,1.69,1
13-08-2014 00:21:03.318,1.68077,1.68067,2.52,1
13-08-2014 00:21:05.337,1.68077,1.68064,2.52,2.44
13-08-2014 00:21:07.380,1.68077,1.68065,4.77,1
13-08-2014 00:21:07.887,1.68075,1.68065,1.69,1
13-08-2014 00:21:11.597,1.68077,1.68065,1.67,1.25
13-08-2014 00:21:13.145,1.68076,1.68065,1.57,1.25
13-08-2014 00:21:16.231,1.68075,1.68065,1.32,1
13-08-2014 00:21:17.487,1.68076,1.68065,1.02,1
13-08-2014 00:21:18.007,1.68076,1.68063,1.02,2.07
13-08-2014 00:21:18.545,1.68076,1.68063,2.04,2.82
13-08-2014 00:21:26.368,1.68078,1.68063,3.27,2.44
13-08-2014 00:21:27.352,1.68076,1.68063,1.67,2.44
13-08-2014 00:21:29.298,1.68076,1.68064,1.02,1.19
13-08-2014 00:21:33.642,1.68077,1.68067,2.44,1
13-08-2014 00:21:34.173,1.68077,1.68064,1.94,2.52
13-08-2014 00:21:35.157,1.68077,1.68064,1.77,1.25
13-08-2014 00:21:35.717,1.68078,1.68065,2.59,1.25
13-08-2014 00:21:37.881,1.68077,1.68065,1.09,1.25
13-08-2014 00:21:38.970,1.68076,1.68065,1.57,1.25
13-08-2014 00:21:39.934,1.68076,1.68064,1.94,1.25
13-08-2014 00:21:43.930,1.68075,1.68064,1.09,1.25
13-08-2014 00:21:46.902,1.68075,1.68064,1.09,1.25
13-08-2014 00:21:47.461,1.68076,1.68064,2.52,1.19
13-08-2014 00:21:48.077,1.68075,1.68064,1.09,1.25
13-08-2014 00:21:50.073,1.68075,1.68064,1.09,1.69
13-08-2014 00:21:51.117,1.68075,1.68064,1.09,1.19
13-08-2014 00:21:52.423,1.68075,1.68064,1.09,1.25
13-08-2014 00:22:00.261,1.68076,1.68064,2.52,1.19
13-08-2014 00:22:04.558,1.68077,1.68064,1.37,1.25
13-08-2014 00:22:06.889,1.68076,1.68064,1.02,1.32
13-08-2014 00:22:08.820,1.68076,1.68066,1.02,1
13-08-2014 00:22:11.372,1.68076,1.68067,1.02,1
13-08-2014 00:22:11.883,1.68076,1.68068,1.02,1
13-08-2014 00:22:12.397,1.68078,1.68068,3.27,1
13-08-2014 00:22:52.710,1.68077,1.68068,1.84,1
13-08-2014 00:22:53.317,1.68077,1.68068,1.09,1
13-08-2014 00:22:55.077,1.68077,1.68069,1.09,1
13-08-2014 00:22:55.188,1.68077,1.68067,1.09,1
13-08-2014 00:22:55.758,1.68077,1.68069,1.84,1
13-08-2014 00:22:56.286,1.68077,1.6807,1.84,1
13-08-2014 00:22:56.626,1.68076,1.6807,1.32,1
13-08-2014 00:22:57.440,1.68077,1.6807,2.59,1
13-08-2014 00:23:03.454,1.68077,1.6807,1.84,1
13-08-2014 00:23:03.987,1.68077,1.68069,1.84,1
13-08-2014 00:23:06.459,1.68078,1.68071,1.84,1
13-08-2014 00:23:06.661,1.68078,1.68068,1.84,1
13-08-2014 00:23:08.385,1.68078,1.68069,1.84,1
13-08-2014 00:23:19.805,1.68077,1.68069,2.52,1
13-08-2014 00:23:24.254,1.68078,1.68069,2.22,1
13-08-2014 00:23:26.178,1.68078,1.68069,1.47,1
13-08-2014 00:23:26.687,1.68078,1.68069,2.07,1
13-08-2014 00:23:30.472,1.68078,1.68069,1.57,1
13-08-2014 00:23:31.476,1.68078,1.68069,2.07,1
13-08-2014 00:23:32.963,1.68078,1.68071,2.07,1
13-08-2014 00:23:33.477,1.68078,1.6807,2.44,1
13-08-2014 00:23:36.195,1.68078,1.6807,1.57,1
13-08-2014 00:23:36.704,1.68078,1.6807,2.07,1
13-08-2014 00:23:58.684,1.68078,1.68069,1.74,1
13-08-2014 00:23:59.559,1.68078,1.68068,1.74,1
13-08-2014 00:24:00.066,1.68078,1.68069,1.74,1
13-08-2014 00:24:02.071,1.68077,1.68068,1.02,1
13-08-2014 00:24:05.713,1.68079,1.68068,3.64,1
13-08-2014 00:24:08.589,1.68078,1.68068,1.39,1
13-08-2014 00:24:27.366,1.68078,1.68065,2.52,3.94
13-08-2014 00:24:37.841,1.68078,1.68068,2.14,1
13-08-2014 00:24:38.396,1.68078,1.68067,2.14,1.25
13-08-2014 00:24:44.561,1.68079,1.68067,4.09,1
13-08-2014 00:24:45.065,1.68079,1.68067,1.47,1.5
13-08-2014 00:24:45.872,1.68079,1.68066,1.47,1.25
13-08-2014 00:24:46.377,1.68078,1.68066,1.77,1
13-08-2014 00:24:47.167,1.68076,1.68066,1.29,1
13-08-2014 00:24:49.039,1.68078,1.68066,2.14,1
13-08-2014 00:24:49.140,1.68076,1.68066,1.29,1
13-08-2014 00:24:49.443,1.68076,1.68068,1.29,1
13-08-2014 00:24:51.085,1.68078,1.68068,2.52,1
13-08-2014 00:25:05.339,1.68078,1.68066,2.89,1.19
13-08-2014 00:25:07.137,1.68078,1.68066,2.14,1
13-08-2014 00:25:12.461,1.68078,1.68066,1.02,1.69
13-08-2014 00:25:12.764,1.68077,1.68065,2.14,1.32
13-08-2014 00:25:13.598,1.68077,1.68064,2.14,1.25
13-08-2014 00:25:14.341,1.68077,1.68067,2.89,1
13-08-2014 00:25:14.596,1.68077,1.68065,2.89,1
13-08-2014 00:25:17.661,1.68077,1.68067,2.14,1
13-08-2014 00:25:18.181,1.68077,1.68068,2.89,1
13-08-2014 00:25:18.686,1.68076,1.68068,1.27,1
13-08-2014 00:25:19.564,1.68077,1.68068,4.02,1
13-08-2014 00:25:19.868,1.68077,1.68065,4.02,1.29
13-08-2014 00:25:20.575,1.68076,1.68064,2.59,1.25
13-08-2014 00:25:21.094,1.68076,1.68064,3.27,1.25
13-08-2014 00:25:21.610,1.68076,1.68064,4.02,1.19
13-08-2014 00:25:31.690,1.68074,1.68065,1.19,1
13-08-2014 00:25:31.842,1.68072,1.68063,1.39,1.25
13-08-2014 00:25:33.710,1.68072,1.68061,2.33,1.19
13-08-2014 00:25:34.887,1.68072,1.68061,2.33,1.19
13-08-2014 00:25:38.515,1.68071,1.68061,1.02,1.25
13-08-2014 00:25:41.143,1.68071,1.68061,1.77,1
13-08-2014 00:25:45.554,1.68071,1.68061,1.77,1.58
13-08-2014 00:25:46.060,1.68071,1.68062,1.19,1.18
13-08-2014 00:25:46.161,1.68075,1.68062,1.32,3.34
13-08-2014 00:25:46.363,1.68075,1.68065,1.32,1
13-08-2014 00:25:47.505,1.68075,1.68065,1.32,1
13-08-2014 00:25:52.300,1.68076,1.68066,1.32,1
13-08-2014 00:25:52.654,1.68076,1.68068,1.32,1
13-08-2014 00:25:53.082,1.68076,1.68066,1.32,1
13-08-2014 00:26:02.352,1.68076,1.68066,2.07,1
13-08-2014 00:26:03.378,1.68077,1.68066,2.07,1
13-08-2014 00:26:05.603,1.68077,1.68063,2.82,4.02
13-08-2014 00:26:06.377,1.68076,1.68064,1.19,1.09
13-08-2014 00:26:07.397,1.68077,1.68064,2.07,1.09
13-08-2014 00:26:20.104,1.68075,1.68063,1,2.97
13-08-2014 00:26:20.614,1.68075,1.68063,1.19,2.97
13-08-2014 00:26:22.515,1.68075,1.68064,1.25,1.47
13-08-2014 00:26:25.520,1.68075,1.68063,1,3.34
13-08-2014 00:26:26.751,1.68075,1.68063,1.19,3.34
13-08-2014 00:26:28.743,1.68075,1.68064,1.32,1.47
13-08-2014 00:26:37.748,1.68075,1.68064,1.25,1.25
13-08-2014 00:26:38.787,1.68075,1.68064,1,1.19
13-08-2014 00:26:40.748,1.68075,1.68064,1.25,1.25
13-08-2014 00:26:42.449,1.68075,1.68062,1.69,2.59
13-08-2014 00:26:43.679,1.68072,1.68061,1.94,1.34
13-08-2014 00:26:44.646,1.68071,1.68063,1.09,1
13-08-2014 00:26:44.899,1.68071,1.68061,1.09,1
13-08-2014 00:26:46.099,1.6807,1.68062,1,1
13-08-2014 00:26:50.168,1.6807,1.68062,1.69,1
13-08-2014 00:26:51.660,1.6807,1.68062,1.25,1
13-08-2014 00:26:52.177,1.6807,1.68063,1.25,1
13-08-2014 00:26:52.586,1.6807,1.68058,1.25,1.69
13-08-2014 00:26:52.688,1.68069,1.68056,1.69,1.84
13-08-2014 00:26:52.991,1.68065,1.68057,1.19,1
13-08-2014 00:26:53.496,1.68065,1.68056,1.19,1
13-08-2014 00:26:54.025,1.68064,1.68056,1.19,1
13-08-2014 00:26:54.540,1.68064,1.68057,1.19,1
13-08-2014 00:27:00.577,1.68063,1.68057,1.19,1
13-08-2014 00:27:00.628,1.68063,1.68054,1.19,1.1
13-08-2014 00:27:01.404,1.68063,1.68055,1.19,1
13-08-2014 00:27:01.916,1.68062,1.68056,1.19,1
13-08-2014 00:27:03.448,1.68061,1.68056,1.19,1
13-08-2014 00:27:03.600,1.68061,1.68058,1.19,1
13-08-2014 00:27:03.803,1.68062,1.68052,1.19,1.58
13-08-2014 00:27:06.581,1.68061,1.68052,1.19,1.08
13-08-2014 00:27:08.581,1.68063,1.68052,1.19,1.08
13-08-2014 00:27:09.541,1.68063,1.68051,1.19,1.33
13-08-2014 00:27:11.498,1.68062,1.68051,1.19,1.58
13-08-2014 00:27:14.833,1.6806,1.6805,1.19,1.2
13-08-2014 00:27:17.343,1.68064,1.68054,1.39,1
13-08-2014 00:27:18.330,1.68065,1.68054,2.52,1
13-08-2014 00:27:18.868,1.68065,1.68055,2.52,1
13-08-2014 00:27:21.383,1.68064,1.68055,1.29,1
13-08-2014 00:27:23.305,1.68065,1.68055,1.77,1
13-08-2014 00:27:23.407,1.68065,1.68053,1.77,1.25
13-08-2014 00:27:24.948,1.68063,1.68052,1,1.29
13-08-2014 00:27:25.050,1.68062,1.68052,1.19,1.1
13-08-2014 00:27:27.594,1.68062,1.68049,1.19,2.22
13-08-2014 00:27:37.556,1.68062,1.68051,1.19,1.39
13-08-2014 00:27:38.061,1.68062,1.68053,1.19,1
13-08-2014 00:27:38.774,1.68067,1.68054,2.59,1.19
13-08-2014 00:27:50.404,1.68066,1.68057,1.2,1.19
13-08-2014 00:27:50.708,1.68069,1.68062,1,2.25
13-08-2014 00:27:51.229,1.68071,1.68062,1.19,2.25
13-08-2014 00:27:51.331,1.68071,1.6806,1.19,1.57
13-08-2014 00:27:52.877,1.68072,1.6806,1.29,2.07
13-08-2014 00:27:56.677,1.68072,1.68061,1.25,1.02
13-08-2014 00:27:58.335,1.68072,1.68061,1.63,2.52
13-08-2014 00:27:58.639,1.68068,1.68056,1.19,1.34
13-08-2014 00:27:59.561,1.68068,1.68054,2.52,1.39
13-08-2014 00:28:01.562,1.68066,1.68054,1.32,2.14
13-08-2014 00:28:02.588,1.68067,1.68054,3.27,3.64
13-08-2014 00:28:07.602,1.68067,1.68055,1.29,2.89
13-08-2014 00:28:08.620,1.68066,1.68055,1.19,1.67
13-08-2014 00:28:10.408,1.68064,1.68054,1.19,3
13-08-2014 00:28:10.459,1.68064,1.68052,2.07,1.25
13-08-2014 00:28:11.384,1.68064,1.68051,2.07,2.59
13-08-2014 00:28:12.408,1.68062,1.68051,1.32,2.59
13-08-2014 00:28:15.255,1.6806,1.68052,1.25,1
13-08-2014 00:28:15.781,1.68059,1.68051,1,1.09
13-08-2014 00:28:21.679,1.68058,1.68049,1,2.59
13-08-2014 00:28:22.684,1.68058,1.68049,1,3.19
13-08-2014 00:28:22.887,1.68058,1.68047,1.02,1.32
13-08-2014 00:28:23.407,1.68057,1.68046,1.25,1.77
13-08-2014 00:28:23.912,1.68056,1.68045,1,1.69
13-08-2014 00:28:24.491,1.68056,1.68045,1.19,1.69
13-08-2014 00:28:25.969,1.68056,1.68046,1.25,1.19
13-08-2014 00:28:29.865,1.68059,1.68047,2.14,1.69
13-08-2014 00:28:30.702,1.6806,1.68048,3.57,1.19
13-08-2014 00:28:31.006,1.68058,1.68046,1.29,1.77
13-08-2014 00:28:41.562,1.68056,1.68046,1.69,1.1
13-08-2014 00:28:41.614,1.68054,1.68043,2.07,1.39
13-08-2014 00:28:41.665,1.68054,1.68043,2.82,1.2
13-08-2014 00:28:42.272,1.68055,1.68043,1.29,1.77
13-08-2014 00:28:43.049,1.68056,1.68044,1.77,2.25
13-08-2014 00:28:43.558,1.68056,1.68044,1.27,2.44
13-08-2014 00:28:44.139,1.68056,1.68044,1.27,3.19
13-08-2014 00:28:55.338,1.68057,1.68043,2.52,4.39
13-08-2014 00:28:56.337,1.68057,1.68045,2.33,1.32
13-08-2014 00:28:56.640,1.68056,1.68049,1,1
13-08-2014 00:28:56.893,1.68056,1.68045,1,1.39
13-08-2014 00:28:57.449,1.68056,1.68046,1,4.02
13-08-2014 00:28:57.904,1.68057,1.68048,1,2.4
13-08-2014 00:28:58.442,1.68057,1.68047,1,1.2
13-08-2014 00:28:58.543,1.68057,1.68047,1.1,1.88
13-08-2014 00:28:58.874,1.68056,1.68048,1,1.58
13-08-2014 00:29:00.070,1.68057,1.68047,1,3.72
13-08-2014 00:29:01.849,1.68057,1.68049,1,2.33
13-08-2014 00:29:03.637,1.68057,1.68049,1,2.33
13-08-2014 00:29:04.186,1.68055,1.68049,1,2.33
13-08-2014 00:29:04.813,1.68055,1.68048,1,2.33
13-08-2014 00:29:05.166,1.68058,1.68048,1,1.75
13-08-2014 00:29:05.672,1.68059,1.68048,1.25,2.33
13-08-2014 00:29:06.198,1.68059,1.68048,1.69,2.52
13-08-2014 00:29:06.907,1.68058,1.6805,1,1.02
13-08-2014 00:29:07.160,1.68064,1.68052,1.95,2.82
13-08-2014 00:29:07.262,1.68066,1.68055,2.08,1.19
13-08-2014 00:29:07.464,1.68066,1.68056,1.25,1.19
13-08-2014 00:29:07.969,1.68068,1.68056,2.14,1
13-08-2014 00:29:08.070,1.68068,1.68056,1.2,1.69
13-08-2014 00:29:08.967,1.68069,1.68059,1.33,1
13-08-2014 00:29:09.728,1.6807,1.68059,1.84,1
13-08-2014 00:29:10.637,1.68068,1.68059,1.69,1
13-08-2014 00:29:12.644,1.68068,1.68059,1.25,1
13-08-2014 00:29:15.503,1.68067,1.68059,1,1
13-08-2014 00:29:21.481,1.68068,1.68059,2.07,1.25
13-08-2014 00:29:22.598,1.68068,1.68059,2.82,1
13-08-2014 00:29:24.664,1.68068,1.68059,1.32,1
13-08-2014 00:29:29.330,1.68068,1.68059,2.07,1
13-08-2014 00:29:30.255,1.68068,1.68059,1.32,1
13-08-2014 00:29:31.434,1.68068,1.68059,1.32,1
13-08-2014 00:29:31.637,1.68065,1.68057,1,1.25
13-08-2014 00:29:33.795,1.68065,1.68056,1,1.25
13-08-2014 00:29:34.047,1.68067,1.68056,3.94,1.25
13-08-2014 00:29:36.131,1.68067,1.68056,5.44,1.25
13-08-2014 00:29:40.833,1.68067,1.68056,1.25,1.25
13-08-2014 00:29:40.884,1.68068,1.68057,1.32,1.37
13-08-2014 00:29:41.995,1.6807,1.68059,1.25,1.84
13-08-2014 00:29:48.326,1.68071,1.68063,3.94,1
13-08-2014 00:29:48.630,1.68077,1.68065,1,1.84
13-08-2014 00:29:48.832,1.68075,1.68065,1,1.84
13-08-2014 00:29:48.933,1.68075,1.68065,1.25,1.09
13-08-2014 00:29:49.927,1.68075,1.68063,1.19,1.84
13-08-2014 00:29:50.938,1.68075,1.68063,1.69,1.29
13-08-2014 00:29:51.964,1.68075,1.68061,1.19,1.47
13-08-2014 00:29:53.667,1.68076,1.68063,2.89,1.23
13-08-2014 00:29:54.172,1.68075,1.68063,1.25,1.77
13-08-2014 00:29:59.014,1.68075,1.68063,1.19,2.89
13-08-2014 00:29:59.318,1.68076,1.68066,1,1.09
13-08-2014 00:29:59.772,1.68075,1.68063,1,1.84
13-08-2014 00:30:00.278,1.68076,1.68063,2.07,1.84
13-08-2014 00:30:00.783,1.68076,1.68064,1.13,1.29
13-08-2014 00:30:01.849,1.68076,1.68064,1.32,1.02
13-08-2014 00:30:02.406,1.68076,1.68063,3.94,1.47
13-08-2014 00:30:02.709,1.68072,1.68061,1.02,3.19
13-08-2014 00:30:02.861,1.68071,1.6806,1.09,1.32
13-08-2014 00:30:03.424,1.68071,1.68058,1.25,3.19
13-08-2014 00:30:03.934,1.68071,1.68058,1.63,2.44
13-08-2014 00:30:06.994,1.68069,1.68058,1.19,1.69
13-08-2014 00:30:07.998,1.6807,1.68058,1.19,1.69
13-08-2014 00:30:16.533,1.68071,1.68058,1.69,2.14
13-08-2014 00:30:17.295,1.68071,1.68058,1.32,1.77
13-08-2014 00:30:17.816,1.68072,1.68058,3.27,1.02
13-08-2014 00:30:20.379,1.68071,1.68057,1.02,4.02
13-08-2014 00:30:20.885,1.6807,1.68057,1.39,2.89
13-08-2014 00:30:21.397,1.68071,1.68057,2.52,2.89
13-08-2014 00:30:22.428,1.6807,1.68057,1.39,2.89
13-08-2014 00:30:24.047,1.6807,1.68057,1.67,2.52
13-08-2014 00:30:25.031,1.6807,1.68057,1.02,2.52
13-08-2014 00:30:27.036,1.6807,1.68057,1.02,1.77
13-08-2014 00:30:28.089,1.6807,1.68057,1.77,1.77
13-08-2014 00:30:29.727,1.6807,1.68057,1.02,1.27
13-08-2014 00:30:30.412,1.6807,1.68057,1.02,1.77
13-08-2014 00:30:30.930,1.68071,1.68057,1.02,1.77
13-08-2014 00:30:31.404,1.68073,1.68061,4.84,1.25
13-08-2014 00:30:31.707,1.68073,1.68061,3.75,2.14
13-08-2014 00:30:32.212,1.68074,1.68061,1,2.14
13-08-2014 00:30:32.533,1.68074,1.68064,1,1.19
13-08-2014 00:30:33.626,1.68074,1.68066,1,1.29
13-08-2014 00:30:33.677,1.68077,1.68066,1.25,1.29
13-08-2014 00:30:33.929,1.68079,1.68068,4.39,1.19
13-08-2014 00:30:35.282,1.68079,1.68068,1.25,1.39
13-08-2014 00:30:36.403,1.6808,1.68068,2.52,1.29
13-08-2014 00:30:36.909,1.6808,1.68066,2.04,4.39
13-08-2014 00:30:38.722,1.6808,1.68067,1.47,3.19
13-08-2014 00:30:40.101,1.68078,1.68067,1.19,2.44
13-08-2014 00:30:40.152,1.68078,1.68066,1.19,1.69
13-08-2014 00:30:41.339,1.68077,1.68066,1.39,1.69
13-08-2014 00:30:41.846,1.68077,1.68066,1.27,1.25
13-08-2014 00:30:42.356,1.68078,1.68066,2.52,1.19
13-08-2014 00:30:43.064,1.68077,1.68063,1.77,4.02
13-08-2014 00:30:44.075,1.68075,1.68064,1.19,2.52
13-08-2014 00:30:50.715,1.68077,1.68063,4.69,3.94
13-08-2014 00:30:50.917,1.68073,1.6806,1.19,1.09
13-08-2014 00:30:51.119,1.68069,1.68059,1.25,4.28
13-08-2014 00:30:51.654,1.68069,1.68059,1.25,1.65
13-08-2014 00:30:52.121,1.68069,1.68059,1.69,1.65
13-08-2014 00:30:54.598,1.68068,1.68057,1.19,1.02
13-08-2014 00:30:54.750,1.68068,1.68056,1.19,2.14
13-08-2014 00:30:55.877,1.68066,1.68053,2.04,4.32
13-08-2014 00:30:58.080,1.68064,1.68054,1.29,1.13
13-08-2014 00:31:00.154,1.68064,1.68053,1.29,2.25
13-08-2014 00:31:00.661,1.68066,1.68053,2.14,3.34
13-08-2014 00:31:01.442,1.68067,1.68054,2.59,1.67
13-08-2014 00:31:01.644,1.68063,1.68054,1.19,2.33
13-08-2014 00:31:01.847,1.68064,1.68054,1.25,2.25
13-08-2014 00:31:01.899,1.68065,1.68052,2.59,1.32
13-08-2014 00:31:02.151,1.68065,1.68053,1.09,1.19
13-08-2014 00:31:02.678,1.68066,1.68053,1.69,3.34
13-08-2014 00:31:04.180,1.68064,1.68053,1.29,2.25
13-08-2014 00:31:04.483,1.68062,1.68053,1.19,2.25
13-08-2014 00:31:05.588,1.68062,1.68053,1.19,2.33
13-08-2014 00:31:05.892,1.68065,1.68052,1,3.15
13-08-2014 00:31:06.427,1.68066,1.68053,2.82,1.02
13-08-2014 00:31:08.884,1.68066,1.68054,1.37,1.32
13-08-2014 00:31:11.154,1.68064,1.68054,1,1.32
13-08-2014 00:31:11.364,1.68063,1.68052,1.19,3.19
13-08-2014 00:31:11.465,1.68063,1.68051,2.14,1.02
13-08-2014 00:31:11.567,1.6806,1.6805,1.19,3
13-08-2014 00:31:12.591,1.6806,1.68049,1.19,1.47
13-08-2014 00:31:14.627,1.6806,1.68048,1.69,2.78
13-08-2014 00:31:14.984,1.68059,1.68047,1.69,1.28
13-08-2014 00:31:15.034,1.68058,1.68047,1.32,1.47
13-08-2014 00:31:15.136,1.68059,1.68047,1.84,1.13
13-08-2014 00:31:15.187,1.6806,1.68049,3.19,1
13-08-2014 00:31:15.494,1.6806,1.68049,2.44,1.5
13-08-2014 00:31:16.334,1.68058,1.68049,1.25,1.5
13-08-2014 00:31:17.335,1.6806,1.68049,1.69,1.5
13-08-2014 00:31:17.791,1.6806,1.68053,1.19,1
13-08-2014 00:31:18.146,1.68067,1.68057,1.95,1.19
13-08-2014 00:31:18.550,1.68067,1.68054,1.33,2.44
13-08-2014 00:31:19.263,1.68068,1.68054,1.39,2.59
13-08-2014 00:31:19.978,1.68068,1.68055,1.09,1.32
13-08-2014 00:31:22.085,1.68068,1.68056,1.39,1.19
13-08-2014 00:31:24.188,1.68068,1.68057,1.09,1.19
13-08-2014 00:31:25.831,1.68068,1.68055,1.09,1.69
13-08-2014 00:31:29.538,1.68068,1.68058,1.2,1.19
13-08-2014 00:31:31.502,1.68068,1.68057,1.09,1.19
13-08-2014 00:31:33.607,1.68069,1.68056,2.22,1.19
13-08-2014 00:31:36.615,1.68069,1.68057,1.47,1.19
13-08-2014 00:31:37.616,1.68069,1.68055,1.47,2.07
13-08-2014 00:31:39.642,1.68069,1.68057,1.84,1.19
13-08-2014 00:31:40.832,1.68068,1.68055,1.39,2.22
13-08-2014 00:31:41.846,1.68067,1.68055,1.19,1.47
13-08-2014 00:31:46.637,1.68066,1.68053,1.27,1.77
13-08-2014 00:31:47.143,1.68066,1.68053,1.27,1.29
13-08-2014 00:31:47.505,1.68065,1.68053,1.19,1.94
13-08-2014 00:31:47.657,1.68067,1.68056,1.25,1.77
13-08-2014 00:31:48.843,1.68067,1.68054,2.07,1.77
13-08-2014 00:31:49.980,1.68066,1.68054,1.69,1.29
13-08-2014 00:31:53.921,1.68067,1.68054,1.19,1.29
13-08-2014 00:31:54.923,1.68066,1.68053,1.19,1.47
13-08-2014 00:32:00.366,1.68067,1.68054,2.44,1.77
13-08-2014 00:32:01.968,1.68066,1.68054,1.19,1.29
13-08-2014 00:32:19.098,1.68064,1.68052,1.25,2.14
13-08-2014 00:32:19.604,1.68063,1.68051,1,1.84
13-08-2014 00:32:19.867,1.68062,1.68051,1.19,1.09
13-08-2014 00:32:20.843,1.68062,1.6805,1.69,2.52
13-08-2014 00:32:21.507,1.68062,1.6805,1.69,1.84
13-08-2014 00:32:23.904,1.68059,1.68049,1,2.14
13-08-2014 00:32:24.409,1.68061,1.68049,2.14,1.67
13-08-2014 00:32:24.712,1.68059,1.68047,1.19,1.02
13-08-2014 00:32:25.945,1.6806,1.68047,1.19,1.3
13-08-2014 00:32:29.026,1.6806,1.68046,1.39,1.39
13-08-2014 00:32:29.929,1.68059,1.68046,1.19,2.14
13-08-2014 00:32:34.989,1.6806,1.68046,1.39,1.39
13-08-2014 00:32:36.378,1.68058,1.68046,1.69,1.39
13-08-2014 00:32:39.633,1.68058,1.68046,1.19,1.29
13-08-2014 00:32:46.662,1.68058,1.68045,1.25,2.22
13-08-2014 00:32:47.663,1.68058,1.68046,1.19,1.29
13-08-2014 00:32:48.709,1.68058,1.68045,1.69,2.22
13-08-2014 00:33:01.131,1.68057,1.68045,1.25,1.39
13-08-2014 00:33:10.128,1.68057,1.68045,1.19,1.77
13-08-2014 00:33:12.316,1.68059,1.68044,2.89,2.52
13-08-2014 00:33:14.140,1.68058,1.68045,1.29,2.14
13-08-2014 00:33:15.109,1.68058,1.68044,1.29,2.52
13-08-2014 00:33:16.158,1.68058,1.68045,1.29,1.39
13-08-2014 00:33:19.126,1.68058,1.68044,1.29,2.52
13-08-2014 00:33:20.120,1.68059,1.68045,3.27,1.02
13-08-2014 00:33:22.241,1.68058,1.68045,1.39,2.52
13-08-2014 00:33:23.262,1.68059,1.68046,1.39,1.39
13-08-2014 00:33:29.350,1.68058,1.68045,1.29,2.89
13-08-2014 00:33:32.324,1.68059,1.68046,1.77,1.19
13-08-2014 00:33:34.337,1.6806,1.68045,1.77,3.34
13-08-2014 00:33:36.391,1.68059,1.68046,1.19,1.29
13-08-2014 00:33:41.497,1.68058,1.68046,1.19,1.29
13-08-2014 00:33:43.589,1.6806,1.68048,1.77,1.19
13-08-2014 00:33:44.202,1.6806,1.68048,1.19,2.52
13-08-2014 00:33:44.610,1.68061,1.68048,1.32,2.52
13-08-2014 00:33:51.493,1.68061,1.68048,2.07,4.02
13-08-2014 00:34:05.657,1.68062,1.68049,2.97,1.25
13-08-2014 00:34:07.561,1.68061,1.68049,1.57,1.19
13-08-2014 00:34:26.752,1.6806,1.68049,1.32,1.25
13-08-2014 00:34:28.749,1.68061,1.68048,2.97,1.25
13-08-2014 00:34:33.198,1.68061,1.68048,1.84,2.07
13-08-2014 00:34:33.300,1.68061,1.6805,1,1.28
13-08-2014 00:34:33.807,1.68063,1.6805,1.57,4.32
13-08-2014 00:34:34.565,1.68064,1.68051,3.94,1.34
13-08-2014 00:34:51.118,1.68062,1.6805,1.19,3.57
13-08-2014 00:34:52.115,1.68063,1.6805,1.69,3.57
13-08-2014 00:34:54.919,1.6806,1.68048,1.25,2.52
13-08-2014 00:34:55.428,1.68059,1.68048,1,1.02
13-08-2014 00:34:56.233,1.68059,1.68049,1,1.02
13-08-2014 00:34:56.906,1.68059,1.68049,1.19,1.02
13-08-2014 00:35:01.284,1.68058,1.68049,1.69,1.1
13-08-2014 00:35:01.386,1.68058,1.68046,1.19,1.47
13-08-2014 00:35:02.338,1.68059,1.68045,3.19,1.09
13-08-2014 00:35:14.245,1.68057,1.68045,1.25,2.07
13-08-2014 00:35:14.752,1.68057,1.68046,1.25,1.34
13-08-2014 00:35:17.527,1.68057,1.68045,1.25,1.29
13-08-2014 00:35:24.190,1.68056,1.68045,1,1.39
13-08-2014 00:35:28.119,1.68054,1.68045,1,1.32
13-08-2014 00:35:29.350,1.68059,1.68046,1.47,1.25
13-08-2014 00:35:29.401,1.68059,1.68048,1.47,1
13-08-2014 00:35:29.704,1.6806,1.68048,1.19,2.52
13-08-2014 00:35:32.157,1.6806,1.6805,1.32,1.33
13-08-2014 00:35:32.612,1.68063,1.6805,1.19,1.39
13-08-2014 00:35:32.662,1.68065,1.68052,2.52,1.29
13-08-2014 00:35:35.257,1.68065,1.68052,1.39,1.29
13-08-2014 00:35:36.751,1.68065,1.68053,1.27,1.19
13-08-2014 00:35:37.358,1.68065,1.68052,1.33,1.29
13-08-2014 00:35:41.392,1.68065,1.68053,1.27,1.19
13-08-2014 00:35:45.012,1.68065,1.68051,1.27,2.14
13-08-2014 00:35:45.554,1.68065,1.68052,1.77,1.29
13-08-2014 00:35:50.614,1.68065,1.68051,1.39,1.77
13-08-2014 00:35:54.424,1.68065,1.68052,1.77,1.29
13-08-2014 00:35:55.422,1.68065,1.68051,1.39,1.77
13-08-2014 00:35:58.796,1.68065,1.68053,1.19,1.84
13-08-2014 00:35:59.301,1.68066,1.68053,1.19,2.22
13-08-2014 00:35:59.755,1.68067,1.68055,2.52,1.29
13-08-2014 00:36:19.861,1.68068,1.68054,2.44,1.47
13-08-2014 00:36:20.515,1.68068,1.68055,2.44,1.77
13-08-2014 00:36:20.820,1.68075,1.68062,1.77,1.29
13-08-2014 00:36:21.074,1.68074,1.6806,1.29,1.27
13-08-2014 00:36:22.064,1.68073,1.6806,1.19,1.33
13-08-2014 00:36:22.166,1.68073,1.68059,1.27,1.47
13-08-2014 00:36:24.013,1.68072,1.68059,1.29,2.22
13-08-2014 00:36:28.055,1.68073,1.68059,1.37,1.84
13-08-2014 00:36:30.096,1.68073,1.68059,1.37,1.84
13-08-2014 00:36:33.063,1.68073,1.68059,2.22,1.37
13-08-2014 00:36:37.166,1.68071,1.68058,1.32,1.77
13-08-2014 00:36:39.167,1.6807,1.68057,1.69,1.29
13-08-2014 00:36:43.152,1.68071,1.68057,1.77,1.29
13-08-2014 00:36:44.171,1.68071,1.68058,2.52,1.19
13-08-2014 00:36:53.759,1.68069,1.68057,1.19,1.77
13-08-2014 00:36:54.845,1.6807,1.68057,2.07,1.29
13-08-2014 00:36:57.864,1.6807,1.68057,1.47,1.19
13-08-2014 00:36:58.889,1.6807,1.68057,2.22,1.19
13-08-2014 00:37:01.774,1.6807,1.68056,1.47,2.59
13-08-2014 00:37:07.143,1.6807,1.68058,1.02,2
13-08-2014 00:37:07.648,1.68072,1.6806,1.19,1.34
13-08-2014 00:37:10.413,1.68073,1.6806,2.07,1.4
13-08-2014 00:37:15.208,1.68072,1.68059,5.07,1.69
13-08-2014 00:37:15.715,1.68071,1.68058,1.02,1.84
13-08-2014 00:37:16.262,1.68071,1.68058,1.77,1.84
13-08-2014 00:37:17.131,1.6807,1.68058,1.69,1.37
13-08-2014 00:37:21.494,1.68071,1.68058,1.77,1.84
13-08-2014 00:37:23.566,1.68071,1.68058,4.02,1.37
13-08-2014 00:37:26.031,1.68071,1.68058,4.39,1.37
13-08-2014 00:37:26.334,1.6807,1.68058,1.32,1.37
13-08-2014 00:37:28.528,1.68071,1.68058,4.39,1.37
13-08-2014 00:37:34.232,1.6807,1.68058,1.32,1.37
13-08-2014 00:37:41.074,1.6807,1.68057,1.25,1.77
13-08-2014 00:37:47.712,1.68069,1.68057,1.19,1.02
13-08-2014 00:37:48.218,1.68067,1.68056,1.25,1.39
13-08-2014 00:37:48.521,1.68065,1.68056,1,1.39
13-08-2014 00:37:48.729,1.68065,1.68054,1.25,2.44
13-08-2014 00:37:53.879,1.68067,1.68055,1.32,1.34
13-08-2014 00:37:57.385,1.68065,1.68055,1,1.34
13-08-2014 00:38:04.397,1.68065,1.68054,1,1.69
13-08-2014 00:38:04.936,1.68065,1.68053,1,2.59
13-08-2014 00:38:05.491,1.68065,1.68054,1.25,1.29
13-08-2014 00:38:12.068,1.68067,1.68056,1.25,1.29
13-08-2014 00:38:12.372,1.6807,1.68062,3.94,1
13-08-2014 00:38:12.625,1.6807,1.68059,3.94,1.84
13-08-2014 00:38:13.346,1.68071,1.68059,1.25,1.84
13-08-2014 00:38:17.163,1.68072,1.68062,4.69,1
13-08-2014 00:38:17.466,1.68074,1.68063,1.19,1.19
13-08-2014 00:38:17.989,1.68075,1.68063,5.44,1.77
13-08-2014 00:38:18.611,1.68075,1.68063,1,2.52
13-08-2014 00:38:20.213,1.68075,1.68064,1.25,1.37
13-08-2014 00:38:22.133,1.68078,1.68067,5.59,1.19
13-08-2014 00:38:22.638,1.6808,1.68067,1.84,1.77
13-08-2014 00:38:23.532,1.6808,1.68067,1.09,2.52
13-08-2014 00:38:29.460,1.68081,1.68069,1.3,2.44
13-08-2014 00:38:31.469,1.68081,1.68069,1.02,2.44
13-08-2014 00:38:33.688,1.68081,1.68069,1.02,2.44
13-08-2014 00:38:35.593,1.68077,1.68069,1,1
13-08-2014 00:38:35.695,1.68077,1.68065,1.19,2.82
13-08-2014 00:38:35.746,1.68077,1.68065,1.69,1.69
13-08-2014 00:38:36.352,1.68075,1.68065,1,1.69
13-08-2014 00:38:37.058,1.68075,1.68063,1.25,1.19
13-08-2014 00:38:38.085,1.68075,1.68063,1.19,1.19
13-08-2014 00:38:40.071,1.68076,1.68063,5.59,1.69
13-08-2014 00:38:41.723,1.68076,1.68063,5.59,1.25
13-08-2014 00:38:43.108,1.68076,1.68063,5.59,1.69
13-08-2014 00:38:47.170,1.68075,1.68063,1.25,1.19
13-08-2014 00:38:50.082,1.68076,1.68063,5.59,1.69
13-08-2014 00:38:58.153,1.68076,1.68064,1.84,1.69
13-08-2014 00:39:05.579,1.68076,1.68063,2.82,2.59
13-08-2014 00:39:14.813,1.68074,1.68063,1.19,1.19
13-08-2014 00:39:16.202,1.68074,1.68063,1.25,1.25
13-08-2014 00:39:16.817,1.68071,1.68063,1.25,1
13-08-2014 00:39:17.120,1.68071,1.68061,1.69,1.08
13-08-2014 00:39:17.171,1.68071,1.68059,2.44,1.39
13-08-2014 00:39:30.862,1.68071,1.68059,2.22,1.5
13-08-2014 00:39:30.912,1.68071,1.68062,1.39,1
13-08-2014 00:39:32.164,1.68073,1.68062,4.47,1
13-08-2014 00:39:34.655,1.68071,1.68062,1,1.5
13-08-2014 00:39:36.638,1.6807,1.68062,1,1.5
13-08-2014 00:39:41.079,1.6807,1.6806,1,1.69
13-08-2014 00:39:41.382,1.6807,1.68059,1.32,1.28
13-08-2014 00:39:41.887,1.68069,1.68058,1.25,1.25
13-08-2014 00:39:42.306,1.68069,1.68058,1.19,1.25
13-08-2014 00:39:50.382,1.6807,1.68058,1.32,1
13-08-2014 00:39:55.603,1.68071,1.68058,3.34,1.25
13-08-2014 00:39:59.740,1.68071,1.68058,6.34,1.19
13-08-2014 00:40:00.998,1.68071,1.68057,5.22,1.84
13-08-2014 00:40:01.768,1.68071,1.68058,5.97,1.19
13-08-2014 00:40:11.900,1.6807,1.68057,1.32,2.22
13-08-2014 00:40:16.706,1.68071,1.68058,4.47,1.19
13-08-2014 00:40:22.877,1.68071,1.68058,1.19,1.77
13-08-2014 00:40:32.888,1.68072,1.68058,5.89,1.29
13-08-2014 00:40:37.636,1.68072,1.68058,6.57,1.19
13-08-2014 00:40:39.989,1.68071,1.68059,1.27,1.19
13-08-2014 00:40:41.010,1.68071,1.68057,4.77,2.14
13-08-2014 00:40:58.504,1.6807,1.68059,1.02,1.25
13-08-2014 00:41:02.685,1.6807,1.68057,4.02,2.89
13-08-2014 00:41:03.197,1.6807,1.68058,4.02,1.29
13-08-2014 00:41:03.894,1.68069,1.68057,1.32,1.39
13-08-2014 00:41:04.876,1.68068,1.68057,1.19,1.25
13-08-2014 00:41:05.892,1.6807,1.68057,5.59,1.25
13-08-2014 00:41:07.592,1.6807,1.68057,4.84,1.69
13-08-2014 00:41:16.626,1.6807,1.68057,4.28,1.19
13-08-2014 00:41:17.132,1.68069,1.68057,3.9,1.19
13-08-2014 00:41:17.818,1.68069,1.68057,3.9,1.69
13-08-2014 00:41:18.500,1.68071,1.68057,5.82,1.69
13-08-2014 00:41:19.968,1.68071,1.68057,6.57,1.19
13-08-2014 00:41:21.792,1.68071,1.68057,1.39,2.52
13-08-2014 00:41:22.502,1.68071,1.68058,2.14,1.39
13-08-2014 00:41:23.013,1.68069,1.68058,1.09,1.32
13-08-2014 00:41:24.657,1.6807,1.68057,1.02,1.69
13-08-2014 00:41:25.521,1.6807,1.68057,1.77,2.44
13-08-2014 00:41:28.614,1.68066,1.68057,1,2.44
13-08-2014 00:41:29.151,1.68066,1.68056,1.19,1.77
13-08-2014 00:41:29.823,1.68066,1.68056,1.25,2.04
13-08-2014 00:41:30.335,1.68066,1.68056,1.25,1.39
13-08-2014 00:41:33.042,1.68066,1.68056,1.25,1.77
13-08-2014 00:41:34.314,1.68065,1.68056,1,1.77
13-08-2014 00:41:46.027,1.68065,1.68055,1,1.57
13-08-2014 00:41:57.093,1.68064,1.68055,1,2.07
13-08-2014 00:41:57.610,1.68065,1.68055,1,1.19
13-08-2014 00:41:58.124,1.68066,1.68055,1.09,1.19
13-08-2014 00:41:58.629,1.68066,1.68054,1.39,1.69
13-08-2014 00:42:08.336,1.68066,1.68054,1.09,2.44
13-08-2014 00:42:09.392,1.68066,1.68055,1.09,1.57
13-08-2014 00:42:23.457,1.68066,1.68055,1.19,1.02
13-08-2014 00:42:25.465,1.68066,1.68055,1.25,1.02
13-08-2014 00:42:25.976,1.68066,1.68054,1.25,2.22
13-08-2014 00:42:27.281,1.68066,1.68055,1.25,2.52
13-08-2014 00:42:33.233,1.68066,1.68054,1.25,2.22
13-08-2014 00:42:34.252,1.68066,1.68054,1.19,2.97
13-08-2014 00:42:35.187,1.68066,1.68055,1.19,1.02
13-08-2014 00:42:36.337,1.68066,1.68057,1,1.32
13-08-2014 00:42:36.439,1.68069,1.68057,1.2,2.07
13-08-2014 00:42:36.540,1.6807,1.68059,1.32,1.19
13-08-2014 00:42:37.261,1.68071,1.6806,1.95,1.32
13-08-2014 00:42:43.864,1.68071,1.68058,1.2,2.07
13-08-2014 00:42:44.369,1.6807,1.68058,1,2.07
13-08-2014 00:42:46.131,1.68071,1.68059,1.1,3.19
13-08-2014 00:42:47.250,1.68071,1.68061,1.2,1.19
13-08-2014 00:42:47.976,1.68071,1.6806,1.39,1.19
13-08-2014 00:42:49.947,1.68071,1.68059,1.02,2.44
13-08-2014 00:42:50.464,1.68071,1.68058,1.77,3.94
13-08-2014 00:42:52.141,1.68071,1.68058,1.02,3.94
13-08-2014 00:42:59.573,1.6807,1.68058,1,4.09
13-08-2014 00:43:01.394,1.6807,1.68058,1.25,1.84
13-08-2014 00:43:07.721,1.6807,1.68058,1.19,1.47
13-08-2014 00:43:10.014,1.6807,1.68058,1.19,2.22
13-08-2014 00:43:11.547,1.68068,1.68058,1,2.22
13-08-2014 00:43:12.104,1.68068,1.68058,1,1.47
13-08-2014 00:43:18.808,1.68069,1.68058,1.13,1.19
13-08-2014 00:43:19.112,1.68066,1.68057,1,1.1
13-08-2014 00:43:19.618,1.68065,1.68054,1.32,1.02
13-08-2014 00:43:21.655,1.68063,1.68054,1.19,1.1
13-08-2014 00:43:22.160,1.68065,1.68054,1.25,1.02
13-08-2014 00:43:23.399,1.68065,1.68054,1.25,1.77
13-08-2014 00:43:28.045,1.68063,1.68054,1,2.52
13-08-2014 00:43:28.097,1.68063,1.68054,1.32,1.5
13-08-2014 00:43:28.299,1.68061,1.68051,1.19,1.1
13-08-2014 00:43:37.215,1.68061,1.68051,1.25,1
13-08-2014 00:43:41.043,1.68059,1.68051,1,1
13-08-2014 00:43:45.032,1.68058,1.68051,1.19,1
13-08-2014 00:43:45.133,1.68059,1.68049,1.25,1.58
13-08-2014 00:43:45.638,1.68059,1.68049,1.19,1
13-08-2014 00:43:46.274,1.68059,1.68049,1.69,1
13-08-2014 00:43:50.526,1.68059,1.68048,2.07,1.77
13-08-2014 00:43:51.235,1.68059,1.68048,1.32,1.77
13-08-2014 00:43:53.264,1.68059,1.68048,1.29,1.5
13-08-2014 00:43:56.247,1.68059,1.68048,2.39,1.69
13-08-2014 00:44:00.305,1.6806,1.68047,2.44,1.77
13-08-2014 00:44:03.174,1.68058,1.68047,1.19,1.1
13-08-2014 00:44:04.092,1.68058,1.68047,1.25,1.02
13-08-2014 00:44:06.086,1.6806,1.68047,5.44,1.77
13-08-2014 00:44:07.898,1.68059,1.68047,1.39,1.19
13-08-2014 00:44:09.878,1.68059,1.68048,1.32,1.33
13-08-2014 00:44:11.042,1.6806,1.68048,4.69,1.33
13-08-2014 00:44:17.002,1.6806,1.68047,2.44,2.52
13-08-2014 00:44:25.077,1.68059,1.68047,1.19,1.77
13-08-2014 00:44:29.224,1.68058,1.68047,1,1.77
13-08-2014 00:44:30.108,1.68054,1.68045,1.19,3
13-08-2014 00:44:30.159,1.68052,1.68043,1,2.14
13-08-2014 00:44:30.412,1.68052,1.68044,1,1.19
13-08-2014 00:44:30.463,1.68055,1.68044,1.02,1.19
13-08-2014 00:44:32.426,1.68055,1.68045,1,1.39
13-08-2014 00:44:35.740,1.68055,1.68044,1,1.34
13-08-2014 00:44:38.433,1.68055,1.68045,1,1.39
13-08-2014 00:44:45.051,1.68057,1.68045,1.32,1.39
13-08-2014 00:44:54.532,1.68058,1.68043,2.52,3.34
13-08-2014 00:44:55.565,1.68058,1.68045,2.52,1.19
13-08-2014 00:45:01.326,1.68058,1.68044,5.14,1.29
13-08-2014 00:45:07.062,1.68054,1.68044,1,1.29
13-08-2014 00:45:10.157,1.68055,1.68044,1,1.29
13-08-2014 00:45:10.966,1.68055,1.68045,1,1.19
13-08-2014 00:45:14.366,1.68055,1.68044,1,1.29
13-08-2014 00:45:20.726,1.68056,1.68044,1.13,1.29
13-08-2014 00:45:22.321,1.68057,1.68045,1.69,1.19
13-08-2014 00:45:24.339,1.68057,1.68044,1.69,1.29
13-08-2014 00:45:25.330,1.68057,1.68045,1.69,1.19
13-08-2014 00:45:26.298,1.68057,1.68044,1.69,1.29
13-08-2014 00:45:33.712,1.68057,1.68044,1.32,1.29
13-08-2014 00:45:34.325,1.68057,1.68045,1.32,1.19
13-08-2014 00:45:35.663,1.68055,1.68045,1,1.19
13-08-2014 00:45:36.234,1.68055,1.68044,1,1.29
13-08-2014 00:45:37.563,1.68055,1.68043,1.69,1.84
13-08-2014 00:45:38.559,1.68055,1.68043,1.25,1.84
13-08-2014 00:45:41.809,1.68055,1.68044,1,1.29
13-08-2014 00:45:52.844,1.68055,1.68043,1.1,2.52
13-08-2014 00:45:55.017,1.68055,1.68044,1.1,1.19
13-08-2014 00:45:59.117,1.68054,1.68044,1,2.44
13-08-2014 00:46:01.269,1.68056,1.68044,4.65,1.19
13-08-2014 00:46:02.626,1.68056,1.68043,4.84,1.77
13-08-2014 00:46:06.620,1.68056,1.68044,1.47,1.19
13-08-2014 00:46:09.641,1.68056,1.68044,1.13,1.27
13-08-2014 00:46:10.650,1.68056,1.68045,1.32,1.29
13-08-2014 00:46:13.183,1.68056,1.68044,1.13,1.27
13-08-2014 00:46:14.207,1.68056,1.68045,1.32,1.29
13-08-2014 00:46:15.226,1.68056,1.68044,1.13,1.27
13-08-2014 00:46:18.189,1.68056,1.68045,1.32,1.29
13-08-2014 00:46:19.236,1.68056,1.68044,1.13,1.27
13-08-2014 00:46:32.797,1.68057,1.68044,2.52,1.27
13-08-2014 00:46:33.887,1.68055,1.68043,1,2.14
13-08-2014 00:46:34.895,1.68055,1.68044,1,1.27
13-08-2014 00:46:38.844,1.68055,1.68043,1,2.52
13-08-2014 00:46:40.543,1.68057,1.68043,5.14,2.52
13-08-2014 00:46:42.875,1.68057,1.68044,1.39,1.27
13-08-2014 00:46:46.763,1.68057,1.68044,1.77,1.27
13-08-2014 00:46:46.915,1.6805,1.6804,1.29,1.25
13-08-2014 00:46:47.421,1.6805,1.68038,1.1,1.77
13-08-2014 00:46:48.913,1.68053,1.68041,1.02,1.25
13-08-2014 00:46:48.964,1.68053,1.68041,1.02,1.69
13-08-2014 00:46:49.665,1.68053,1.68041,1.02,1.19
13-08-2014 00:46:56.010,1.68054,1.68041,1.1,2.59
13-08-2014 00:46:59.034,1.68054,1.68041,1.02,2.22
13-08-2014 00:46:59.983,1.68054,1.68042,1.1,1.39
13-08-2014 00:47:05.021,1.68055,1.68042,4.09,2.14
13-08-2014 00:47:15.363,1.68056,1.68043,2.52,1.69
13-08-2014 00:47:16.353,1.68057,1.68044,3.64,1.69
13-08-2014 00:47:17.373,1.68057,1.68044,3.64,1.25
13-08-2014 00:47:18.399,1.68056,1.68044,1.27,1.19
13-08-2014 00:47:21.363,1.68057,1.68043,3.27,1.77
13-08-2014 00:47:23.360,1.68057,1.68045,2.89,1.19
13-08-2014 00:47:34.371,1.68057,1.68044,1.77,1.19
13-08-2014 00:47:38.444,1.68057,1.68044,1.39,1.69
13-08-2014 00:47:41.466,1.68057,1.68044,1.39,1.19
13-08-2014 00:47:44.085,1.68057,1.68046,1.2,1.19
13-08-2014 00:47:44.389,1.68058,1.68046,5.52,1.69
13-08-2014 00:47:44.742,1.68056,1.68044,1.58,2.07
13-08-2014 00:47:48.394,1.68056,1.68042,5.52,2.89
13-08-2014 00:47:49.416,1.68056,1.68043,6.27,1.19
13-08-2014 00:47:56.681,1.68055,1.68044,1.65,1.19
13-08-2014 00:48:09.265,1.68056,1.68042,3.27,2.89
13-08-2014 00:48:20.178,1.68056,1.68042,5.52,3.64
13-08-2014 00:48:33.860,1.68053,1.68043,1,1.27
13-08-2014 00:48:34.653,1.68053,1.68043,1,1.77
13-08-2014 00:48:35.648,1.68053,1.68043,1,1.27
13-08-2014 00:48:39.210,1.68053,1.68043,1,1.77
13-08-2014 00:48:43.096,1.68056,1.68043,2.52,1.27
13-08-2014 00:48:44.637,1.68056,1.68042,4.02,1.29
13-08-2014 00:48:52.821,1.68055,1.68042,4.84,1.77
13-08-2014 00:48:53.438,1.68055,1.68042,4.09,1.29
13-08-2014 00:49:04.509,1.68056,1.68042,1.84,1.84
13-08-2014 00:49:08.456,1.68056,1.68043,1.84,1.19
13-08-2014 00:49:10.504,1.68056,1.68042,4.84,3.72
13-08-2014 00:49:14.859,1.68055,1.68042,1.19,3.72
13-08-2014 00:49:16.883,1.68056,1.68042,1.39,3.72
13-08-2014 00:49:17.899,1.68055,1.68042,1.19,3.72
13-08-2014 00:49:20.836,1.68054,1.68042,1.19,1.47
13-08-2014 00:49:21.873,1.68055,1.68041,2.82,3.34
13-08-2014 00:49:23.858,1.68055,1.68041,6.19,3.34
13-08-2014 00:49:24.864,1.68054,1.68041,1.19,4.09
13-08-2014 00:49:32.017,1.68055,1.68042,6.34,1.32
13-08-2014 00:49:33.142,1.68055,1.68045,6.34,1
13-08-2014 00:49:33.892,1.68055,1.68045,5.59,1
13-08-2014 00:49:36.010,1.68055,1.68043,2.22,1.19
13-08-2014 00:49:36.111,1.68053,1.68043,1,1.19
13-08-2014 00:49:37.952,1.68053,1.68043,1,1.19
13-08-2014 00:49:57.079,1.68053,1.68043,1,1.19
13-08-2014 00:50:00.065,1.68053,1.68043,1,1.69
13-08-2014 00:50:01.869,1.68055,1.68043,1.19,1.69
13-08-2014 00:50:13.634,1.68052,1.68043,1,1.19
13-08-2014 00:50:21.441,1.68052,1.68042,1,1.29
13-08-2014 00:50:27.464,1.68052,1.68043,1,1.19
13-08-2014 00:50:29.476,1.68052,1.68042,1,1.29
13-08-2014 00:50:32.894,1.68055,1.68042,2.59,1.29
13-08-2014 00:50:35.603,1.68053,1.68042,1,1.29
13-08-2014 00:50:37.501,1.68053,1.68043,1,1.19
13-08-2014 00:50:47.526,1.68054,1.68043,1.09,1.19
13-08-2014 00:50:53.548,1.68052,1.68043,1,1.19
13-08-2014 00:51:02.133,1.68053,1.68043,1,1.19
13-08-2014 00:51:03.599,1.68053,1.68042,1,2.07
13-08-2014 00:51:09.168,1.68055,1.68043,4.09,1.19
13-08-2014 00:51:10.609,1.68054,1.68043,1,1.19
13-08-2014 00:51:10.967,1.68056,1.68043,1.02,1.84
13-08-2014 00:51:11.489,1.68055,1.68043,1,2.22
13-08-2014 00:51:12.927,1.68055,1.68044,1,1.77
13-08-2014 00:51:29.942,1.68055,1.68042,1.19,1.58
13-08-2014 00:51:30.044,1.68054,1.68042,1.29,1.39
13-08-2014 00:51:31.965,1.68054,1.68042,1.02,1.39
13-08-2014 00:51:32.839,1.68054,1.68042,1.02,3.27
13-08-2014 00:51:33.556,1.68054,1.68042,1.29,4.02
13-08-2014 00:51:34.076,1.68054,1.68042,1.1,4.02
13-08-2014 00:51:38.568,1.68056,1.68043,1.77,1.37
13-08-2014 00:51:40.007,1.68055,1.68043,1,1.84
13-08-2014 00:51:40.981,1.68055,1.68045,1.19,1.25
13-08-2014 00:51:42.982,1.68055,1.68045,1,1.25
13-08-2014 00:51:48.094,1.68054,1.68043,1,3.34
13-08-2014 00:51:48.770,1.68054,1.68042,1,1.32
13-08-2014 00:51:49.276,1.68053,1.68044,1,1.25
13-08-2014 00:51:49.817,1.68054,1.68043,1,1.19
13-08-2014 00:51:50.322,1.68055,1.68044,1.25,1.02
13-08-2014 00:51:50.835,1.68055,1.68044,1.19,1.29
13-08-2014 00:51:52.834,1.68056,1.68044,1.29,2.52
13-08-2014 00:51:53.805,1.68057,1.68044,1.37,1.77
13-08-2014 00:51:54.312,1.68056,1.68044,1.29,1.77
13-08-2014 00:51:55.603,1.68053,1.68045,1,1.25
13-08-2014 00:51:56.064,1.68055,1.68045,1,1.25
13-08-2014 00:51:58.831,1.68055,1.68045,1,1.69
13-08-2014 00:52:00.111,1.68057,1.68045,1.69,1.27
13-08-2014 00:52:00.825,1.68057,1.68045,1.19,1.77
13-08-2014 00:52:01.331,1.68057,1.68045,1.19,2.08
13-08-2014 00:52:08.160,1.68057,1.68046,1.25,1.02
13-08-2014 00:52:10.184,1.68057,1.68046,1.69,1.02
13-08-2014 00:52:14.050,1.68056,1.68046,1.29,1.25
13-08-2014 00:52:16.877,1.68055,1.68046,1.19,1
13-08-2014 00:52:17.382,1.68055,1.68044,1.19,2.14
13-08-2014 00:52:17.904,1.68056,1.68044,1.77,1.39
13-08-2014 00:52:23.845,1.68056,1.68044,2.52,1.39
13-08-2014 00:52:24.870,1.68056,1.68044,1.77,1.39
13-08-2014 00:52:38.059,1.68056,1.68044,2.52,2.04
13-08-2014 00:52:40.828,1.68055,1.68044,1,2.04
13-08-2014 00:52:41.342,1.68055,1.68044,1,1.77
13-08-2014 00:52:42.366,1.68056,1.68044,2.14,1.02
13-08-2014 00:52:42.670,1.68056,1.68043,3.27,2.22
13-08-2014 00:52:43.633,1.68056,1.68044,3.64,1.77
13-08-2014 00:52:47.657,1.68056,1.68044,1.58,1.77
13-08-2014 00:52:52.659,1.68056,1.68044,1.29,2.52
13-08-2014 00:52:54.621,1.68056,1.68045,1.02,1.69
13-08-2014 00:53:00.671,1.68057,1.68046,1.19,1.02
13-08-2014 00:53:01.185,1.68057,1.68046,1.19,1.39
13-08-2014 00:53:03.370,1.68058,1.68046,1.29,1.39
13-08-2014 00:53:03.871,1.68058,1.68046,1.29,1.39
13-08-2014 00:53:13.516,1.68056,1.68044,1.77,1.77
13-08-2014 00:53:14.526,1.68056,1.68044,1.19,2.22
13-08-2014 00:53:15.492,1.68056,1.68044,1.25,3.72
13-08-2014 00:53:18.493,1.68056,1.68044,1.25,3.34
13-08-2014 00:53:19.290,1.68056,1.68044,1.25,1.77
13-08-2014 00:53:19.797,1.68056,1.68044,1,2.22
13-08-2014 00:53:21.430,1.68056,1.68044,1.69,1.47
13-08-2014 00:53:21.941,1.68054,1.68042,1,2.59
13-08-2014 00:53:22.446,1.68054,1.68042,1.25,1.84
13-08-2014 00:53:23.425,1.68053,1.68042,1.19,1.47
13-08-2014 00:53:24.415,1.68052,1.68042,1.19,1.47
13-08-2014 00:53:27.438,1.68051,1.68042,1.19,1.13
13-08-2014 00:53:34.559,1.68051,1.68042,1.19,1.5
13-08-2014 00:53:40.599,1.68051,1.68043,1.25,1
13-08-2014 00:53:41.779,1.68051,1.68043,1.19,1
13-08-2014 00:53:43.469,1.6805,1.68042,1.25,1.13
13-08-2014 00:53:43.983,1.68052,1.68042,1.69,1.13
13-08-2014 00:53:48.588,1.68051,1.68042,1.69,1.13
13-08-2014 00:53:49.564,1.68052,1.68042,1.19,1.13
13-08-2014 00:53:50.637,1.68052,1.68044,1.19,1
13-08-2014 00:53:50.739,1.68052,1.68042,1.19,1.13
13-08-2014 00:53:52.582,1.68051,1.68042,1.19,1.13
13-08-2014 00:53:54.273,1.68051,1.68042,1.25,1.69
13-08-2014 00:53:55.119,1.68052,1.68044,1.19,1
13-08-2014 00:53:55.624,1.68052,1.68043,1.69,1
13-08-2014 00:53:59.532,1.68052,1.68045,2.44,1
13-08-2014 00:54:00.003,1.68052,1.68042,1.69,1.88
13-08-2014 00:54:00.624,1.68053,1.68042,1.09,2.07
13-08-2014 00:54:00.849,1.68053,1.68042,1.09,3.57
13-08-2014 00:54:01.275,1.68052,1.68044,1.19,1.38
13-08-2014 00:54:01.326,1.68052,1.68041,1.19,1.65
13-08-2014 00:54:01.687,1.68048,1.68042,1,1
13-08-2014 00:54:01.738,1.68048,1.68039,2.25,1.69
13-08-2014 00:54:01.990,1.6805,1.68041,1.5,2.44
13-08-2014 00:54:02.041,1.6805,1.68041,1.1,2.44
13-08-2014 00:54:02.193,1.68048,1.68037,1,1.08
13-08-2014 00:54:02.243,1.68045,1.68037,1,1
13-08-2014 00:54:02.345,1.68048,1.68039,1.02,1
13-08-2014 00:54:02.850,1.68047,1.68035,1.25,5.22
13-08-2014 00:54:03.356,1.68046,1.68038,1.25,2.25
13-08-2014 00:54:04.114,1.68045,1.68038,1.19,2.25
13-08-2014 00:54:04.165,1.68045,1.68035,1.19,2.52
13-08-2014 00:54:04.519,1.68043,1.68033,1.25,2.44
13-08-2014 00:54:05.213,1.68043,1.68033,1.19,2.44
13-08-2014 00:54:07.469,1.68043,1.68033,1.19,2.44
13-08-2014 00:54:14.200,1.68044,1.68032,1.19,5.14
13-08-2014 00:54:15.916,1.68043,1.68035,1.25,1
13-08-2014 00:54:16.422,1.68045,1.68033,2.44,2.59
13-08-2014 00:54:16.472,1.68041,1.68032,1.25,1.58
13-08-2014 00:54:16.725,1.68043,1.68033,1.25,1.5
13-08-2014 00:54:17.230,1.68042,1.68032,1.25,1.13
13-08-2014 00:54:17.836,1.68042,1.68032,1.25,3.75
13-08-2014 00:54:18.796,1.68042,1.68032,1.25,4.58
13-08-2014 00:54:19.819,1.68042,1.68032,1.19,4.77
13-08-2014 00:54:29.723,1.68043,1.68032,1.25,2.14
13-08-2014 00:54:30.706,1.68042,1.68032,1.19,3.64
13-08-2014 00:54:32.944,1.68043,1.68033,1.69,1.28
13-08-2014 00:54:38.852,1.68043,1.68033,1.25,1.95
13-08-2014 00:54:39.712,1.68043,1.68033,1.19,2.52
13-08-2014 00:54:44.133,1.68043,1.68036,1.19,1
13-08-2014 00:54:45.305,1.68043,1.68035,1.19,1.1
13-08-2014 00:54:46.266,1.68043,1.68034,1.19,1.2
13-08-2014 00:54:47.808,1.68043,1.68034,1.25,1.32
13-08-2014 00:54:48.905,1.68042,1.68034,1.25,1.13
13-08-2014 00:54:49.107,1.68045,1.68034,1.19,1.2
13-08-2014 00:54:49.158,1.68045,1.68036,1.19,1
13-08-2014 00:54:49.209,1.68046,1.68036,1.69,1
13-08-2014 00:54:49.361,1.68046,1.68038,1.25,1
13-08-2014 00:54:49.463,1.68046,1.68036,1.25,1.13
13-08-2014 00:54:49.614,1.68046,1.68038,1.25,1
13-08-2014 00:54:49.817,1.68046,1.68036,1.25,1.13
13-08-2014 00:54:50.363,1.68045,1.68035,1,1.77
13-08-2014 00:54:50.915,1.68045,1.68035,1,1.32
13-08-2014 00:54:51.435,1.68046,1.68035,1.25,1.32
13-08-2014 00:54:52.447,1.68046,1.68036,1.25,1
13-08-2014 00:54:52.498,1.68046,1.68038,1.25,1
13-08-2014 00:54:52.599,1.68046,1.68036,1.25,1.5
13-08-2014 00:54:56.406,1.68044,1.68036,1.25,1.5
13-08-2014 00:55:00.205,1.68048,1.68034,2.4,4.69
13-08-2014 00:55:00.826,1.68049,1.68037,1.02,1.02
13-08-2014 00:55:00.978,1.68049,1.68039,1.02,1
13-08-2014 00:55:01.281,1.68053,1.68041,1.39,1.32
13-08-2014 00:55:01.586,1.68054,1.68043,2.52,1.19
13-08-2014 00:55:01.842,1.68056,1.68044,1.19,1.19
13-08-2014 00:55:02.701,1.68055,1.68045,1,1.27
13-08-2014 00:55:03.592,1.68058,1.68045,2.52,1.27
13-08-2014 00:55:04.349,1.68055,1.68045,1.1,1.19
13-08-2014 00:55:04.854,1.68055,1.68045,1.58,1.19
13-08-2014 00:55:05.361,1.68056,1.68044,1.77,1.29
13-08-2014 00:55:05.664,1.68056,1.68045,1.1,1.19
13-08-2014 00:55:06.648,1.68056,1.68046,1.1,1.19
13-08-2014 00:55:07.153,1.68058,1.68044,5.89,2.52
13-08-2014 00:55:09.207,1.68055,1.68044,3.75,1.29
13-08-2014 00:55:13.615,1.68055,1.68045,3.75,1.19
13-08-2014 00:55:17.708,1.68055,1.68043,3.94,2.22
13-08-2014 00:55:19.707,1.68055,1.68044,1.25,1.29
13-08-2014 00:55:27.795,1.68056,1.68044,3.9,1.69
13-08-2014 00:55:28.822,1.68056,1.68044,4.09,1.19
13-08-2014 00:55:32.958,1.68056,1.68042,5.59,3.34
13-08-2014 00:55:33.163,1.68054,1.68042,3.75,3.34
13-08-2014 00:55:35.054,1.68056,1.68044,1.47,1.25
13-08-2014 00:55:35.579,1.68056,1.68044,1.47,1.19
13-08-2014 00:55:36.455,1.68056,1.68043,4.84,1.19
13-08-2014 00:55:37.402,1.68056,1.68043,5.59,1.19
13-08-2014 00:55:40.187,1.68055,1.68044,4.5,1.19
13-08-2014 00:55:41.213,1.68055,1.68044,1.25,1.19
13-08-2014 00:55:46.221,1.68055,1.68043,4.5,1.19
13-08-2014 00:55:47.250,1.68055,1.68044,1.02,1.32
13-08-2014 00:55:48.832,1.68055,1.68042,1.29,3.94
13-08-2014 00:55:49.337,1.68055,1.68044,1.29,2.44
13-08-2014 00:55:49.539,1.68056,1.68044,1.25,2.44
13-08-2014 00:55:50.247,1.68058,1.68045,2.22,2.07
13-08-2014 00:55:51.224,1.68058,1.68045,1.47,1.19
13-08-2014 00:55:51.983,1.68059,1.68048,3.57,1
13-08-2014 00:55:52.517,1.68059,1.68047,2.07,2.52
13-08-2014 00:55:53.022,1.68058,1.68047,1.19,1.77
13-08-2014 00:55:53.527,1.68058,1.68045,2.22,3.94
13-08-2014 00:55:55.542,1.68058,1.68045,1.47,3.94
13-08-2014 00:55:56.373,1.68058,1.68045,1.47,2.07
13-08-2014 00:55:56.881,1.68058,1.68045,2.22,2.07
13-08-2014 00:56:01.861,1.68055,1.68046,1,1.27
13-08-2014 00:56:02.484,1.68055,1.68044,1.25,1.67
13-08-2014 00:56:03.456,1.68055,1.68045,1.25,1.39
13-08-2014 00:56:03.968,1.68055,1.68044,1.25,2.14
13-08-2014 00:56:04.323,1.68053,1.68044,1,1.32
13-08-2014 00:56:04.475,1.68055,1.68044,1.25,1.32
13-08-2014 00:56:05.334,1.68058,1.68047,1.77,1.19
13-08-2014 00:56:06.392,1.6806,1.68047,2.14,1.19
13-08-2014 00:56:10.349,1.6806,1.68046,1.77,1.77
13-08-2014 00:56:11.348,1.6806,1.68048,1.77,1.19
13-08-2014 00:56:12.373,1.6806,1.68047,1.77,1.19
13-08-2014 00:56:14.087,1.6806,1.68047,2.52,1.69
13-08-2014 00:56:16.573,1.68059,1.68047,1.32,1.29
13-08-2014 00:56:16.674,1.68061,1.68047,2.04,1.77
13-08-2014 00:56:16.877,1.68063,1.6805,3.27,1.19
13-08-2014 00:56:17.181,1.68064,1.68052,1.32,1.69
13-08-2014 00:56:17.686,1.68065,1.68053,1.02,1.32
13-08-2014 00:56:19.631,1.68064,1.68052,1,1.32
13-08-2014 00:56:21.896,1.68064,1.68053,1.25,1.19
13-08-2014 00:56:26.833,1.68065,1.68053,1,1.77
13-08-2014 00:56:27.138,1.68063,1.68053,1,1.32
13-08-2014 00:56:27.643,1.68062,1.68053,1,1.32
13-08-2014 00:56:28.379,1.68062,1.68052,1,1.19
13-08-2014 00:56:30.271,1.68063,1.68052,2.07,2.07
13-08-2014 00:56:31.475,1.68064,1.68052,1,3.27
13-08-2014 00:56:40.547,1.68064,1.68053,1.25,1.39
13-08-2014 00:57:21.737,1.68064,1.68052,1,5.07
13-08-2014 00:57:27.539,1.68065,1.68052,1.47,5.07
13-08-2014 00:57:42.684,1.68065,1.68053,1.19,2.07
13-08-2014 00:57:52.289,1.68064,1.68053,1.19,1.32
13-08-2014 00:57:53.299,1.68065,1.68053,1.69,1.32
13-08-2014 00:57:54.282,1.68065,1.68053,1.19,1.32
13-08-2014 00:57:55.708,1.68066,1.68053,1.39,2.07
13-08-2014 00:57:56.589,1.68066,1.68056,1.15,1.57
13-08-2014 00:57:56.691,1.68068,1.68056,2.14,1.57
13-08-2014 00:57:57.267,1.68068,1.68057,1,2.14
13-08-2014 00:58:01.352,1.68069,1.68057,1.1,2.14
13-08-2014 00:58:03.348,1.68069,1.68058,1.25,1.57
13-08-2014 00:58:06.357,1.68069,1.68057,1.19,3.94
13-08-2014 00:58:08.320,1.68069,1.68058,1.25,1.57
13-08-2014 00:58:11.445,1.68069,1.68058,1.77,1.19
13-08-2014 00:58:11.960,1.68069,1.68057,1.58,2.07
13-08-2014 00:58:31.836,1.68069,1.68057,1.33,1.69
13-08-2014 00:58:35.457,1.68069,1.68057,1.27,1.69
13-08-2014 00:58:36.974,1.68069,1.68057,1.39,3.57
13-08-2014 00:58:37.894,1.68069,1.68057,2.14,3.57
13-08-2014 00:58:44.930,1.68069,1.68057,2.14,3.57
13-08-2014 00:58:46.937,1.68069,1.68057,2.14,3.57
13-08-2014 00:58:48.952,1.68069,1.68057,2.14,3.57
13-08-2014 00:58:51.513,1.68069,1.68057,1.33,1.69
13-08-2014 00:58:53.873,1.6807,1.68059,1.45,1.19
13-08-2014 00:59:00.695,1.6807,1.68058,1.39,1.57
13-08-2014 00:59:03.660,1.6807,1.68057,1.39,4.32
13-08-2014 00:59:08.843,1.6807,1.6806,1.2,1.19
13-08-2014 00:59:09.345,1.68071,1.6806,1.65,1.19
13-08-2014 00:59:10.164,1.68071,1.68061,1.65,1.19
13-08-2014 00:59:11.135,1.68071,1.68059,1.65,1.19
13-08-2014 00:59:12.035,1.68071,1.68058,1.47,3.19
13-08-2014 00:59:12.136,1.6807,1.68058,1.08,3.19
13-08-2014 00:59:16.235,1.6807,1.68058,1.1,1.39
13-08-2014 00:59:18.077,1.68071,1.6806,1.47,1.19
13-08-2014 00:59:18.592,1.68072,1.6806,1.77,1.77
13-08-2014 00:59:19.098,1.68072,1.6806,1.02,1.77
13-08-2014 00:59:19.607,1.68072,1.68061,1.02,1.69
13-08-2014 00:59:20.219,1.68072,1.68061,1.02,1.69
13-08-2014 00:59:20.736,1.68073,1.68063,2.52,1.19
13-08-2014 00:59:22.346,1.68072,1.68061,1.77,1.69
13-08-2014 00:59:23.116,1.6807,1.68061,1,1.69
13-08-2014 00:59:24.355,1.6807,1.68062,1,1.19
13-08-2014 00:59:24.855,1.68074,1.68063,2.14,2.03
13-08-2014 00:59:24.906,1.68074,1.68065,1.25,3.19
13-08-2014 00:59:25.413,1.68076,1.68068,1.19,2.25
13-08-2014 00:59:25.775,1.68077,1.68068,1.1,2.25
13-08-2014 00:59:26.281,1.68078,1.68066,1.08,1.57
13-08-2014 00:59:27.475,1.68079,1.68067,2.52,1.32
13-08-2014 00:59:29.584,1.68079,1.68068,1.77,1.19
13-08-2014 00:59:30.554,1.68079,1.68066,1.77,3.19
13-08-2014 00:59:36.984,1.68081,1.68067,4.09,2.82
13-08-2014 00:59:37.590,1.68081,1.68068,4.09,1.32
13-08-2014 00:59:45.107,1.68081,1.68069,1.09,2.07
13-08-2014 00:59:48.039,1.68082,1.68069,4.39,1.25
13-08-2014 00:59:49.001,1.68081,1.68069,1.09,1.25
13-08-2014 00:59:49.769,1.68082,1.68069,2.52,4.32
13-08-2014 00:59:49.870,1.68083,1.68071,1.47,1.19
13-08-2014 00:59:50.190,1.68086,1.68078,1.1,1.94
13-08-2014 00:59:50.393,1.6809,1.68077,2.33,3.19
13-08-2014 00:59:51.353,1.68089,1.68078,1.37,1
13-08-2014 00:59:51.858,1.68089,1.68077,4.84,1.25
13-08-2014 00:59:52.380,1.68088,1.68077,1.39,1
13-08-2014 00:59:54.129,1.68088,1.68076,1.39,1.69
13-08-2014 00:59:54.836,1.68088,1.68076,1.39,1.69
13-08-2014 00:59:55.799,1.68087,1.68076,1.19,1.84
13-08-2014 00:59:59.583,1.68087,1.68076,1.77,1.19
13-08-2014 01:00:00.408,1.68087,1.68076,1.39,1.25
13-08-2014 01:00:01.905,1.68087,1.68077,2.14,1
13-08-2014 01:00:02.214,1.68087,1.68075,2.89,1.69
13-08-2014 01:00:03.148,1.68084,1.68074,1.19,2.07
13-08-2014 01:00:03.451,1.6808,1.6807,3.94,1.69
13-08-2014 01:00:04.066,1.6808,1.6807,4.69,1.25
13-08-2014 01:00:04.580,1.68079,1.68068,1.77,1.5
13-08-2014 01:00:05.085,1.68078,1.68067,4.09,1.25
13-08-2014 01:00:06.070,1.68077,1.68067,1.69,1.25
13-08-2014 01:00:06.626,1.68076,1.68066,1.19,1.69
13-08-2014 01:00:15.790,1.68077,1.68066,5.33,1.19
13-08-2014 01:00:16.143,1.68075,1.68066,1.1,1
13-08-2014 01:00:16.244,1.68074,1.68065,1.19,1
13-08-2014 01:00:16.295,1.68073,1.68063,1.19,1.1
13-08-2014 01:00:16.699,1.6807,1.68062,3.75,1
13-08-2014 01:00:16.852,1.68069,1.68059,1.19,1
13-08-2014 01:00:17.357,1.68069,1.68058,1.19,1
13-08-2014 01:00:17.876,1.68068,1.68058,1.32,1
13-08-2014 01:00:18.419,1.68067,1.68058,3.19,1
13-08-2014 01:00:18.520,1.68067,1.68055,3.19,1.25
13-08-2014 01:00:18.621,1.68065,1.68055,2.44,1.15
13-08-2014 01:00:18.925,1.68062,1.68053,1.19,1
13-08-2014 01:00:20.647,1.68061,1.68053,1.19,1
13-08-2014 01:00:21.508,1.68061,1.68051,1.19,1.09
13-08-2014 01:00:26.148,1.68061,1.68052,2.44,1
13-08-2014 01:00:26.653,1.68062,1.68053,1.19,1
13-08-2014 01:00:27.791,1.68061,1.68052,1.25,1.25
13-08-2014 01:00:28.305,1.68062,1.68052,1.25,1.5
13-08-2014 01:00:29.552,1.68065,1.68052,1.02,2.07
13-08-2014 01:00:30.883,1.68066,1.68053,1.02,3.27
13-08-2014 01:00:31.560,1.68065,1.68053,1.19,3.27
13-08-2014 01:00:32.595,1.68066,1.68053,1.29,3.27
13-08-2014 01:00:33.112,1.68066,1.68055,1.29,1.5
13-08-2014 01:00:34.067,1.68068,1.68055,2.14,2.07
13-08-2014 01:00:34.370,1.68069,1.68058,1,4.09
13-08-2014 01:00:34.875,1.68071,1.6806,1.19,1.19
13-08-2014 01:00:35.380,1.68073,1.68061,2.52,1.25
13-08-2014 01:00:36.358,1.68073,1.68061,1.77,1.19
13-08-2014 01:00:37.064,1.68074,1.68061,2.03,1.69
13-08-2014 01:00:37.367,1.68078,1.68067,1.65,1.32
13-08-2014 01:00:37.569,1.68076,1.68067,1.19,1.13
13-08-2014 01:00:37.672,1.68077,1.68066,1.69,1.47
13-08-2014 01:00:38.177,1.68077,1.68065,1.69,1.19
13-08-2014 01:00:39.072,1.68077,1.68065,1.69,1.19
13-08-2014 01:00:39.503,1.68075,1.68063,1.29,1.47
13-08-2014 01:00:40.008,1.68074,1.68062,1.25,1.47
13-08-2014 01:00:40.681,1.68072,1.68062,1.19,1.09
13-08-2014 01:00:41.857,1.6807,1.6806,1.19,4.69
13-08-2014 01:00:42.009,1.68069,1.6806,1.19,1.1
13-08-2014 01:00:42.262,1.68071,1.68059,1.39,1.77
13-08-2014 01:00:43.121,1.6807,1.6806,1.19,1.25
13-08-2014 01:00:43.424,1.68069,1.68057,1.19,2.89
13-08-2014 01:00:46.239,1.68068,1.68057,1.32,1.69
13-08-2014 01:00:47.253,1.68067,1.68057,1.19,1.25
13-08-2014 01:00:49.229,1.68068,1.68057,1.32,1
13-08-2014 01:00:50.262,1.68067,1.68057,1.19,1
13-08-2014 01:00:51.857,1.68065,1.68055,1.19,1.77
13-08-2014 01:00:52.060,1.68068,1.68054,2.59,1.47
13-08-2014 01:00:52.566,1.68065,1.68054,1,1.37
13-08-2014 01:00:54.403,1.68065,1.68055,1,1.3
13-08-2014 01:00:55.587,1.68067,1.68056,1.5,1.37
13-08-2014 01:00:55.638,1.6807,1.68056,3.72,1.37
13-08-2014 01:00:55.743,1.6807,1.68057,2.97,1.29
13-08-2014 01:00:56.047,1.68072,1.6806,1.58,1.19
13-08-2014 01:00:57.108,1.68072,1.68059,1.02,3.27
13-08-2014 01:00:57.412,1.68071,1.68058,1.39,1.77
13-08-2014 01:00:58.186,1.68072,1.68058,1.77,1.27
13-08-2014 01:00:59.196,1.68071,1.68058,1.77,1.77
13-08-2014 01:01:00.190,1.68071,1.68058,2.52,1.25
13-08-2014 01:01:02.124,1.68071,1.68059,1.69,1
13-08-2014 01:01:02.175,1.68072,1.68061,1.32,1.19
13-08-2014 01:01:02.226,1.68073,1.68061,2.89,1.19
13-08-2014 01:01:05.356,1.68074,1.68063,1.67,1.25
13-08-2014 01:01:08.023,1.68074,1.68061,4.02,2.44
13-08-2014 01:01:08.568,1.68074,1.68061,4.02,1.69
13-08-2014 01:01:09.222,1.68073,1.68061,1.69,2.44
13-08-2014 01:01:09.476,1.68076,1.68064,3.08,1.77
13-08-2014 01:01:09.982,1.68075,1.68065,1.65,1.69
13-08-2014 01:01:10.488,1.68075,1.68065,3,1.25
13-08-2014 01:01:11.873,1.68074,1.68065,2.59,1
13-08-2014 01:01:12.088,1.68074,1.68063,2.59,1.25
13-08-2014 01:01:14.974,1.68073,1.68063,1.09,1.25
13-08-2014 01:01:17.734,1.68074,1.68063,2.59,1.25
13-08-2014 01:01:18.241,1.68074,1.68063,1.02,1.19
13-08-2014 01:01:18.856,1.68074,1.68063,1.02,1.69
13-08-2014 01:01:19.372,1.68075,1.68063,1.09,2.07
13-08-2014 01:01:25.719,1.68076,1.68064,2.33,2.14
13-08-2014 01:01:25.770,1.68077,1.68064,1.47,2.89
13-08-2014 01:01:26.275,1.68076,1.68065,1.25,2.44
13-08-2014 01:01:27.573,1.68076,1.68065,1.32,1.25
13-08-2014 01:01:28.086,1.68076,1.68065,1.32,1
13-08-2014 01:01:28.750,1.68076,1.68065,3.19,1
13-08-2014 01:01:34.781,1.68076,1.68065,1.69,1
13-08-2014 01:01:34.831,1.68076,1.68065,1.69,1.69
13-08-2014 01:01:34.984,1.68079,1.68066,2.59,2.44
13-08-2014 01:01:35.136,1.6808,1.68068,4.88,3.94
13-08-2014 01:01:36.120,1.6808,1.68069,4.5,1.19
13-08-2014 01:01:37.138,1.6808,1.68068,3,5.07
13-08-2014 01:01:39.175,1.6808,1.68069,1.65,1.19
13-08-2014 01:01:39.479,1.68082,1.6807,4.5,1.69
13-08-2014 01:01:40.489,1.6808,1.68069,1.09,1.69
13-08-2014 01:01:42.045,1.68081,1.68069,1.09,1.69
13-08-2014 01:01:47.436,1.68082,1.68069,3.94,1.69
13-08-2014 01:01:49.949,1.68081,1.68069,1.47,1.19
13-08-2014 01:01:51.937,1.68079,1.68069,1,2.07
13-08-2014 01:01:54.215,1.68079,1.68068,1.25,3.94
13-08-2014 01:01:54.669,1.6808,1.68069,1.95,1.19
13-08-2014 01:01:59.675,1.68079,1.68068,1.39,1.69
13-08-2014 01:02:01.943,1.68079,1.68068,1.02,1.69
13-08-2014 01:02:02.346,1.68079,1.68067,2.63,4.69
13-08-2014 01:02:02.498,1.68077,1.68063,2.63,3.94
13-08-2014 01:02:02.650,1.68075,1.68063,1.58,1
13-08-2014 01:02:03.055,1.68072,1.68061,1.39,1.19
13-08-2014 01:02:03.561,1.68071,1.68061,1.58,1.19
13-08-2014 01:02:04.067,1.68068,1.68061,1,1.19
13-08-2014 01:02:04.573,1.68068,1.6806,1,1.19
13-08-2014 01:02:05.129,1.68068,1.68059,1,1.19
13-08-2014 01:02:09.163,1.68068,1.68058,1.1,1.69
13-08-2014 01:02:14.136,1.68068,1.68058,1.1,1.19
13-08-2014 01:02:29.583,1.68068,1.68061,1.1,1.5
13-08-2014 01:02:30.662,1.68068,1.68061,1.1,1.19
13-08-2014 01:02:31.645,1.68068,1.68059,1.1,2.44
13-08-2014 01:02:34.713,1.6807,1.6806,1.95,1.19
13-08-2014 01:02:35.636,1.6807,1.6806,1.95,1.19
13-08-2014 01:02:36.149,1.6807,1.68062,1.2,1
13-08-2014 01:02:37.152,1.6807,1.6806,1.2,1.69
13-08-2014 01:02:37.678,1.6807,1.6806,1.02,1.19
13-08-2014 01:02:42.347,1.68069,1.68062,1,1
13-08-2014 01:02:42.852,1.6807,1.68061,1.48,1.19
13-08-2014 01:02:43.532,1.6807,1.6806,1.48,1.69
13-08-2014 01:02:44.045,1.6807,1.6806,1.95,1.19
13-08-2014 01:02:45.417,1.68069,1.68059,1.2,2.44
13-08-2014 01:02:46.536,1.68069,1.68059,1.2,1.69
13-08-2014 01:02:47.040,1.6807,1.68057,3.27,1.69
13-08-2014 01:02:48.683,1.68068,1.68057,1.1,1.19
13-08-2014 01:02:52.352,1.68068,1.68057,1.02,1.25
13-08-2014 01:02:56.112,1.68068,1.68057,1.02,1.69
13-08-2014 01:02:57.094,1.68068,1.68057,1.02,1.25
13-08-2014 01:03:00.143,1.68068,1.68057,1.02,1.69
13-08-2014 01:03:01.147,1.68068,1.68057,1.29,1.19
13-08-2014 01:03:01.963,1.68067,1.68057,1.23,1.19
13-08-2014 01:03:02.217,1.68064,1.68056,1,1
13-08-2014 01:03:02.268,1.68062,1.68053,1,1.13
13-08-2014 01:03:02.471,1.6806,1.68052,1,1.69
13-08-2014 01:03:02.775,1.68058,1.68051,1,1.19
13-08-2014 01:03:03.131,1.68058,1.68048,1,1.69
13-08-2014 01:03:04.090,1.68058,1.68048,1,1.25
13-08-2014 01:03:04.623,1.68059,1.68048,1.25,1.25
13-08-2014 01:03:07.121,1.68059,1.68048,1.25,1.69
13-08-2014 01:03:09.110,1.6806,1.68048,1.39,1.19
13-08-2014 01:03:09.513,1.6806,1.68048,2.07,1.19
13-08-2014 01:03:10.032,1.68058,1.68048,1.02,1
13-08-2014 01:03:10.538,1.68057,1.68045,1.5,2.07
13-08-2014 01:03:10.841,1.68054,1.68044,1.5,1.63
13-08-2014 01:03:11.357,1.68054,1.68044,1.5,1.25
13-08-2014 01:03:12.700,1.68054,1.68044,1.5,1.69
13-08-2014 01:03:13.573,1.68054,1.68045,1.95,1.19
13-08-2014 01:03:13.926,1.68055,1.68044,1.77,1.25
13-08-2014 01:03:14.558,1.68055,1.68045,1.69,1
13-08-2014 01:03:14.659,1.68057,1.68045,1.34,1
13-08-2014 01:03:15.177,1.68057,1.68044,1.34,2.44
13-08-2014 01:03:16.671,1.68057,1.68044,1.34,1.69
13-08-2014 01:03:17.786,1.68057,1.68044,1.47,2.44
13-08-2014 01:03:18.655,1.68057,1.68045,1.47,1.19
13-08-2014 01:03:25.688,1.68057,1.68044,1.39,2.59
13-08-2014 01:03:29.813,1.68057,1.68045,3.64,1.29
13-08-2014 01:03:30.793,1.68057,1.68044,2.89,1.37
13-08-2014 01:03:31.406,1.68057,1.68046,2.89,1
13-08-2014 01:03:31.922,1.68057,1.68045,2.89,1.02
13-08-2014 01:03:33.809,1.68057,1.68044,3.64,1.37
13-08-2014 01:03:37.171,1.68057,1.68044,2.44,1.77
13-08-2014 01:03:39.769,1.68057,1.68044,2.44,2.52
13-08-2014 01:03:42.058,1.68057,1.68044,1.69,2.52
13-08-2014 01:03:44.885,1.68057,1.68044,1.32,2.52
13-08-2014 01:03:47.878,1.68057,1.68044,2.07,2.52
13-08-2014 01:03:49.403,1.68057,1.68045,1.19,1.09
13-08-2014 01:03:50.844,1.68057,1.68045,1.25,1.37
13-08-2014 01:03:55.899,1.68057,1.68045,1.19,1.84
13-08-2014 01:04:07.917,1.68056,1.68044,1.25,1.02
13-08-2014 01:04:09.650,1.68055,1.68044,1,1.02
13-08-2014 01:04:11.538,1.68055,1.68043,1,1.37
13-08-2014 01:04:12.043,1.68055,1.68044,1.25,1.29
13-08-2014 01:04:12.912,1.68055,1.68043,1,1.37
13-08-2014 01:04:13.857,1.68055,1.68043,1.38,1.37
13-08-2014 01:04:14.648,1.68056,1.68042,3.19,2.89
13-08-2014 01:04:15.234,1.68056,1.68043,3.19,1.37
13-08-2014 01:04:24.003,1.68056,1.68044,2.07,1.29
13-08-2014 01:04:26.032,1.68056,1.68043,2.82,1.37
13-08-2014 01:04:32.889,1.68056,1.68045,1.63,1.02
13-08-2014 01:04:33.578,1.68056,1.68045,1.57,1.29
13-08-2014 01:04:36.036,1.68056,1.68045,1.57,1.29
13-08-2014 01:04:37.676,1.68055,1.68048,1.38,1
13-08-2014 01:04:54.390,1.68055,1.68047,1.63,1
13-08-2014 01:05:04.911,1.68055,1.68048,1.38,1
13-08-2014 01:05:10.114,1.68055,1.68044,1.38,1.39
13-08-2014 01:05:10.685,1.68055,1.68044,1.13,1.39
13-08-2014 01:05:11.580,1.68055,1.68044,1.38,1.39
13-08-2014 01:05:12.497,1.68055,1.68044,1.38,1.77
13-08-2014 01:05:13.008,1.68055,1.68044,1.13,1.77
13-08-2014 01:05:16.787,1.68056,1.68044,1.57,2.52
13-08-2014 01:05:16.839,1.68053,1.68044,1.19,1.58
13-08-2014 01:05:16.941,1.68052,1.68043,1,1.08
13-08-2014 01:05:17.446,1.68054,1.68042,1.38,2.52
13-08-2014 01:05:17.951,1.68056,1.68043,2.14,1.27
13-08-2014 01:05:18.155,1.68056,1.68044,2.14,1.29
13-08-2014 01:05:22.825,1.68054,1.68045,1.38,1.19
13-08-2014 01:05:22.876,1.68052,1.68043,1.13,1.08
13-08-2014 01:05:24.239,1.68052,1.68042,1.38,1.69
13-08-2014 01:05:24.391,1.68052,1.68042,1.13,1.69
13-08-2014 01:05:24.909,1.68052,1.68042,1.38,1.69
13-08-2014 01:05:29.580,1.68052,1.68042,2.07,1
13-08-2014 01:05:30.085,1.68052,1.6804,1.69,1.37
13-08-2014 01:05:31.332,1.68052,1.68042,1.69,1
13-08-2014 01:05:32.908,1.68052,1.68042,1.19,1
13-08-2014 01:05:33.364,1.68051,1.68038,2.07,1.37
13-08-2014 01:05:35.213,1.68051,1.6804,2.07,1
13-08-2014 01:05:37.308,1.68051,1.6804,2.07,1.25
13-08-2014 01:05:38.285,1.68051,1.68037,2.07,3.64
13-08-2014 01:05:39.636,1.68051,1.68038,5.44,2.52
13-08-2014 01:05:48.022,1.68051,1.68039,5.44,1.37
13-08-2014 01:05:49.149,1.68051,1.68039,5.82,1.84
13-08-2014 01:05:49.654,1.68051,1.68039,5.82,1.09
13-08-2014 01:06:04.510,1.68051,1.68039,1.57,1.37
13-08-2014 01:06:05.748,1.6805,1.68038,1.63,1.39
13-08-2014 01:06:07.132,1.68051,1.68039,4.32,1.09
13-08-2014 01:06:07.435,1.68051,1.68042,2.07,1.09
13-08-2014 01:06:07.637,1.68051,1.68039,2.82,1.74
13-08-2014 01:06:08.603,1.68051,1.68039,2.07,1.25
13-08-2014 01:06:11.643,1.6805,1.68039,1.19,1.69
13-08-2014 01:06:11.957,1.6805,1.68041,1.19,1
13-08-2014 01:06:13.455,1.6805,1.6804,1.19,1
13-08-2014 01:06:14.672,1.6805,1.68039,1.57,1.69
13-08-2014 01:06:21.700,1.68049,1.68039,2.44,1
13-08-2014 01:06:22.215,1.68048,1.68039,1.19,1
13-08-2014 01:06:24.948,1.68049,1.68039,2.44,1
13-08-2014 01:06:36.149,1.6805,1.68039,1.19,1.19
13-08-2014 01:06:36.810,1.68051,1.68041,1.57,1
13-08-2014 01:06:36.861,1.68053,1.68041,1.47,1.25
13-08-2014 01:06:36.912,1.68054,1.68043,3.94,1
13-08-2014 01:06:36.964,1.68056,1.68043,1.1,3.53
13-08-2014 01:06:38.024,1.68058,1.68045,1.69,1.84
13-08-2014 01:06:38.934,1.68058,1.68045,1.19,1.84
13-08-2014 01:06:41.737,1.68058,1.68045,1.69,2.22
13-08-2014 01:06:43.788,1.68058,1.68045,1.25,2.22
13-08-2014 01:06:46.377,1.68059,1.68045,2.59,2.22
13-08-2014 01:06:48.390,1.68059,1.68045,1.84,2.97
13-08-2014 01:06:49.307,1.68059,1.68046,1.69,1.69
13-08-2014 01:06:56.362,1.68059,1.68047,1.25,2.22
13-08-2014 01:07:02.869,1.68058,1.68047,1.69,1.28
13-08-2014 01:07:03.409,1.68058,1.68046,1.19,4.32
13-08-2014 01:07:05.711,1.68058,1.68046,1.25,3.57
13-08-2014 01:07:06.418,1.68059,1.68046,1.32,4.32
13-08-2014 01:07:09.419,1.68057,1.68046,1.19,3.19
13-08-2014 01:07:09.924,1.68057,1.68045,1.19,2.89
13-08-2014 01:07:10.469,1.68056,1.68045,1.19,2.14
13-08-2014 01:07:13.335,1.68054,1.68045,1.19,2.33
13-08-2014 01:07:13.437,1.68054,1.68043,1.25,2.33
13-08-2014 01:07:13.488,1.68054,1.68042,1.25,3.38
13-08-2014 01:07:13.690,1.68055,1.68044,1.19,1.09
13-08-2014 01:07:13.741,1.68057,1.68044,2.07,1.84
13-08-2014 01:07:14.723,1.68057,1.68045,1.32,1.09
13-08-2014 01:07:15.733,1.68058,1.68045,1.32,1.84
13-08-2014 01:07:18.666,1.68057,1.68044,1.19,4.77
13-08-2014 01:07:19.670,1.68058,1.68045,1.69,1.47
13-08-2014 01:07:21.713,1.68058,1.68044,1.69,4.02
13-08-2014 01:07:23.310,1.68055,1.68044,1.69,2.33
13-08-2014 01:07:23.463,1.68054,1.68042,1.19,2.82
13-08-2014 01:07:23.716,1.68057,1.68043,4.69,1.34
13-08-2014 01:07:24.019,1.68057,1.68045,1.69,1.28
13-08-2014 01:07:27.915,1.68057,1.68045,1.19,2.59
13-08-2014 01:07:31.159,1.68057,1.68045,1.69,1.84
13-08-2014 01:07:34.982,1.68057,1.68045,1.19,2.22
13-08-2014 01:07:37.277,1.68056,1.68045,1.25,1.47
13-08-2014 01:07:55.351,1.68056,1.68046,1.25,1.39
13-08-2014 01:08:01.363,1.68056,1.68044,1.19,4.69
13-08-2014 01:08:02.369,1.68056,1.68044,1,4.69
13-08-2014 01:08:02.880,1.68058,1.68044,1.32,4.69
13-08-2014 01:08:03.390,1.68057,1.68044,1.19,4.69
13-08-2014 01:08:06.460,1.68057,1.68045,4.69,1.37
13-08-2014 01:08:06.802,1.68053,1.68045,3.75,1.19
13-08-2014 01:08:06.854,1.68053,1.68044,3.75,1
13-08-2014 01:08:07.359,1.68053,1.68041,3.94,2.89
13-08-2014 01:08:16.932,1.68054,1.68042,4.69,1.37
13-08-2014 01:08:24.817,1.68055,1.68043,3.94,1.29
13-08-2014 01:08:25.627,1.68055,1.68044,3.75,1.69
13-08-2014 01:08:26.629,1.68057,1.68044,4.77,2.44
13-08-2014 01:08:27.668,1.68057,1.68045,4.02,1.29
13-08-2014 01:08:29.030,1.68056,1.68044,1.32,1.77
13-08-2014 01:08:30.054,1.68057,1.68044,5.52,2.52
13-08-2014 01:08:32.357,1.68053,1.68044,3.75,1.27
13-08-2014 01:08:33.164,1.68053,1.68043,4.69,1.08
13-08-2014 01:08:33.871,1.68056,1.68043,6.57,1.33
13-08-2014 01:08:33.972,1.68056,1.68043,4.69,3.27
13-08-2014 01:08:34.476,1.68056,1.68044,3.94,1.02
13-08-2014 01:08:34.982,1.68057,1.68045,2.82,1.84
13-08-2014 01:08:35.848,1.68057,1.68046,1,1.29
13-08-2014 01:08:35.949,1.68059,1.68047,1,1.19
13-08-2014 01:08:36.050,1.68062,1.68049,1.25,1.47
13-08-2014 01:08:36.101,1.68062,1.68051,1.25,1.3
13-08-2014 01:08:36.354,1.68066,1.68053,1.69,5.52
13-08-2014 01:08:38.730,1.68066,1.68054,1.69,1.84
13-08-2014 01:08:40.827,1.68064,1.68053,1.19,2.14
13-08-2014 01:08:41.131,1.68066,1.68053,3.94,1.02
13-08-2014 01:08:41.434,1.68064,1.68053,1.69,1.23
13-08-2014 01:08:41.535,1.68064,1.68051,1.69,7.02
13-08-2014 01:08:42.455,1.68063,1.68051,1.19,6.27
13-08-2014 01:08:43.131,1.68062,1.68051,1.19,6.08
13-08-2014 01:08:43.237,1.68064,1.68051,2.07,2.7
13-08-2014 01:08:43.541,1.68061,1.68051,1.19,2.7
13-08-2014 01:08:44.148,1.68064,1.68051,1.57,2.89
13-08-2014 01:08:44.249,1.68064,1.68053,1.19,1.58
13-08-2014 01:08:45.167,1.68066,1.68054,1.19,1.18
13-08-2014 01:08:47.201,1.68065,1.68054,1.19,1.09
13-08-2014 01:08:47.718,1.68065,1.68054,1.19,1.77
13-08-2014 01:08:53.257,1.68067,1.68054,1.19,1.77
13-08-2014 01:08:53.776,1.68065,1.68054,1,1.77
13-08-2014 01:08:54.317,1.68066,1.68054,1.69,1.77
13-08-2014 01:08:54.824,1.68065,1.68054,1,1.33
13-08-2014 01:08:55.330,1.68064,1.68054,1,1.33
13-08-2014 01:08:55.381,1.68066,1.68054,1.25,1.33
13-08-2014 01:08:58.690,1.68065,1.68053,1,1.77
13-08-2014 01:08:59.272,1.68065,1.68053,1.19,2.52
13-08-2014 01:08:59.373,1.68064,1.68053,1.19,1.77
