Date,Time,Ask,Bid,AskVolume,BidVolume
13-08-2014,00:00:00.322,0.90771,0.90762,1.1,1
13-08-2014,00:00:00.829,0.90771,0.90761,1.1,1.25
13-08-2014,00:00:01.354,0.90771,0.90762,1.1,1
13-08-2014,00:00:01.863,0.90775,0.90762,2.22,1
13-08-2014,00:00:02.523,0.90775,0.90761,2.97,1
13-08-2014,00:00:03.049,0.90775,0.90761,2.97,1
13-08-2014,00:00:03.554,0.90775,0.90761,2.97,1
13-08-2014,00:00:04.060,0.90775,0.90761,2.22,1
13-08-2014,00:00:04.565,0.90773,0.90759,1.78,1.77
13-08-2014,00:00:05.289,0.90772,0.9076,1.1,1.02
13-08-2014,00:00:12.063,0.90772,0.9076,1.65,1.63
13-08-2014,00:00:12.628,0.9077,0.9076,1,1.63
13-08-2014,00:00:13.666,0.9077,0.90762,1,1
13-08-2014,00:00:14.738,0.90773,0.90761,1.02,1.2
13-08-2014,00:00:15.253,0.90773,0.90759,1.33,2.97
13-08-2014,00:00:16.075,0.90773,0.90759,1.84,2.97
13-08-2014,00:00:16.678,0.90773,0.90761,1.18,1.25
13-08-2014,00:00:17.199,0.90773,0.90761,1.2,1.02
13-08-2014,00:00:17.713,0.90773,0.90761,1.18,1.63
13-08-2014,00:00:18.220,0.90773,0.90761,1.2,1.63
13-08-2014,00:00:18.949,0.90773,0.90761,1.08,1.63
13-08-2014,00:00:19.470,0.90773,0.9076,1.1,1.74
13-08-2014,00:00:20.295,0.90773,0.90761,1.1,1.39
13-08-2014,00:00:21.424,0.90773,0.90761,1.1,1.48
13-08-2014,00:00:22.450,0.90773,0.90759,1.1,3.72
13-08-2014,00:00:23.194,0.90773,0.90759,1.08,3.64
13-08-2014,00:00:23.742,0.90773,0.90759,1.08,3.64
13-08-2014,00:00:24.285,0.90773,0.90759,1.58,3.64
13-08-2014,00:00:24.804,0.90773,0.90759,1.58,3.72
13-08-2014,00:00:25.318,0.90773,0.90759,1.65,3.72
13-08-2014,00:00:25.931,0.90772,0.90759,1.1,2.22
13-08-2014,00:00:26.235,0.90772,0.90759,1.47,1
13-08-2014,00:00:26.741,0.9077,0.90758,1.1,1.02
13-08-2014,00:00:27.981,0.9077,0.90758,1.09,1
13-08-2014,00:00:37.114,0.9077,0.90758,2.59,1
13-08-2014,00:00:37.677,0.9077,0.90758,2.59,1
13-08-2014,00:00:42.328,0.90767,0.90755,1,3.72
13-08-2014,00:00:42.684,0.90765,0.90755,1,1.33
13-08-2014,00:00:42.989,0.90767,0.90755,1.5,1.09
13-08-2014,00:00:46.412,0.90767,0.90755,1.5,1.1
13-08-2014,00:00:46.948,0.90767,0.90755,1,1.18
13-08-2014,00:00:49.096,0.90767,0.90755,1.02,1.2
13-08-2014,00:00:49.614,0.90767,0.90755,1.25,1.18
13-08-2014,00:00:51.377,0.90767,0.90755,1.2,1.2
13-08-2014,00:00:51.913,0.90767,0.90755,1.13,1.18
13-08-2014,00:00:55.013,0.90767,0.90755,2.14,1.1
13-08-2014,00:00:55.971,0.90767,0.90755,2.07,1.08
13-08-2014,00:00:57.048,0.90767,0.90755,2.14,1.2
13-08-2014,00:00:57.564,0.90767,0.90755,1.63,1.18
13-08-2014,00:01:06.939,0.90767,0.90755,1.47,1
13-08-2014,00:01:21.226,0.90767,0.90755,1.32,1.18
13-08-2014,00:01:32.545,0.90767,0.90755,1.39,1.58
13-08-2014,00:01:33.136,0.90767,0.90755,1.32,1.65
13-08-2014,00:01:33.491,0.90768,0.90758,1.47,1
13-08-2014,00:01:34.009,0.90768,0.90758,1.39,1
13-08-2014,00:01:34.564,0.90768,0.90758,1.47,1
13-08-2014,00:01:35.121,0.90768,0.90758,1.32,1
13-08-2014,00:01:36.076,0.90768,0.90758,1.39,1
13-08-2014,00:01:36.737,0.90768,0.90758,1.39,1
13-08-2014,00:01:38.359,0.90768,0.90758,1.47,1
13-08-2014,00:01:39.580,0.90768,0.90758,1.39,1
13-08-2014,00:01:42.226,0.90768,0.90758,1.39,1
13-08-2014,00:02:19.759,0.90767,0.90756,1.02,1
13-08-2014,00:02:20.271,0.90767,0.90755,1.02,1.95
13-08-2014,00:02:28.422,0.90767,0.90755,1.02,1.95
13-08-2014,00:02:33.340,0.90767,0.90757,1.02,1
13-08-2014,00:02:34.014,0.90767,0.90756,1.02,1.13
13-08-2014,00:02:41.358,0.90767,0.90755,1,2.22
13-08-2014,00:02:41.864,0.90768,0.90755,1.25,2.22
13-08-2014,00:02:43.847,0.90768,0.90756,1,1.47
13-08-2014,00:02:55.424,0.90768,0.90758,1,1
13-08-2014,00:03:03.387,0.90768,0.90759,1,1.1
13-08-2014,00:03:03.539,0.9077,0.90759,1.69,1.1
13-08-2014,00:03:04.054,0.9077,0.90758,1.25,1.53
13-08-2014,00:03:04.676,0.9077,0.90758,1,1.7
13-08-2014,00:03:12.642,0.9077,0.90759,1,1.28
13-08-2014,00:03:13.155,0.9077,0.90759,1,1.2
13-08-2014,00:03:15.454,0.9077,0.90759,1,1.28
13-08-2014,00:03:15.977,0.9077,0.90759,1,1.2
13-08-2014,00:03:23.727,0.9077,0.90759,1,1.18
13-08-2014,00:03:25.265,0.9077,0.90758,1,1.47
13-08-2014,00:03:25.891,0.90769,0.90757,1,3.72
13-08-2014,00:03:53.545,0.90769,0.9076,1,1
13-08-2014,00:03:55.043,0.90769,0.90759,1,1.2
13-08-2014,00:03:58.822,0.90769,0.9076,1,1
13-08-2014,00:03:59.486,0.90769,0.90761,1,1
13-08-2014,00:04:04.297,0.90769,0.9076,1,1
13-08-2014,00:04:25.906,0.90772,0.90759,1.09,1.39
13-08-2014,00:04:31.349,0.90772,0.9076,1.37,1.13
13-08-2014,00:04:33.208,0.90772,0.90759,1.34,1.13
13-08-2014,00:04:33.756,0.90772,0.90759,1.34,1.13
13-08-2014,00:04:41.129,0.90772,0.90759,1.34,1.13
13-08-2014,00:04:41.634,0.90772,0.90759,1.34,1.13
13-08-2014,00:04:50.665,0.90772,0.90759,2.59,1.2
13-08-2014,00:04:51.531,0.90772,0.90759,2.52,1.28
13-08-2014,00:04:52.036,0.90772,0.90759,1.37,1.48
13-08-2014,00:05:05.683,0.90772,0.9076,1.02,1.2
13-08-2014,00:05:06.232,0.90772,0.9076,1.09,1.13
13-08-2014,00:05:07.709,0.90772,0.90762,1.09,1
13-08-2014,00:05:16.657,0.90773,0.90761,1.34,1.13
13-08-2014,00:05:17.422,0.90773,0.90762,1.84,1
13-08-2014,00:05:18.066,0.90773,0.90761,1.84,1
13-08-2014,00:05:22.923,0.90773,0.90762,1.84,1
13-08-2014,00:05:25.104,0.90773,0.90761,1.84,1.13
13-08-2014,00:05:26.180,0.90773,0.90761,1.84,1.13
13-08-2014,00:05:26.694,0.90773,0.90762,1.84,1
13-08-2014,00:05:29.296,0.90773,0.90761,1.84,1.13
13-08-2014,00:05:30.627,0.90773,0.90762,1.84,1
13-08-2014,00:05:31.132,0.90773,0.90761,1.84,1
13-08-2014,00:05:51.728,0.90773,0.90763,1.34,1
13-08-2014,00:06:01.172,0.90773,0.90759,1.4,1.57
13-08-2014,00:06:07.129,0.90774,0.90761,2.97,1.13
13-08-2014,00:06:17.117,0.90773,0.90759,1.4,1.45
13-08-2014,00:06:17.644,0.90773,0.90759,1.4,1.48
13-08-2014,00:06:19.663,0.90773,0.90759,1.84,1.7
13-08-2014,00:06:20.168,0.90772,0.90758,1.33,2.14
13-08-2014,00:06:23.251,0.90773,0.90759,1.84,1.7
13-08-2014,00:06:24.797,0.90773,0.90759,1.84,1.39
13-08-2014,00:06:25.314,0.90773,0.90759,1.84,1.47
13-08-2014,00:06:29.356,0.90772,0.90758,1.09,1.77
13-08-2014,00:06:30.236,0.90772,0.90758,2.97,1.47
13-08-2014,00:06:30.543,0.90772,0.90757,2.97,1.72
13-08-2014,00:06:31.062,0.90772,0.90757,2.97,1.72
13-08-2014,00:06:34.183,0.90772,0.90758,2.89,1.47
13-08-2014,00:06:40.109,0.9077,0.90757,1,2.22
13-08-2014,00:06:40.616,0.90771,0.90757,1.32,2.97
13-08-2014,00:06:45.933,0.9077,0.90757,1,1.72
13-08-2014,00:06:47.410,0.90772,0.90757,2.07,1.72
13-08-2014,00:06:49.996,0.90772,0.90757,1.57,2.22
13-08-2014,00:06:52.182,0.90772,0.90758,2.14,1.47
13-08-2014,00:06:52.700,0.90772,0.90759,2.07,1.28
13-08-2014,00:06:53.251,0.90772,0.90759,1.32,1.47
13-08-2014,00:06:54.057,0.90772,0.90758,2.14,1.72
13-08-2014,00:06:54.562,0.90772,0.90758,2.07,1.47
13-08-2014,00:06:55.072,0.90772,0.90758,2.14,1.47
13-08-2014,00:06:55.577,0.90772,0.90758,2.07,1.72
13-08-2014,00:07:00.754,0.90772,0.90759,1.02,1.47
13-08-2014,00:07:01.463,0.90772,0.90758,2.89,1.47
13-08-2014,00:07:04.019,0.9077,0.90757,1,1.72
13-08-2014,00:07:04.653,0.90771,0.90757,1.25,2.22
13-08-2014,00:07:05.404,0.90771,0.90757,1.02,2.22
13-08-2014,00:07:15.945,0.9077,0.90757,1.2,2.22
13-08-2014,00:07:16.046,0.90769,0.90757,1.2,1.1
13-08-2014,00:07:16.097,0.90769,0.90755,1.95,2.22
13-08-2014,00:07:16.401,0.90764,0.90755,1.5,1.1
13-08-2014,00:07:16.769,0.90764,0.90752,1.5,1.2
13-08-2014,00:07:17.709,0.90764,0.90752,1.25,1.18
13-08-2014,00:07:18.223,0.90764,0.90752,1.02,1.65
13-08-2014,00:07:19.358,0.90764,0.90752,1,1.33
13-08-2014,00:07:29.599,0.90765,0.90753,1.77,1.2
13-08-2014,00:07:33.559,0.90765,0.90753,1.84,1.13
13-08-2014,00:07:34.153,0.90762,0.90752,1.88,1.48
13-08-2014,00:07:34.355,0.90761,0.90749,1.15,2.25
13-08-2014,00:07:34.457,0.90761,0.90749,1.2,2.25
13-08-2014,00:07:34.862,0.90761,0.90749,1.65,2.25
13-08-2014,00:07:35.368,0.90761,0.90749,1.77,1.88
13-08-2014,00:07:36.829,0.90761,0.90749,1.84,1.88
13-08-2014,00:07:37.623,0.90761,0.9075,1.84,1
13-08-2014,00:07:38.129,0.90761,0.90749,2.22,1.5
13-08-2014,00:07:38.676,0.90761,0.90749,2.22,1.5
13-08-2014,00:07:40.060,0.90761,0.90749,2.22,1
13-08-2014,00:07:41.698,0.90761,0.90749,1.84,1.13
13-08-2014,00:07:43.021,0.90761,0.90749,1.84,1.13
13-08-2014,00:07:44.212,0.90761,0.90749,1.84,1.88
13-08-2014,00:07:44.733,0.90761,0.90749,1.84,1.88
13-08-2014,00:07:45.657,0.90761,0.90749,1.84,1.88
13-08-2014,00:07:46.163,0.90763,0.90751,1.4,1.13
13-08-2014,00:07:46.265,0.90763,0.90751,1.02,1.48
13-08-2014,00:07:49.553,0.90764,0.90751,1.65,1.57
13-08-2014,00:07:50.059,0.90764,0.90751,1.58,1.67
13-08-2014,00:07:53.623,0.90764,0.90751,1.77,1.39
13-08-2014,00:08:03.682,0.90764,0.90751,1.77,1.39
13-08-2014,00:08:26.010,0.90762,0.90751,1,1.67
13-08-2014,00:08:26.648,0.90764,0.90751,1.58,1.67
13-08-2014,00:08:29.577,0.90763,0.90751,1.1,1.39
13-08-2014,00:08:30.387,0.90764,0.90751,1.1,2.89
13-08-2014,00:08:34.267,0.90764,0.90751,1.1,3.72
13-08-2014,00:08:45.601,0.90764,0.90752,1,1.47
13-08-2014,00:08:46.555,0.90765,0.90751,1.02,2.22
13-08-2014,00:08:47.086,0.90765,0.90751,1.33,2.14
13-08-2014,00:08:48.361,0.90765,0.90751,1.02,2.97
13-08-2014,00:08:48.866,0.90765,0.90751,1.33,2.22
13-08-2014,00:08:49.439,0.90765,0.90751,1.02,2.22
13-08-2014,00:08:56.509,0.90764,0.90751,1,1.72
13-08-2014,00:08:59.844,0.90764,0.90751,1.08,1.67
13-08-2014,00:09:00.350,0.90763,0.9075,1.18,2.14
13-08-2014,00:09:01.421,0.90763,0.9075,1.2,2.14
13-08-2014,00:09:14.067,0.90763,0.9075,1.18,2.14
13-08-2014,00:09:18.824,0.90763,0.9075,1.1,1.74
13-08-2014,00:09:50.428,0.90764,0.9075,1.65,2.22
13-08-2014,00:10:07.334,0.90764,0.90751,1.09,1.57
13-08-2014,00:10:13.979,0.90764,0.90751,1.09,1.67
13-08-2014,00:10:16.516,0.90764,0.90751,1.09,1.57
13-08-2014,00:10:18.482,0.90764,0.90751,1.4,1.67
13-08-2014,00:10:20.370,0.90764,0.90751,1.09,1.67
13-08-2014,00:10:22.463,0.90764,0.90751,1.09,1.57
13-08-2014,00:10:22.990,0.90764,0.90751,1.33,1.67
13-08-2014,00:10:23.647,0.90765,0.90751,3.34,2.07
13-08-2014,00:10:24.412,0.90764,0.90751,1.84,1.39
13-08-2014,00:10:24.922,0.90764,0.90751,1.84,1.63
13-08-2014,00:10:25.429,0.90764,0.90751,1.77,1.39
13-08-2014,00:10:43.766,0.90764,0.90751,1.84,1.57
13-08-2014,00:10:44.294,0.90764,0.90751,1.84,1.67
13-08-2014,00:10:48.168,0.90764,0.90751,1.09,2.07
13-08-2014,00:10:54.451,0.90764,0.90752,1.09,1.32
13-08-2014,00:10:54.674,0.90764,0.90752,1.09,1.32
13-08-2014,00:10:57.280,0.90764,0.90751,1.09,1.57
13-08-2014,00:11:07.339,0.90764,0.90752,1.65,1.32
13-08-2014,00:11:08.340,0.90764,0.90751,1.84,2.14
13-08-2014,00:11:32.151,0.90764,0.90752,1.18,2.07
13-08-2014,00:11:32.884,0.90764,0.90752,1.15,2.07
13-08-2014,00:11:33.398,0.90765,0.90752,1.4,2.07
13-08-2014,00:11:34.161,0.90765,0.90752,1.84,1.32
13-08-2014,00:11:44.543,0.90765,0.90752,1.4,2.07
13-08-2014,00:11:45.522,0.90765,0.90752,1.84,1.32
13-08-2014,00:11:46.091,0.90765,0.90752,1.84,1.32
13-08-2014,00:11:46.630,0.90765,0.90752,1.84,1.32
13-08-2014,00:11:47.566,0.90765,0.90752,1.4,2.07
13-08-2014,00:11:55.713,0.90765,0.90752,1.84,1.63
13-08-2014,00:11:58.433,0.90765,0.90752,1.84,1.63
13-08-2014,00:11:58.871,0.90765,0.90754,1.84,1.88
13-08-2014,00:11:59.377,0.90766,0.90754,1.4,1.88
13-08-2014,00:11:59.884,0.90766,0.90754,1.09,1.88
13-08-2014,00:12:10.894,0.90766,0.90754,1.18,2.82
13-08-2014,00:12:11.409,0.90766,0.90754,1.18,2.82
13-08-2014,00:12:14.044,0.90766,0.90754,1.15,2.82
13-08-2014,00:12:14.979,0.90766,0.90754,1.18,2.82
13-08-2014,00:12:17.074,0.90766,0.90754,1.15,2.82
13-08-2014,00:12:17.647,0.90766,0.90754,1.18,2.82
13-08-2014,00:12:18.892,0.90766,0.90754,1.18,2.44
13-08-2014,00:12:19.045,0.90764,0.90753,1.77,1
13-08-2014,00:12:19.096,0.90764,0.90753,1.84,1
13-08-2014,00:12:19.249,0.90762,0.9075,2.59,1
13-08-2014,00:12:19.753,0.90762,0.90749,1.65,1.25
13-08-2014,00:12:20.531,0.90762,0.90749,1.65,2.07
13-08-2014,00:12:23.139,0.90762,0.9075,1.4,2.07
13-08-2014,00:12:23.659,0.90763,0.90751,1.34,1.13
13-08-2014,00:12:24.175,0.90763,0.90752,1.34,1
13-08-2014,00:12:25.179,0.90764,0.90752,2.59,1.38
13-08-2014,00:12:41.146,0.90764,0.90752,1.84,1.38
13-08-2014,00:12:44.226,0.90764,0.90752,1.09,1.63
13-08-2014,00:12:44.796,0.90764,0.90752,1.4,1.63
13-08-2014,00:12:52.752,0.90764,0.90752,1.09,1.63
13-08-2014,00:12:52.854,0.90764,0.90752,1.09,1.63
13-08-2014,00:12:53.374,0.90764,0.90751,1.09,2.89
13-08-2014,00:12:53.881,0.90764,0.90751,1.4,2.82
13-08-2014,00:12:54.396,0.90764,0.90751,1.09,2.89
13-08-2014,00:13:17.167,0.90763,0.90752,1.05,1
13-08-2014,00:13:17.471,0.90758,0.90749,1,1.02
13-08-2014,00:13:17.623,0.9076,0.90749,1.2,1.25
13-08-2014,00:13:19.141,0.90761,0.90749,2.59,1
13-08-2014,00:13:19.925,0.90761,0.90749,2.59,1
13-08-2014,00:13:22.008,0.90761,0.90749,2.59,1
13-08-2014,00:13:22.557,0.90761,0.90749,2.59,1
13-08-2014,00:13:26.748,0.90761,0.90749,2.59,1
13-08-2014,00:13:27.940,0.90761,0.90749,2.59,1
13-08-2014,00:13:28.883,0.9076,0.90749,1.29,1
13-08-2014,00:13:33.942,0.90761,0.90749,2.59,1
13-08-2014,00:13:35.015,0.90761,0.90749,2.59,1
13-08-2014,00:13:35.524,0.90761,0.90749,2.59,1
13-08-2014,00:13:40.535,0.90759,0.90747,1,1.37
13-08-2014,00:13:45.946,0.90759,0.90746,1.2,2.07
13-08-2014,00:13:46.048,0.90759,0.90746,1.2,2.82
13-08-2014,00:13:49.586,0.90759,0.90746,1.09,3.57
13-08-2014,00:13:58.068,0.90759,0.90747,1.2,1.32
13-08-2014,00:13:59.440,0.90761,0.90749,2.59,1
13-08-2014,00:14:01.064,0.90761,0.90749,1.84,1.13
13-08-2014,00:14:03.674,0.90761,0.90749,1.84,1.13
13-08-2014,00:14:07.592,0.90761,0.90748,1.84,2.14
13-08-2014,00:14:10.801,0.90761,0.90748,1.84,2.07
13-08-2014,00:14:11.108,0.90763,0.90753,1.34,1.13
13-08-2014,00:14:11.616,0.90764,0.90751,2.59,1.95
13-08-2014,00:14:12.126,0.90764,0.90751,1.84,2.14
13-08-2014,00:14:14.379,0.90764,0.90751,1.84,2.89
13-08-2014,00:14:14.891,0.90764,0.90751,1.84,2.82
13-08-2014,00:14:15.406,0.90763,0.90751,1.25,1.63
13-08-2014,00:14:17.037,0.90763,0.90751,1.09,1.63
13-08-2014,00:14:17.548,0.90763,0.90751,1.02,1.39
13-08-2014,00:14:19.412,0.90764,0.90751,1.84,2.82
13-08-2014,00:14:19.947,0.90764,0.90751,1.77,2.89
13-08-2014,00:14:21.718,0.90764,0.90751,2.22,2.82
13-08-2014,00:14:22.235,0.90764,0.90751,2.97,2.14
13-08-2014,00:14:23.872,0.90764,0.90751,3.72,2.07
13-08-2014,00:14:24.377,0.90764,0.90751,3.72,2.14
13-08-2014,00:14:25.054,0.90764,0.90751,3.72,2.07
13-08-2014,00:14:25.599,0.90764,0.90751,2.97,2.89
13-08-2014,00:14:29.920,0.90764,0.90751,2.22,1.88
13-08-2014,00:14:30.426,0.90764,0.90751,2.22,1.95
13-08-2014,00:14:30.932,0.90764,0.90753,1.84,1
13-08-2014,00:14:31.437,0.90764,0.90751,1.84,2.44
13-08-2014,00:14:31.948,0.90761,0.90752,1,1.25
13-08-2014,00:14:32.460,0.90761,0.90751,1,1.32
13-08-2014,00:14:35.185,0.90761,0.90752,1,1
13-08-2014,00:14:41.664,0.90761,0.9075,1,2.14
13-08-2014,00:14:42.196,0.90761,0.9075,1,1.39
13-08-2014,00:14:44.637,0.90762,0.9075,1.77,1.39
13-08-2014,00:14:52.332,0.9076,0.9075,1,1.39
13-08-2014,00:14:52.839,0.9076,0.9075,1.18,1.32
13-08-2014,00:15:00.499,0.90759,0.90749,1.1,1.32
13-08-2014,00:15:01.029,0.90759,0.9075,1.1,1
13-08-2014,00:15:06.229,0.90759,0.90749,1.1,1.32
13-08-2014,00:15:07.082,0.90759,0.90751,1.58,1
13-08-2014,00:15:11.532,0.90758,0.90751,1,1
13-08-2014,00:15:12.038,0.90758,0.90752,1,1
13-08-2014,00:15:12.491,0.90758,0.9075,1,1
13-08-2014,00:15:14.026,0.90758,0.9075,1.18,1
13-08-2014,00:15:14.531,0.90757,0.90749,1,1
13-08-2014,00:15:18.865,0.90759,0.90749,1.08,1
13-08-2014,00:15:30.285,0.90759,0.9075,1.08,1
13-08-2014,00:15:35.134,0.90759,0.90748,1.08,1.19
13-08-2014,00:15:36.782,0.90759,0.90747,1.08,2.07
13-08-2014,00:15:37.869,0.90759,0.90749,1.33,1
13-08-2014,00:15:38.775,0.90757,0.90749,1,1
13-08-2014,00:16:07.204,0.90758,0.90749,1.58,1
13-08-2014,00:16:14.426,0.9076,0.90749,1.69,1
13-08-2014,00:16:25.394,0.9076,0.90748,1.69,1
13-08-2014,00:16:25.865,0.9076,0.9075,2.07,1
13-08-2014,00:16:26.680,0.9076,0.9075,1.13,1
13-08-2014,00:16:28.690,0.9076,0.90749,1.32,1
13-08-2014,00:16:37.955,0.90761,0.90749,1.25,1
13-08-2014,00:16:38.661,0.90759,0.90749,1,1
13-08-2014,00:16:38.963,0.90757,0.90749,1,1
13-08-2014,00:16:39.715,0.90757,0.90751,1,1
13-08-2014,00:16:47.440,0.90757,0.90749,1,1.13
13-08-2014,00:16:57.063,0.90757,0.9075,1,1
13-08-2014,00:16:59.166,0.90757,0.90749,1,1.13
13-08-2014,00:17:02.481,0.90757,0.9075,1,1
13-08-2014,00:17:06.237,0.90757,0.90751,1.1,1
13-08-2014,00:17:06.978,0.90757,0.9075,1,1
13-08-2014,00:17:07.509,0.90757,0.90749,1,1.13
13-08-2014,00:17:12.402,0.90757,0.9075,1,1
13-08-2014,00:17:12.907,0.90757,0.90749,1,1.13
13-08-2014,00:17:18.105,0.90757,0.9075,1.1,1
13-08-2014,00:17:18.307,0.90757,0.90748,1.1,1
13-08-2014,00:17:19.504,0.90757,0.90747,1.1,1.5
13-08-2014,00:17:29.052,0.90758,0.90747,1.02,1
13-08-2014,00:17:29.589,0.90759,0.90747,2.97,1.5
13-08-2014,00:17:31.826,0.90758,0.90747,1.4,1.5
13-08-2014,00:17:32.079,0.90759,0.90747,2.97,1.5
13-08-2014,00:17:44.712,0.90757,0.90747,1,2.07
13-08-2014,00:18:01.641,0.90757,0.90748,1,1
13-08-2014,00:18:03.242,0.90758,0.90748,1.1,1
13-08-2014,00:18:04.958,0.90758,0.90747,1.1,2.07
13-08-2014,00:18:10.321,0.90758,0.90748,1.1,1
13-08-2014,00:18:17.725,0.90758,0.90747,1.08,1.32
13-08-2014,00:18:17.932,0.90758,0.90747,1.18,1.63
13-08-2014,00:18:18.479,0.90758,0.90747,1,1.39
13-08-2014,00:18:39.195,0.90756,0.90747,1,1.38
13-08-2014,00:18:50.877,0.90756,0.90748,1,1.13
13-08-2014,00:18:55.862,0.90756,0.90751,1,1
13-08-2014,00:18:55.913,0.90758,0.90751,1.1,1
13-08-2014,00:18:56.014,0.9076,0.90751,1.02,1.13
13-08-2014,00:18:56.217,0.90761,0.90753,1,1.13
13-08-2014,00:18:56.723,0.90761,0.90753,1,1.38
13-08-2014,00:18:56.986,0.90761,0.90752,1,1.13
13-08-2014,00:18:57.647,0.90761,0.90753,1,1
13-08-2014,00:18:58.160,0.90761,0.90752,1,1.32
13-08-2014,00:19:04.770,0.90761,0.90754,1,1
13-08-2014,00:19:07.762,0.90761,0.90753,1,1
13-08-2014,00:19:09.968,0.90761,0.90752,1,1.13
13-08-2014,00:19:17.892,0.90761,0.90751,1,1.48
13-08-2014,00:19:18.195,0.90761,0.90755,1,1
13-08-2014,00:19:18.449,0.90764,0.90754,1.5,1.13
13-08-2014,00:19:18.956,0.90766,0.90755,2.59,1.13
13-08-2014,00:19:20.945,0.90766,0.90755,1.84,1.38
13-08-2014,00:19:24.265,0.90766,0.90754,1.4,2.07
13-08-2014,00:19:40.688,0.90764,0.90753,1,2.89
13-08-2014,00:19:48.167,0.90764,0.90754,1,1.63
13-08-2014,00:19:50.917,0.90764,0.90754,1,1.63
13-08-2014,00:20:00.780,0.90764,0.90756,1,1.13
13-08-2014,00:20:01.630,0.90764,0.90755,1,1
13-08-2014,00:20:01.885,0.90764,0.90753,1.1,1.25
13-08-2014,00:20:05.885,0.90764,0.90753,1.1,1.88
13-08-2014,00:20:05.987,0.90764,0.90754,1,1.48
13-08-2014,00:20:10.744,0.90764,0.90755,1,1.13
13-08-2014,00:20:10.998,0.90767,0.90755,1.18,1.13
13-08-2014,00:20:11.504,0.90767,0.90756,1.09,1.13
13-08-2014,00:20:14.865,0.90767,0.90754,1.84,2.14
13-08-2014,00:20:15.069,0.90764,0.90754,1,2.14
13-08-2014,00:20:17.085,0.90764,0.90754,1,1.39
13-08-2014,00:20:17.390,0.90764,0.90754,1,1.39
13-08-2014,00:20:50.660,0.90764,0.90754,1,1.88
13-08-2014,00:20:51.170,0.90764,0.90753,1,2.14
13-08-2014,00:20:51.694,0.90764,0.90753,1,2.14
13-08-2014,00:20:56.121,0.90764,0.90753,1.25,1.95
13-08-2014,00:20:56.638,0.90764,0.90754,1.25,1.38
13-08-2014,00:21:04.666,0.90764,0.90753,1,1.63
13-08-2014,00:21:05.172,0.90764,0.90752,1.18,1.69
13-08-2014,00:21:06.353,0.90764,0.90754,1.18,1
13-08-2014,00:21:08.202,0.90764,0.90753,1.18,1.32
13-08-2014,00:21:29.883,0.90766,0.90754,1.47,1
13-08-2014,00:21:33.548,0.90766,0.90753,1.78,1.32
13-08-2014,00:21:33.953,0.90765,0.90751,2.97,1.25
13-08-2014,00:21:34.105,0.90764,0.90752,1.78,1
13-08-2014,00:21:34.690,0.90764,0.90751,1.78,1.69
13-08-2014,00:21:39.823,0.90765,0.90751,2.97,2.44
13-08-2014,00:21:42.723,0.90765,0.90751,2.97,2.52
13-08-2014,00:21:43.670,0.90766,0.90752,2.97,1.69
13-08-2014,00:21:44.176,0.90766,0.90752,3.72,1.69
13-08-2014,00:21:44.753,0.90765,0.90752,1.72,1.25
13-08-2014,00:21:47.821,0.90765,0.90751,2.22,1.13
13-08-2014,00:21:48.332,0.90765,0.90751,2.22,2.07
13-08-2014,00:21:53.139,0.90764,0.9075,1.72,2.89
13-08-2014,00:21:59.397,0.90764,0.9075,1.74,2.89
13-08-2014,00:21:59.942,0.90764,0.9075,1.74,2.89
13-08-2014,00:22:04.814,0.90764,0.90751,1.67,1.09
13-08-2014,00:22:05.328,0.90766,0.90752,2.22,1.29
13-08-2014,00:22:05.797,0.90766,0.90752,2.97,1.19
13-08-2014,00:22:06.778,0.90764,0.90751,1.53,1
13-08-2014,00:22:07.289,0.90764,0.90751,1.78,1.69
13-08-2014,00:22:09.835,0.90762,0.90751,1.2,1.25
13-08-2014,00:22:14.835,0.90762,0.90751,1.13,1.77
13-08-2014,00:22:19.809,0.90762,0.90751,1.13,1.02
13-08-2014,00:22:55.458,0.90764,0.90751,1.55,3.27
13-08-2014,00:22:55.559,0.90766,0.90754,2.97,1
13-08-2014,00:22:55.737,0.90766,0.90752,3.72,1.25
13-08-2014,00:22:56.438,0.90765,0.90752,1.78,1.19
13-08-2014,00:23:07.383,0.90765,0.90751,2.97,1.69
13-08-2014,00:23:09.682,0.90765,0.90751,2.97,2.07
13-08-2014,00:23:10.510,0.90765,0.90751,2.97,1.69
13-08-2014,00:23:16.398,0.90764,0.90751,1.47,1.25
13-08-2014,00:23:21.884,0.90764,0.90751,1.47,1.02
13-08-2014,00:23:27.809,0.90765,0.90751,2.22,1.25
13-08-2014,00:23:33.065,0.90764,0.90752,1.34,1
13-08-2014,00:23:36.691,0.90764,0.90751,1.34,1.69
13-08-2014,00:23:40.106,0.90764,0.90751,1.37,1.02
13-08-2014,00:23:41.721,0.90763,0.90751,1.1,1.29
13-08-2014,00:23:55.829,0.90763,0.90751,1.39,1.02
13-08-2014,00:23:59.559,0.90763,0.90752,1.2,1
13-08-2014,00:24:07.337,0.90764,0.90752,1.18,2.07
13-08-2014,00:24:21.116,0.90764,0.90753,1.2,1.25
13-08-2014,00:24:27.367,0.90764,0.90754,1,1
13-08-2014,00:24:27.879,0.90764,0.90753,1,1.77
13-08-2014,00:24:38.262,0.90765,0.90752,1.39,2.89
13-08-2014,00:24:39.113,0.90765,0.90752,1.39,2.97
13-08-2014,00:24:39.634,0.90766,0.90752,2.97,2.97
13-08-2014,00:24:42.404,0.90766,0.90752,2.89,2.89
13-08-2014,00:24:44.774,0.90766,0.90752,2.97,2.22
13-08-2014,00:24:45.764,0.90766,0.90752,2.97,2.14
13-08-2014,00:24:46.325,0.90766,0.90752,2.97,2.22
13-08-2014,00:24:49.192,0.90766,0.90752,2.97,2.14
13-08-2014,00:24:49.736,0.90766,0.90752,2.97,2.22
13-08-2014,00:24:53.333,0.90766,0.90752,2.97,2.14
13-08-2014,00:24:55.122,0.90766,0.90752,2.22,1.39
13-08-2014,00:24:56.178,0.90766,0.90752,2.97,2.14
13-08-2014,00:24:57.726,0.90766,0.90752,2.97,2.22
13-08-2014,00:24:58.269,0.90766,0.90752,2.97,2.14
13-08-2014,00:24:59.045,0.90766,0.90752,2.89,2.14
13-08-2014,00:24:59.729,0.90766,0.90752,2.97,2.14
13-08-2014,00:25:00.234,0.90766,0.90752,2.97,2.07
13-08-2014,00:25:19.653,0.90766,0.90752,2.59,2.89
13-08-2014,00:25:20.158,0.90766,0.90752,2.52,2.89
13-08-2014,00:25:20.462,0.90765,0.90754,1,1.84
13-08-2014,00:25:20.990,0.90766,0.90754,2.44,1.84
13-08-2014,00:25:26.229,0.90764,0.90755,1,1.02
13-08-2014,00:25:31.383,0.90764,0.90757,1,1
13-08-2014,00:25:31.586,0.90769,0.90761,1,1.58
13-08-2014,00:25:31.637,0.90771,0.90761,1,1.58
13-08-2014,00:25:32.144,0.90772,0.90761,1,1.1
13-08-2014,00:25:32.700,0.90772,0.90761,1,1.77
13-08-2014,00:25:37.597,0.90772,0.90761,1,1.84
13-08-2014,00:25:39.482,0.90772,0.90761,1,2.22
13-08-2014,00:25:43.416,0.90771,0.90761,1,2.22
13-08-2014,00:25:52.302,0.9077,0.90761,1,2.22
13-08-2014,00:25:52.404,0.90772,0.90761,1.69,1.18
13-08-2014,00:25:56.905,0.9077,0.90761,1,1.18
13-08-2014,00:25:57.428,0.90771,0.90761,1,1.18
13-08-2014,00:25:57.967,0.90772,0.90761,1.69,1.28
13-08-2014,00:26:00.188,0.90772,0.90761,1.5,1.32
13-08-2014,00:26:09.290,0.90772,0.90761,1,2.07
13-08-2014,00:26:11.162,0.90772,0.90762,1,1.19
13-08-2014,00:26:14.312,0.90772,0.90761,1,1.13
13-08-2014,00:26:20.244,0.90772,0.90761,1.5,1.47
13-08-2014,00:26:43.885,0.90772,0.90761,1,1.28
13-08-2014,00:26:44.399,0.90772,0.90761,1,1.08
13-08-2014,00:26:44.651,0.90769,0.90761,1,1.15
13-08-2014,00:26:44.803,0.90771,0.90761,1,1.15
13-08-2014,00:26:45.309,0.90772,0.90761,1.25,1.28
13-08-2014,00:26:48.599,0.90772,0.90761,1,1.47
13-08-2014,00:26:52.587,0.90774,0.90761,2.14,2.22
13-08-2014,00:27:03.445,0.90774,0.90761,2.14,2.97
13-08-2014,00:27:05.994,0.90773,0.90761,1,2.97
13-08-2014,00:27:11.346,0.90773,0.9076,1.63,1.34
13-08-2014,00:27:11.437,0.90769,0.90761,1,1.33
13-08-2014,00:27:11.942,0.90769,0.90761,1,2.22
13-08-2014,00:27:12.478,0.90769,0.90761,1,2.22
13-08-2014,00:27:29.273,0.90769,0.90761,1,2.22
13-08-2014,00:27:29.781,0.90769,0.90761,1,2.14
13-08-2014,00:27:34.640,0.90772,0.90763,1,1
13-08-2014,00:27:35.298,0.90772,0.90761,1,2.59
13-08-2014,00:27:37.810,0.90772,0.90761,2.78,1.19
13-08-2014,00:27:38.318,0.90769,0.90761,1,1.19
13-08-2014,00:27:38.622,0.90767,0.90761,1,1.19
13-08-2014,00:27:38.774,0.90767,0.90758,1,1.77
13-08-2014,00:27:39.281,0.90767,0.90758,1,1.02
13-08-2014,00:27:41.667,0.90769,0.90758,1,1.02
13-08-2014,00:27:41.920,0.90769,0.90758,1,2.97
13-08-2014,00:27:42.488,0.90769,0.90758,1,2.97
13-08-2014,00:27:51.432,0.90769,0.90758,1,2.97
13-08-2014,00:27:51.956,0.90769,0.90759,1,1.02
13-08-2014,00:27:55.324,0.90772,0.90758,2.22,3.72
13-08-2014,00:27:56.299,0.90769,0.90758,1,2.22
13-08-2014,00:28:09.540,0.90769,0.90758,1,2.97
13-08-2014,00:28:10.050,0.90769,0.90758,1,2.22
13-08-2014,00:28:10.562,0.90769,0.90758,1,2.22
13-08-2014,00:28:22.690,0.90769,0.90759,1,1.47
13-08-2014,00:28:22.944,0.90771,0.9076,1.25,1.18
13-08-2014,00:28:23.201,0.90771,0.90759,1.77,1.25
13-08-2014,00:28:23.708,0.90771,0.90759,1.25,1.84
13-08-2014,00:28:26.287,0.90771,0.90759,1,4.09
13-08-2014,00:28:32.234,0.90771,0.90759,1.18,1
13-08-2014,00:28:32.754,0.90771,0.90759,1.69,1.28
13-08-2014,00:28:33.260,0.90771,0.90759,1.77,1.2
13-08-2014,00:28:33.813,0.90771,0.90759,1.02,1.39
13-08-2014,00:28:34.788,0.90771,0.90759,1.1,2.14
13-08-2014,00:28:36.164,0.90771,0.90759,1.02,1.39
13-08-2014,00:29:00.371,0.90771,0.90759,1.1,2.52
13-08-2014,00:29:04.406,0.90771,0.90759,1.02,2.52
13-08-2014,00:29:08.399,0.90771,0.90759,1.1,2.52
13-08-2014,00:29:09.383,0.90771,0.9076,1.1,1.19
13-08-2014,00:29:12.515,0.90771,0.90759,1.58,2.52
13-08-2014,00:29:22.618,0.90771,0.90759,1.1,3.64
13-08-2014,00:29:23.226,0.90773,0.90759,2.59,2.82
13-08-2014,00:29:24.239,0.90773,0.90759,2.97,2.82
13-08-2014,00:29:24.442,0.90769,0.90758,1,1.55
13-08-2014,00:29:37.696,0.90769,0.90758,1.1,1.63
13-08-2014,00:30:05.504,0.90769,0.90759,1,1.39
13-08-2014,00:30:24.479,0.9077,0.90758,1.02,1.39
13-08-2014,00:30:25.040,0.9077,0.90758,1.02,1.39
13-08-2014,00:30:25.154,0.9077,0.90758,1.02,1.39
13-08-2014,00:30:28.063,0.9077,0.90758,1.1,1.48
13-08-2014,00:30:30.046,0.9077,0.90758,1.33,1.63
13-08-2014,00:30:31.454,0.90769,0.90758,1.1,1.63
13-08-2014,00:30:31.808,0.90769,0.90758,1,1.39
13-08-2014,00:30:34.730,0.90769,0.90757,1.08,1.57
13-08-2014,00:30:35.249,0.90767,0.90754,1.58,2.22
13-08-2014,00:30:35.763,0.90767,0.90754,1.65,2.14
13-08-2014,00:30:36.669,0.90767,0.90754,1.65,1.39
13-08-2014,00:30:38.953,0.90767,0.90754,1.84,2.14
13-08-2014,00:30:42.145,0.90767,0.90754,1.84,2.14
13-08-2014,00:30:49.758,0.90767,0.90754,1.28,2.14
13-08-2014,00:30:50.011,0.90764,0.90753,1,2.14
13-08-2014,00:30:51.177,0.90764,0.90752,1.1,2.14
13-08-2014,00:30:51.496,0.90762,0.90752,1,2.14
13-08-2014,00:30:52.214,0.90762,0.90752,1,1.2
13-08-2014,00:30:52.891,0.90762,0.90752,1,1.58
13-08-2014,00:30:54.006,0.90763,0.90752,1.25,1.48
13-08-2014,00:30:54.523,0.90764,0.90752,1.77,1.39
13-08-2014,00:30:55.591,0.90764,0.90752,1.77,1.39
13-08-2014,00:30:56.597,0.90763,0.90752,1,1.39
13-08-2014,00:30:57.814,0.90764,0.90752,1.02,1.39
13-08-2014,00:30:58.118,0.90764,0.90753,1,1.39
13-08-2014,00:30:58.887,0.90764,0.90755,1,1.48
13-08-2014,00:31:00.308,0.90764,0.90755,1,1.48
13-08-2014,00:31:00.461,0.90766,0.90756,1,1
13-08-2014,00:31:00.562,0.90767,0.90754,1.08,1.58
13-08-2014,00:31:00.613,0.90767,0.90754,1.15,1.88
13-08-2014,00:31:01.121,0.90764,0.90754,1,1.64
13-08-2014,00:31:08.783,0.90764,0.90753,1,2.22
13-08-2014,00:31:10.071,0.90764,0.90753,1.5,1.47
13-08-2014,00:31:16.816,0.90764,0.90753,1,2.22
13-08-2014,00:31:16.918,0.90764,0.90753,1.5,1.77
13-08-2014,00:31:17.433,0.90764,0.90753,1,1.48
13-08-2014,00:31:17.646,0.90764,0.90753,1,1.48
13-08-2014,00:31:23.661,0.90764,0.90753,1,2.22
13-08-2014,00:31:24.168,0.90764,0.90753,1,2.14
13-08-2014,00:31:36.161,0.90764,0.90753,1.58,1.63
13-08-2014,00:31:57.886,0.90767,0.90756,1.02,1.88
13-08-2014,00:31:58.019,0.90764,0.90754,1,1.53
13-08-2014,00:31:59.395,0.90764,0.90754,1,1.18
13-08-2014,00:31:59.649,0.90764,0.90752,1.1,2.14
13-08-2014,00:31:59.750,0.90764,0.90752,1,2.97
13-08-2014,00:32:00.922,0.90764,0.90753,1,2.22
13-08-2014,00:32:13.260,0.90764,0.90753,1,1.78
13-08-2014,00:32:13.766,0.90764,0.90755,1,1.48
13-08-2014,00:32:22.396,0.90767,0.90756,1.02,1.88
13-08-2014,00:32:22.918,0.90769,0.90756,2.97,2.89
13-08-2014,00:32:32.156,0.90769,0.90756,2.97,2.82
13-08-2014,00:32:59.280,0.90767,0.90757,1.25,1.48
13-08-2014,00:32:59.483,0.90768,0.90758,1.19,1.45
13-08-2014,00:33:00.723,0.90772,0.90759,2.14,1.55
13-08-2014,00:33:01.232,0.90772,0.90759,1.39,2.22
13-08-2014,00:33:04.195,0.90772,0.90759,2.14,1.47
13-08-2014,00:33:04.449,0.90769,0.90759,1,1.47
13-08-2014,00:33:09.567,0.90769,0.90758,1,1.78
13-08-2014,00:33:10.079,0.90769,0.90758,1,1.78
13-08-2014,00:33:15.748,0.90771,0.90759,1.25,1.47
13-08-2014,00:33:17.468,0.90771,0.90759,1.02,1.39
13-08-2014,00:33:24.337,0.90769,0.90759,1,1.39
13-08-2014,00:33:28.067,0.90769,0.90757,1.02,1.39
13-08-2014,00:33:29.141,0.90769,0.90757,1.77,1.2
13-08-2014,00:33:29.648,0.90769,0.90757,1,2.22
13-08-2014,00:33:30.347,0.90769,0.90757,1.02,1.39
13-08-2014,00:33:30.870,0.90768,0.90758,1,1
13-08-2014,00:33:31.971,0.90768,0.90757,1,1.2
13-08-2014,00:33:33.721,0.90768,0.90757,1.33,1.13
13-08-2014,00:33:36.489,0.90768,0.90758,1.09,1
13-08-2014,00:33:37.458,0.90768,0.90757,1.09,1.13
13-08-2014,00:33:38.079,0.90768,0.90756,1.09,2.07
13-08-2014,00:33:52.595,0.90768,0.90756,1.09,2.07
13-08-2014,00:33:53.272,0.90768,0.90756,1.09,2.07
13-08-2014,00:33:58.084,0.90769,0.90756,1.18,1.95
13-08-2014,00:33:58.602,0.9077,0.90759,1.39,1
13-08-2014,00:33:59.222,0.90771,0.90759,1.55,1
13-08-2014,00:34:18.091,0.90771,0.90759,1.02,1.39
13-08-2014,00:34:18.602,0.90771,0.90759,1.25,1.47
13-08-2014,00:34:27.396,0.90772,0.90759,3.27,1.47
13-08-2014,00:34:31.268,0.90772,0.90759,4.02,1.47
13-08-2014,00:34:31.802,0.90772,0.90759,4.09,1.39
13-08-2014,00:34:33.659,0.90772,0.90759,4.02,1.47
13-08-2014,00:34:34.166,0.90772,0.90759,4.09,1.39
13-08-2014,00:34:43.893,0.90772,0.90759,4.47,1.39
13-08-2014,00:34:44.394,0.90772,0.90759,4.47,1.39
13-08-2014,00:34:48.376,0.90772,0.90759,3.34,1.39
13-08-2014,00:34:53.155,0.90772,0.90759,2.59,2.14
13-08-2014,00:35:04.770,0.90772,0.90759,1.77,1.74
13-08-2014,00:35:05.288,0.90772,0.90758,1.84,1.47
13-08-2014,00:35:06.258,0.90772,0.90758,2.52,2.14
13-08-2014,00:35:25.365,0.90771,0.90759,1.19,1.55
13-08-2014,00:35:31.241,0.90772,0.90759,1.84,1.39
13-08-2014,00:35:45.010,0.90773,0.90759,2.22,1.47
13-08-2014,00:35:49.587,0.90773,0.90759,2.97,2.22
13-08-2014,00:35:50.138,0.90773,0.90759,2.97,2.22
13-08-2014,00:35:50.664,0.90772,0.90759,1.29,1.47
13-08-2014,00:35:53.506,0.90773,0.90759,2.97,2.22
13-08-2014,00:35:56.223,0.90773,0.90759,2.97,2.14
13-08-2014,00:36:00.429,0.90773,0.90759,2.97,2.22
13-08-2014,00:36:01.429,0.90773,0.90759,2.97,2.14
13-08-2014,00:36:05.860,0.90772,0.90759,1.39,1.39
13-08-2014,00:36:09.237,0.90772,0.90759,1.27,1.39
13-08-2014,00:36:21.962,0.90772,0.90759,2.14,1.39
13-08-2014,00:36:22.473,0.90772,0.90759,2.14,1.47
13-08-2014,00:36:25.213,0.90772,0.90759,2.14,1.47
13-08-2014,00:36:34.038,0.90772,0.90758,2.89,2.22
13-08-2014,00:36:40.686,0.90772,0.90758,1.77,1.78
13-08-2014,00:36:41.206,0.90772,0.90758,2.52,2.22
13-08-2014,00:36:41.733,0.90772,0.90759,1.84,1.02
13-08-2014,00:36:42.235,0.90772,0.90759,1.09,1.77
13-08-2014,00:36:44.176,0.90772,0.90759,1.84,1.02
13-08-2014,00:37:01.983,0.90772,0.90758,2.59,2.14
13-08-2014,00:37:07.070,0.90772,0.90758,2.59,2.07
13-08-2014,00:37:08.041,0.90769,0.90758,2.44,1.2
13-08-2014,00:37:08.548,0.90769,0.90759,2.52,1
13-08-2014,00:37:41.355,0.90769,0.90759,1.25,1
13-08-2014,00:37:41.863,0.90769,0.90758,1.25,1.2
13-08-2014,00:37:42.555,0.90769,0.90758,1.25,1.48
13-08-2014,00:37:48.740,0.90769,0.90758,2.44,1.38
13-08-2014,00:37:52.036,0.90769,0.90758,2.44,1.48
13-08-2014,00:38:21.437,0.90769,0.90759,1.02,1.38
13-08-2014,00:38:22.406,0.90769,0.90759,1.29,1.38
13-08-2014,00:38:25.436,0.90769,0.90758,1.25,1.38
13-08-2014,00:38:28.284,0.90771,0.90758,1.39,1.63
13-08-2014,00:38:29.457,0.90772,0.90758,2.59,2.07
13-08-2014,00:38:52.127,0.90772,0.90759,1.84,1.39
13-08-2014,00:38:57.832,0.9077,0.90758,1,2.22
13-08-2014,00:38:57.983,0.9077,0.90758,1.1,2.14
13-08-2014,00:38:58.513,0.90769,0.90758,1.1,2.07
13-08-2014,00:38:59.109,0.90769,0.90758,1.1,1.32
13-08-2014,00:39:00.164,0.90769,0.90758,1.08,1.32
13-08-2014,00:39:00.693,0.90769,0.90758,1.15,1.32
13-08-2014,00:39:02.810,0.90769,0.90758,1.18,1.63
13-08-2014,00:39:04.920,0.90771,0.90758,1.84,1.39
13-08-2014,00:39:05.459,0.90771,0.90758,1.84,1.39
13-08-2014,00:40:04.968,0.90771,0.90759,1.02,1.63
13-08-2014,00:40:13.883,0.90771,0.90759,1.69,1.38
13-08-2014,00:40:15.887,0.90771,0.90759,1.25,1.63
13-08-2014,00:40:37.837,0.90772,0.90759,2.44,1.47
13-08-2014,00:40:42.912,0.90772,0.90758,2.52,2.22
13-08-2014,00:40:43.418,0.90772,0.90759,1.77,1.47
13-08-2014,00:40:44.503,0.90772,0.90758,2.52,2.22
13-08-2014,00:40:45.009,0.90772,0.90758,2.59,2.22
13-08-2014,00:40:49.033,0.90772,0.90758,2.59,2.22
13-08-2014,00:40:49.580,0.90772,0.90758,2.52,2.22
13-08-2014,00:40:50.529,0.90772,0.90758,2.52,2.22
13-08-2014,00:40:51.099,0.90772,0.90759,1.02,2.22
13-08-2014,00:40:52.074,0.90772,0.90759,1.09,2.14
13-08-2014,00:40:55.352,0.90772,0.90759,1.02,2.22
13-08-2014,00:40:56.120,0.90772,0.90759,1.09,2.14
13-08-2014,00:41:00.121,0.90772,0.90759,1.02,2.22
13-08-2014,00:41:00.633,0.90772,0.90759,1.09,2.14
13-08-2014,00:41:04.720,0.90772,0.90759,1.02,2.22
13-08-2014,00:41:05.276,0.90772,0.90759,1.33,2.14
13-08-2014,00:41:05.784,0.90772,0.90759,1.25,2.22
13-08-2014,00:41:11.530,0.90772,0.90759,1.09,2.14
13-08-2014,00:41:16.515,0.90772,0.9076,1.02,1.39
13-08-2014,00:41:16.826,0.90773,0.9076,1.77,1.47
13-08-2014,00:41:17.333,0.90773,0.90761,1.02,1.39
13-08-2014,00:41:20.078,0.90773,0.90762,1.02,1.38
13-08-2014,00:41:21.152,0.90773,0.90761,1,2.22
13-08-2014,00:41:22.126,0.90773,0.90761,1.09,1.32
13-08-2014,00:41:22.785,0.90773,0.90761,1.02,1.39
13-08-2014,00:41:23.414,0.90773,0.90761,1.09,1.32
13-08-2014,00:41:24.907,0.90773,0.9076,1.84,1.64
13-08-2014,00:41:25.446,0.90773,0.9076,1.77,1.77
13-08-2014,00:41:29.518,0.90773,0.9076,1.77,1.74
13-08-2014,00:41:30.893,0.90773,0.90762,1.02,1
13-08-2014,00:41:31.404,0.90773,0.90762,1.33,1
13-08-2014,00:41:32.151,0.90773,0.90762,1.02,1
13-08-2014,00:41:32.981,0.90773,0.90761,1.02,1.39
13-08-2014,00:41:34.001,0.90773,0.90762,1.02,1
13-08-2014,00:41:34.305,0.90772,0.90764,1,1
13-08-2014,00:41:34.610,0.90773,0.90766,1.25,1
13-08-2014,00:41:35.123,0.90773,0.90765,1,1
13-08-2014,00:41:35.629,0.90773,0.90766,1,1
13-08-2014,00:41:38.309,0.90773,0.90765,1,1
13-08-2014,00:41:38.815,0.90773,0.90764,1,1
13-08-2014,00:41:40.249,0.90773,0.90762,1,1.39
13-08-2014,00:41:40.764,0.90772,0.90762,1,1.1
13-08-2014,00:41:47.309,0.90772,0.90765,1,1
13-08-2014,00:41:50.251,0.90772,0.90766,1,1
13-08-2014,00:41:52.474,0.90774,0.90766,1.1,1
13-08-2014,00:41:57.077,0.90774,0.90768,1,1
13-08-2014,00:41:57.128,0.90778,0.90768,1.37,1
13-08-2014,00:41:57.281,0.90779,0.90768,1,2.03
13-08-2014,00:41:57.814,0.90779,0.90768,1,2.03
13-08-2014,00:42:00.939,0.90779,0.90768,1,1.47
13-08-2014,00:42:04.910,0.90778,0.90769,1,1.1
13-08-2014,00:42:08.200,0.90779,0.90767,1,2.97
13-08-2014,00:42:08.605,0.90779,0.90767,1.02,2.14
13-08-2014,00:42:09.465,0.90776,0.90767,1,1.39
13-08-2014,00:42:24.920,0.90776,0.90767,1,2.14
13-08-2014,00:42:24.971,0.90779,0.90767,1.1,2.89
13-08-2014,00:42:39.465,0.90778,0.90767,1,2.89
13-08-2014,00:42:40.015,0.90779,0.90767,1,3.72
13-08-2014,00:43:18.707,0.90779,0.90769,1,1.19
13-08-2014,00:43:18.961,0.90782,0.90772,1.25,1.13
13-08-2014,00:43:19.264,0.90782,0.90774,1,1
13-08-2014,00:43:19.518,0.90785,0.90774,1.02,1
13-08-2014,00:43:20.276,0.90786,0.90775,1.19,1.48
13-08-2014,00:43:20.785,0.90787,0.90775,1.84,1.38
13-08-2014,00:43:21.297,0.90787,0.90775,1.09,1.13
13-08-2014,00:43:22.023,0.90787,0.90775,1.09,1.39
13-08-2014,00:43:22.530,0.90787,0.90774,1.2,2.03
13-08-2014,00:43:22.833,0.90784,0.90772,1.1,3.72
13-08-2014,00:43:23.358,0.90784,0.90772,1,3.72
13-08-2014,00:43:23.874,0.90784,0.90772,1,3.72
13-08-2014,00:43:31.592,0.90784,0.90773,1,2.22
13-08-2014,00:43:34.761,0.90784,0.90774,1,1.47
13-08-2014,00:43:38.237,0.90784,0.90773,1,1.72
13-08-2014,00:43:40.840,0.90784,0.90775,1,1
13-08-2014,00:43:41.448,0.90787,0.90775,1.69,1.38
13-08-2014,00:43:42.329,0.90787,0.90775,1.25,1.63
13-08-2014,00:43:44.223,0.90786,0.90775,1,1.63
13-08-2014,00:43:44.730,0.90787,0.90775,1.77,1.39
13-08-2014,00:43:45.236,0.90786,0.90775,1,1.39
13-08-2014,00:43:47.762,0.90786,0.90775,1,1.39
13-08-2014,00:43:48.317,0.90785,0.90775,1,1.39
13-08-2014,00:43:49.399,0.90785,0.90775,1,1.39
13-08-2014,00:43:49.501,0.90787,0.90775,1.77,1.39
13-08-2014,00:43:50.368,0.90787,0.90775,1.77,1.63
13-08-2014,00:43:50.571,0.90784,0.90775,1,1.39
13-08-2014,00:43:50.774,0.90787,0.90775,1.02,1.39
13-08-2014,00:43:51.128,0.90784,0.90775,1,1.48
13-08-2014,00:43:56.558,0.90784,0.90775,1,1.39
13-08-2014,00:43:56.761,0.90787,0.90777,1.02,1
13-08-2014,00:43:58.386,0.90787,0.90777,1.33,1
13-08-2014,00:43:58.539,0.90787,0.90775,1.09,1.32
13-08-2014,00:43:58.793,0.90784,0.90773,1,2.22
13-08-2014,00:43:59.302,0.90784,0.90775,1,1
13-08-2014,00:44:03.434,0.90784,0.90773,1,1.09
13-08-2014,00:44:06.753,0.90784,0.90775,1.25,1
13-08-2014,00:44:07.006,0.90787,0.90775,3.34,1
13-08-2014,00:44:08.271,0.90784,0.90775,1,1
13-08-2014,00:44:14.282,0.90784,0.90774,1,1.2
13-08-2014,00:44:27.701,0.90784,0.90775,1,1
13-08-2014,00:44:28.206,0.90787,0.90775,1.37,1.13
13-08-2014,00:44:28.607,0.90784,0.90775,1,1
13-08-2014,00:44:34.604,0.90784,0.90773,1,1.47
13-08-2014,00:44:53.964,0.90784,0.90774,1,1.48
13-08-2014,00:45:04.905,0.90784,0.90774,1,1.32
13-08-2014,00:45:14.981,0.90784,0.90774,1,1.63
13-08-2014,00:45:15.537,0.90784,0.90774,1,1
13-08-2014,00:45:17.058,0.90784,0.90773,1,1.25
13-08-2014,00:45:18.346,0.90784,0.90773,1,1.63
13-08-2014,00:45:18.878,0.90784,0.90773,1,1.25
13-08-2014,00:45:21.293,0.90784,0.90773,1.77,1
13-08-2014,00:45:33.712,0.90784,0.90772,1.27,1.13
13-08-2014,00:45:34.939,0.90784,0.90771,1.34,1.25
13-08-2014,00:45:35.244,0.90779,0.9077,1,1.29
13-08-2014,00:45:35.766,0.90779,0.90769,1,1.84
13-08-2014,00:45:37.563,0.90779,0.90769,1,1.47
13-08-2014,00:45:38.097,0.90779,0.90769,1,1.47
13-08-2014,00:45:38.250,0.90782,0.90769,1.84,2.14
13-08-2014,00:45:38.793,0.90782,0.90769,1.84,2.14
13-08-2014,00:45:39.304,0.90782,0.90769,1.02,2.97
13-08-2014,00:45:39.829,0.90782,0.90769,1.33,2.97
13-08-2014,00:45:49.777,0.90782,0.90769,1.02,3.72
13-08-2014,00:45:52.391,0.90782,0.90769,1.02,3.72
13-08-2014,00:45:52.543,0.90782,0.90772,1.25,1.48
13-08-2014,00:45:53.050,0.90782,0.9077,1.25,1.4
13-08-2014,00:46:22.653,0.90782,0.90771,1,1.39
13-08-2014,00:46:36.399,0.90782,0.90771,1.02,1.38
13-08-2014,00:46:37.122,0.90782,0.90771,1.02,1.88
13-08-2014,00:46:37.678,0.90782,0.90771,1.1,2.07
13-08-2014,00:46:38.388,0.90784,0.90771,1.84,1.32
13-08-2014,00:46:50.564,0.90783,0.90769,1.84,2.97
13-08-2014,00:46:52.482,0.90783,0.9077,1.84,1.39
13-08-2014,00:46:54.229,0.90783,0.9077,1.02,2.14
13-08-2014,00:46:54.734,0.90783,0.9077,1.25,2.22
13-08-2014,00:46:55.242,0.90784,0.9077,1.84,2.22
13-08-2014,00:46:59.234,0.90784,0.90769,1.47,2.22
13-08-2014,00:47:05.335,0.90783,0.90769,1.19,2.97
13-08-2014,00:47:14.351,0.90782,0.90769,1.19,2.22
13-08-2014,00:47:14.866,0.90782,0.90769,1.19,2.22
13-08-2014,00:47:15.377,0.90783,0.90769,1.19,2.97
13-08-2014,00:47:18.500,0.90784,0.90769,2.22,2.22
13-08-2014,00:47:20.830,0.90782,0.90769,1.19,2.22
13-08-2014,00:47:22.334,0.90783,0.90769,1.19,2.97
13-08-2014,00:47:27.350,0.90784,0.9077,1.84,1.2
13-08-2014,00:47:29.347,0.90783,0.9077,1.19,1.09
13-08-2014,00:47:36.154,0.90783,0.9077,1.19,1.09
13-08-2014,00:47:46.182,0.90784,0.9077,1.77,2.22
13-08-2014,00:47:47.558,0.90782,0.9077,1,2.22
13-08-2014,00:48:17.523,0.90782,0.90769,1.69,1.78
13-08-2014,00:48:18.192,0.90782,0.90769,1.69,1.47
13-08-2014,00:48:18.701,0.90782,0.90769,1.25,2.22
13-08-2014,00:48:19.617,0.90782,0.90769,1.69,1.47
13-08-2014,00:48:22.626,0.90782,0.90769,1.25,2.22
13-08-2014,00:49:18.458,0.90783,0.90769,1.19,2.07
13-08-2014,00:49:19.528,0.90783,0.9077,1.19,1.63
13-08-2014,00:50:11.983,0.90781,0.90769,1,2.14
13-08-2014,00:50:12.517,0.90783,0.90771,1.77,1.38
13-08-2014,00:50:12.923,0.90783,0.90771,1.27,1
13-08-2014,00:50:13.783,0.90782,0.90769,1.02,1.27
13-08-2014,00:50:14.288,0.90782,0.90771,1.1,1.25
13-08-2014,00:50:16.816,0.90782,0.90771,1.1,1.63
13-08-2014,00:50:23.604,0.90782,0.9077,1.02,2.14
13-08-2014,00:50:24.610,0.90783,0.9077,1.27,1.39
13-08-2014,00:50:32.551,0.90783,0.9077,1.27,1.63
13-08-2014,00:50:33.066,0.90783,0.9077,1.27,1.39
13-08-2014,00:50:35.697,0.90783,0.9077,1.27,1.39
13-08-2014,00:50:39.718,0.90781,0.90769,1,1.64
13-08-2014,00:50:44.734,0.90783,0.90769,1.27,1.64
13-08-2014,00:50:47.484,0.90781,0.90769,1,1.64
13-08-2014,00:50:51.115,0.90783,0.90769,1.27,1.64
13-08-2014,00:50:51.619,0.90783,0.90769,1.84,1.74
13-08-2014,00:50:52.176,0.90783,0.90769,1.84,1.77
13-08-2014,00:50:52.696,0.90783,0.90769,1.84,1.77
13-08-2014,00:50:53.204,0.90783,0.90769,1.84,1.74
13-08-2014,00:51:05.186,0.90783,0.90769,1.34,2.89
13-08-2014,00:51:05.702,0.90784,0.90769,1.47,2.22
13-08-2014,00:51:07.839,0.90783,0.90769,1.39,2.97
13-08-2014,00:51:09.238,0.90783,0.90771,1.39,1.38
13-08-2014,00:51:10.817,0.90783,0.90769,1.37,2.22
13-08-2014,00:51:11.337,0.90783,0.90769,1.37,1.74
13-08-2014,00:51:31.947,0.90782,0.90768,1.29,2.97
13-08-2014,00:51:35.962,0.90783,0.90769,1.37,1.74
13-08-2014,00:51:39.561,0.90783,0.90769,1.37,2.22
13-08-2014,00:51:47.886,0.90783,0.90769,1.37,2.22
13-08-2014,00:51:48.756,0.90783,0.90769,1.19,2.59
13-08-2014,00:51:48.857,0.90783,0.90769,1.19,2.22
13-08-2014,00:51:49.364,0.90784,0.9077,1.84,1.19
13-08-2014,00:51:52.885,0.90784,0.90771,1.34,1.63
13-08-2014,00:51:55.910,0.90785,0.90771,2.22,2.97
13-08-2014,00:51:56.472,0.90783,0.90771,1,2.22
13-08-2014,00:51:58.915,0.90783,0.90771,1.18,2.07
13-08-2014,00:52:00.978,0.90783,0.90771,1.09,1.32
13-08-2014,00:52:01.130,0.90782,0.90771,1.1,1.63
13-08-2014,00:52:01.876,0.90783,0.90772,1.09,1.13
13-08-2014,00:52:07.295,0.90782,0.90772,1,1.28
13-08-2014,00:52:07.600,0.9078,0.90772,1,1.2
13-08-2014,00:52:07.904,0.90782,0.90772,1,1.2
13-08-2014,00:52:09.157,0.90782,0.90772,1,1.28
13-08-2014,00:52:09.703,0.90782,0.90772,1.25,1.1
13-08-2014,00:52:11.878,0.90782,0.90772,1.02,1.38
13-08-2014,00:52:12.383,0.90783,0.90772,1.25,1.58
13-08-2014,00:52:12.852,0.90781,0.90772,1,1.2
13-08-2014,00:52:13.365,0.9078,0.9077,1,2.14
13-08-2014,00:52:17.927,0.90783,0.9077,1.37,1.39
13-08-2014,00:52:33.159,0.90784,0.9077,1.34,1.45
13-08-2014,00:52:33.823,0.90783,0.9077,1.29,1.47
13-08-2014,00:52:41.907,0.90783,0.9077,1.29,1.47
13-08-2014,00:52:43.196,0.90783,0.90772,1.02,1
13-08-2014,00:52:43.702,0.90784,0.9077,2.97,2.22
13-08-2014,00:52:44.226,0.90784,0.9077,2.59,2.22
13-08-2014,00:52:44.740,0.90783,0.9077,1.29,1.47
13-08-2014,00:52:48.352,0.90784,0.9077,2.59,1.55
13-08-2014,00:52:48.892,0.90784,0.9077,2.59,1.55
13-08-2014,00:52:49.399,0.90783,0.9077,1.29,1.47
13-08-2014,00:53:00.458,0.90783,0.9077,1.84,1.63
13-08-2014,00:53:01.021,0.90783,0.9077,1.84,1.39
13-08-2014,00:53:01.532,0.90782,0.9077,1.29,1.48
13-08-2014,00:53:03.369,0.90783,0.9077,1.84,1.39
13-08-2014,00:53:04.195,0.90783,0.9077,2.22,1.39
13-08-2014,00:53:04.398,0.90779,0.9077,1,1.25
13-08-2014,00:53:04.854,0.90778,0.90768,1,1.39
13-08-2014,00:53:05.360,0.90779,0.90768,1.5,1.39
13-08-2014,00:53:11.343,0.90779,0.90769,1.02,1
13-08-2014,00:53:11.857,0.90778,0.90769,1,1
13-08-2014,00:53:12.383,0.9078,0.90769,1.09,1
13-08-2014,00:53:13.388,0.90779,0.90769,2.52,1
13-08-2014,00:53:13.489,0.90779,0.90767,1.84,1.13
13-08-2014,00:53:14.098,0.90778,0.90767,1.09,1
13-08-2014,00:53:14.605,0.90778,0.90767,1.77,1
13-08-2014,00:53:15.112,0.90779,0.90767,1.84,1
13-08-2014,00:53:20.904,0.9078,0.90769,2.59,1
13-08-2014,00:53:21.410,0.90779,0.90767,1.25,1.63
13-08-2014,00:53:22.996,0.90779,0.90767,1,2.07
13-08-2014,00:53:24.104,0.90779,0.90767,1,2.07
13-08-2014,00:53:24.977,0.90781,0.90769,1.84,1.38
13-08-2014,00:53:33.428,0.90781,0.90769,1.09,1.63
13-08-2014,00:53:33.840,0.90781,0.90769,1.33,1.32
13-08-2014,00:53:34.355,0.90781,0.90769,1.02,1.39
13-08-2014,00:53:39.026,0.90779,0.90769,1,1.39
13-08-2014,00:53:39.178,0.90781,0.9077,1.25,1.13
13-08-2014,00:53:39.279,0.90782,0.90772,1.29,1
13-08-2014,00:53:39.697,0.90781,0.9077,1,1.32
13-08-2014,00:53:47.734,0.90782,0.90772,1.29,1
13-08-2014,00:53:48.688,0.90783,0.90772,1.77,1
13-08-2014,00:53:54.780,0.90782,0.90769,1.02,2.14
13-08-2014,00:53:55.293,0.90782,0.90769,1.02,2.14
13-08-2014,00:53:55.843,0.90782,0.90769,1.02,2.14
13-08-2014,00:54:00.211,0.90782,0.90769,1.77,1.7
13-08-2014,00:54:01.269,0.90782,0.90769,1.77,1.33
13-08-2014,00:54:03.883,0.90782,0.90769,1.58,1.7
13-08-2014,00:54:04.425,0.90781,0.90769,1,1.7
13-08-2014,00:54:05.279,0.90782,0.90769,1.58,1.33
13-08-2014,00:54:12.509,0.90782,0.90769,1.84,1.1
13-08-2014,00:54:13.167,0.90782,0.90769,1.77,1.18
13-08-2014,00:54:14.347,0.90782,0.90769,2.14,1.28
13-08-2014,00:54:14.700,0.90782,0.90772,1.02,1
13-08-2014,00:54:15.357,0.90783,0.90772,1.39,1
13-08-2014,00:54:17.261,0.90783,0.90772,1.47,1
13-08-2014,00:54:18.490,0.90783,0.90772,1.84,1
13-08-2014,00:54:22.996,0.90783,0.90772,1.84,1
13-08-2014,00:54:24.737,0.90783,0.90772,1.84,1
13-08-2014,00:54:25.266,0.90783,0.90772,1.84,1
13-08-2014,00:54:27.129,0.90781,0.90769,1.1,2.22
13-08-2014,00:54:42.842,0.90781,0.9077,1,1.48
13-08-2014,00:54:43.347,0.90781,0.9077,1,1.1
13-08-2014,00:54:47.824,0.90781,0.90769,1.02,1.39
13-08-2014,00:54:48.817,0.90781,0.90769,1.1,1.77
13-08-2014,00:54:52.294,0.90781,0.90769,1.02,1.39
13-08-2014,00:54:53.612,0.90781,0.90769,1.1,2.14
13-08-2014,00:55:00.146,0.90781,0.9077,1,1.7
13-08-2014,00:55:00.611,0.90784,0.90771,2.59,1.02
13-08-2014,00:55:01.750,0.90784,0.90771,2.59,1.39
13-08-2014,00:55:02.267,0.90784,0.90771,3.34,1.02
13-08-2014,00:55:02.780,0.90784,0.90771,2.59,1.39
13-08-2014,00:55:03.710,0.90783,0.9077,1.02,2.22
13-08-2014,00:55:04.225,0.90782,0.9077,1,1.74
13-08-2014,00:55:04.930,0.9078,0.9077,1,1.74
13-08-2014,00:55:05.031,0.90783,0.9077,1.77,1.47
13-08-2014,00:55:05.536,0.90783,0.9077,1.09,1.19
13-08-2014,00:55:06.043,0.90782,0.90769,1.02,1.74
13-08-2014,00:55:08.236,0.90782,0.90768,1.77,2.97
13-08-2014,00:55:13.615,0.9078,0.90768,1.25,2.22
13-08-2014,00:55:14.229,0.9078,0.90768,1.25,2.22
13-08-2014,00:55:17.191,0.9078,0.90768,1.19,2.03
13-08-2014,00:55:17.604,0.90782,0.90768,1.29,2.97
13-08-2014,00:55:21.649,0.9078,0.9077,1,1.48
13-08-2014,00:55:22.164,0.9078,0.9077,1,1.2
13-08-2014,00:55:25.450,0.90782,0.9077,1.02,1.39
13-08-2014,00:55:27.437,0.90782,0.9077,1.77,1.2
13-08-2014,00:55:28.416,0.90782,0.9077,1.02,1.39
13-08-2014,00:55:38.333,0.90782,0.9077,1.02,1.39
13-08-2014,00:55:47.048,0.90782,0.90769,1.02,2.22
13-08-2014,00:55:47.570,0.90782,0.90771,1.25,1.2
13-08-2014,00:55:49.109,0.90781,0.90771,1,1.2
13-08-2014,00:55:49.615,0.90781,0.90769,1.69,1.28
13-08-2014,00:55:50.121,0.90779,0.90769,1,1.28
13-08-2014,00:55:50.662,0.90779,0.90769,1,1.13
13-08-2014,00:55:51.680,0.90779,0.90769,1,1.38
13-08-2014,00:55:51.984,0.90777,0.90767,1,1.1
13-08-2014,00:55:52.355,0.90777,0.90765,1.1,1.02
13-08-2014,00:55:53.108,0.90777,0.90765,1,1.09
13-08-2014,00:55:58.233,0.90777,0.90764,1.33,2.22
13-08-2014,00:55:58.739,0.90777,0.90764,1.09,2.14
13-08-2014,00:55:59.249,0.90777,0.90764,1.02,2.22
13-08-2014,00:55:59.761,0.90777,0.90764,1.02,2.22
13-08-2014,00:56:00.766,0.90779,0.90766,1.84,1.2
13-08-2014,00:56:02.086,0.90779,0.90766,1.84,2.14
13-08-2014,00:56:04.117,0.9078,0.90769,1,1.18
13-08-2014,00:56:04.625,0.90781,0.90769,1.02,1.2
13-08-2014,00:56:07.749,0.9078,0.90769,1.19,1.2
13-08-2014,00:56:17.381,0.90779,0.90769,1.29,1
13-08-2014,00:56:17.836,0.90779,0.90766,1.77,1.47
13-08-2014,00:56:19.121,0.90778,0.90767,1.19,1.1
13-08-2014,00:56:19.633,0.90778,0.90767,1.25,1.1
13-08-2014,00:56:20.818,0.90779,0.90767,3.34,1
13-08-2014,00:56:24.793,0.90778,0.90769,1.29,1
13-08-2014,00:56:25.708,0.90778,0.90769,1.02,1
13-08-2014,00:56:26.978,0.90778,0.90769,3.27,1
13-08-2014,00:56:28.070,0.90777,0.90768,1.25,1
13-08-2014,00:56:28.928,0.90777,0.90768,3.19,1
13-08-2014,00:56:29.400,0.90777,0.90766,3.19,1.1
13-08-2014,00:56:30.474,0.90775,0.90766,1,1
13-08-2014,00:56:31.183,0.90775,0.90764,1.69,2.03
13-08-2014,00:56:31.721,0.90775,0.90766,1.25,1
13-08-2014,00:56:33.569,0.90776,0.90766,2.44,1
13-08-2014,00:56:52.980,0.90776,0.90766,1.09,1
13-08-2014,00:56:53.182,0.90775,0.90764,1.02,1
13-08-2014,00:56:54.121,0.90775,0.90764,2.52,1.13
13-08-2014,00:56:54.630,0.90774,0.90762,3.94,1.08
13-08-2014,00:56:55.440,0.90774,0.90762,3.19,1.45
13-08-2014,00:56:55.986,0.90774,0.90762,3.19,1.53
13-08-2014,00:57:01.381,0.90774,0.90762,1.69,1.47
13-08-2014,00:57:10.463,0.90774,0.90762,1.69,1.78
13-08-2014,00:57:12.112,0.90774,0.90762,1.69,1.78
13-08-2014,00:57:12.618,0.90774,0.90762,3.19,1.53
13-08-2014,00:57:17.540,0.90774,0.90762,1.25,1.78
13-08-2014,00:57:21.098,0.90774,0.90762,1.1,1.77
13-08-2014,00:57:26.562,0.90774,0.90762,1.02,1.39
13-08-2014,00:57:27.589,0.90774,0.90762,1.1,2.14
13-08-2014,00:57:28.591,0.90774,0.90762,2.52,1.39
13-08-2014,00:57:29.539,0.90774,0.90762,2.52,1.25
13-08-2014,00:57:30.380,0.90773,0.90762,1.39,1
13-08-2014,00:57:31.354,0.90774,0.90762,2.59,1
13-08-2014,00:57:36.929,0.90774,0.90762,3.34,1
13-08-2014,00:57:38.235,0.90774,0.90762,3.27,1
13-08-2014,00:57:39.417,0.90774,0.90762,3.34,1
13-08-2014,00:57:42.472,0.90772,0.90762,1.19,1
13-08-2014,00:57:54.631,0.90772,0.90758,2.52,2.22
13-08-2014,00:57:55.149,0.90772,0.90758,1.02,2.22
13-08-2014,00:57:59.686,0.90772,0.90758,1.29,2.22
13-08-2014,00:58:01.947,0.90772,0.90758,1.19,2.22
13-08-2014,00:58:02.736,0.90772,0.90758,1.25,2.22
13-08-2014,00:58:03.248,0.90774,0.9076,2.97,1.47
13-08-2014,00:58:03.755,0.90774,0.9076,2.97,1.39
13-08-2014,00:58:04.724,0.90774,0.90759,1.47,1.74
13-08-2014,00:58:05.252,0.90774,0.90759,1.47,1.74
13-08-2014,00:58:07.681,0.90774,0.90759,1.47,1.72
13-08-2014,00:58:26.897,0.90774,0.9076,2.97,1.67
13-08-2014,00:58:27.447,0.90774,0.9076,2.97,1.74
13-08-2014,00:58:29.497,0.90774,0.9076,2.97,1.39
13-08-2014,00:58:30.266,0.90774,0.9076,2.97,1.74
13-08-2014,00:58:35.050,0.90774,0.9076,2.97,1.39
13-08-2014,00:58:35.598,0.90771,0.9076,1,1.47
13-08-2014,00:58:46.482,0.90771,0.90759,1,2.22
13-08-2014,00:58:46.989,0.90771,0.90759,1,2.22
13-08-2014,00:58:51.926,0.90771,0.90759,1,1.55
13-08-2014,00:58:52.489,0.90771,0.90759,1,1.55
13-08-2014,00:59:01.957,0.90769,0.90759,1,1.74
13-08-2014,00:59:20.329,0.90769,0.90758,1,1.72
13-08-2014,00:59:20.839,0.90769,0.90757,1.1,2.52
13-08-2014,00:59:21.458,0.90769,0.90757,1,2.52
13-08-2014,00:59:22.471,0.90769,0.90758,1,1.19
13-08-2014,00:59:25.369,0.90769,0.90758,1,1.57
13-08-2014,00:59:38.999,0.90769,0.90758,1,1.77
13-08-2014,00:59:43.164,0.90769,0.90757,1,1.47
13-08-2014,00:59:43.697,0.90769,0.90757,1.1,1.39
13-08-2014,00:59:49.774,0.90769,0.90757,1.09,1.02
13-08-2014,00:59:53.454,0.90769,0.90757,1.4,1.25
13-08-2014,00:59:54.002,0.90769,0.90757,1.09,1.25
13-08-2014,00:59:54.758,0.90769,0.90757,1.47,1.25
13-08-2014,00:59:56.510,0.90769,0.90757,2.14,1
13-08-2014,00:59:58.543,0.90769,0.90757,1.08,2.82
13-08-2014,00:59:58.847,0.90769,0.90757,1,3.72
13-08-2014,01:00:01.995,0.90772,0.90759,1.4,1.57
13-08-2014,01:00:08.162,0.90773,0.90759,2.97,1.77
13-08-2014,01:00:08.687,0.90773,0.90758,2.22,1.74
13-08-2014,01:00:09.193,0.90773,0.90758,2.22,1.72
13-08-2014,01:00:09.701,0.90773,0.90758,2.22,1.74
13-08-2014,01:00:10.266,0.90773,0.90758,2.22,1.72
13-08-2014,01:00:12.029,0.90773,0.90758,2.22,1.72
13-08-2014,01:00:14.182,0.90773,0.90758,2.22,1.72
13-08-2014,01:00:16.213,0.90773,0.90759,2.97,1.67
13-08-2014,01:00:55.437,0.90772,0.90757,1.74,2.22
13-08-2014,01:00:55.943,0.90771,0.90757,2.14,1.84
13-08-2014,01:00:56.449,0.90771,0.90757,2.52,1.84
13-08-2014,01:00:57.106,0.90771,0.90757,1.84,1.29
13-08-2014,01:00:57.308,0.90769,0.90757,1.15,1.19
13-08-2014,01:00:57.409,0.90769,0.90757,1.18,1.19
13-08-2014,01:00:57.966,0.90769,0.90756,1.4,1.19
13-08-2014,01:00:59.031,0.90769,0.90756,1.09,1.32
13-08-2014,01:00:59.705,0.90769,0.90756,1.4,1.39
13-08-2014,01:01:00.222,0.90769,0.90756,1.4,1.32
13-08-2014,01:01:04.050,0.90769,0.90756,1.09,1.39
13-08-2014,01:01:04.819,0.90769,0.90756,1.09,1.32
13-08-2014,01:01:05.602,0.90769,0.90756,1.47,1.39
13-08-2014,01:01:06.105,0.90769,0.90755,2.22,1.57
13-08-2014,01:01:09.525,0.90769,0.90755,2.22,1.39
13-08-2014,01:01:10.034,0.90767,0.90754,1.84,1.39
13-08-2014,01:01:11.071,0.90767,0.90754,2.59,1.39
13-08-2014,01:01:12.929,0.90767,0.90754,1.84,2.14
13-08-2014,01:01:14.643,0.90767,0.90754,2.59,1.39
13-08-2014,01:01:14.731,0.90767,0.90756,1.84,1
13-08-2014,01:01:23.010,0.90766,0.90756,1.29,1
13-08-2014,01:01:24.032,0.90767,0.90756,1.47,1
13-08-2014,01:01:39.277,0.90767,0.90754,3.72,1.02
13-08-2014,01:01:45.242,0.90767,0.90756,1.84,1
13-08-2014,01:01:54.672,0.90767,0.90754,1.47,2.14
13-08-2014,01:01:59.623,0.90767,0.90754,3.72,1.02
13-08-2014,01:02:00.161,0.90767,0.90754,2.97,1.02
13-08-2014,01:02:00.670,0.90766,0.90754,1.29,1.1
13-08-2014,01:02:02.837,0.90766,0.90755,1.29,1
13-08-2014,01:02:03.345,0.90767,0.90754,1.84,1.02
13-08-2014,01:02:03.497,0.90768,0.90756,1.34,1
13-08-2014,01:02:09.735,0.90768,0.90756,1.32,1
13-08-2014,01:02:15.416,0.90767,0.90756,1.32,1
13-08-2014,01:02:16.438,0.90766,0.90756,1.32,1
13-08-2014,01:02:18.418,0.90767,0.90756,1.57,1
13-08-2014,01:02:26.950,0.90766,0.90756,1.32,1
13-08-2014,01:02:28.460,0.90767,0.90756,2.07,1
13-08-2014,01:02:29.329,0.90767,0.90756,2.07,1
13-08-2014,01:02:29.430,0.90767,0.90754,2.82,1.25
13-08-2014,01:02:30.664,0.90767,0.90754,4.32,1
13-08-2014,01:02:32.620,0.90766,0.90754,1.19,1
13-08-2014,01:02:36.247,0.90764,0.90752,1,1.19
13-08-2014,01:02:36.813,0.90764,0.90751,1.69,2.07
13-08-2014,01:02:58.094,0.90764,0.90751,1.63,2.97
13-08-2014,01:03:01.760,0.90764,0.90751,1.32,2.97
13-08-2014,01:03:01.913,0.90765,0.90754,1.32,1
13-08-2014,01:03:02.420,0.90766,0.90754,1.09,1.32
13-08-2014,01:03:09.624,0.90767,0.90754,2.22,1.33
13-08-2014,01:03:13.570,0.90767,0.90754,1.77,1.47
13-08-2014,01:03:13.874,0.90769,0.90756,3.72,1.39
13-08-2014,01:03:14.348,0.90769,0.90756,1.32,2.22
13-08-2014,01:03:14.652,0.90767,0.90757,1.25,1.28
13-08-2014,01:03:14.703,0.90767,0.90757,1.25,1.28
13-08-2014,01:03:16.358,0.90769,0.90757,1.69,1.28
13-08-2014,01:03:17.747,0.90769,0.90757,3.19,1.53
13-08-2014,01:03:18.820,0.90769,0.90756,3.27,1.47
13-08-2014,01:03:19.478,0.90767,0.90756,1.25,2.03
13-08-2014,01:03:25.109,0.90768,0.90756,2.44,1.55
13-08-2014,01:03:26.493,0.90768,0.90756,2.44,1.55
13-08-2014,01:03:30.586,0.90769,0.90757,1.39,1.39
13-08-2014,01:03:36.086,0.90769,0.90756,1.33,2.14
13-08-2014,01:03:36.730,0.90769,0.90756,1.4,2.14
13-08-2014,01:03:37.273,0.90769,0.90756,1.84,1.39
13-08-2014,01:03:37.800,0.90769,0.90756,1.84,1.32
13-08-2014,01:03:38.351,0.90769,0.90756,1.84,1.39
13-08-2014,01:03:39.793,0.90769,0.90756,1.84,1.32
13-08-2014,01:03:40.634,0.90769,0.90756,1.84,1.32
13-08-2014,01:03:41.141,0.90769,0.90756,1.84,1.32
13-08-2014,01:03:43.260,0.90769,0.90756,1.84,1.32
13-08-2014,01:03:55.691,0.90769,0.90756,1.84,1.32
13-08-2014,01:04:12.708,0.90768,0.90756,1.02,1.02
13-08-2014,01:04:14.634,0.90768,0.90755,1.29,1.18
13-08-2014,01:04:15.140,0.90767,0.90755,2.44,1.18
13-08-2014,01:04:17.567,0.90767,0.90755,1.19,1.55
13-08-2014,01:04:18.069,0.90767,0.90755,1.25,1.47
13-08-2014,01:04:18.586,0.90767,0.90755,1.25,1.47
13-08-2014,01:04:19.216,0.90767,0.90755,1.25,1.47
13-08-2014,01:04:20.514,0.90767,0.90755,1.25,1.47
13-08-2014,01:04:22.832,0.90767,0.90755,1.25,1.47
13-08-2014,01:04:23.595,0.90767,0.90755,1.25,1.09
13-08-2014,01:04:24.107,0.90767,0.90755,1.19,1.18
13-08-2014,01:04:25.772,0.90767,0.90755,2.52,1.2
13-08-2014,01:04:43.952,0.90766,0.90753,2.44,1.84
13-08-2014,01:04:46.195,0.90766,0.90753,2.52,1.47
13-08-2014,01:05:09.989,0.90766,0.90753,1.02,1.74
13-08-2014,01:05:27.264,0.90767,0.90753,1.29,1.72
13-08-2014,01:05:29.564,0.90768,0.90754,1.84,1.47
13-08-2014,01:05:33.108,0.90768,0.90756,1.09,1.63
13-08-2014,01:05:33.361,0.90772,0.90757,2.52,1.78
13-08-2014,01:05:33.664,0.90772,0.90757,2.52,1.47
13-08-2014,01:05:33.916,0.90772,0.90757,1.37,1.4
13-08-2014,01:05:34.421,0.90772,0.90757,1.39,1.4
13-08-2014,01:05:35.109,0.90772,0.90757,1.29,1.4
13-08-2014,01:05:36.492,0.90772,0.90758,1.39,1.39
13-08-2014,01:05:36.796,0.9077,0.90757,2.44,1.4
13-08-2014,01:05:37.305,0.9077,0.90757,2.44,1.4
13-08-2014,01:05:37.888,0.9077,0.90757,2.44,1.4
13-08-2014,01:05:38.391,0.9077,0.90757,2.44,1.78
13-08-2014,01:05:38.919,0.9077,0.90757,2.44,1.78
13-08-2014,01:05:42.359,0.9077,0.90757,1.25,2.22
13-08-2014,01:05:43.319,0.9077,0.90757,2.44,1.78
13-08-2014,01:05:45.366,0.90771,0.90757,1.29,1.53
13-08-2014,01:05:47.327,0.9077,0.90757,2.44,1.78
13-08-2014,01:05:47.991,0.9077,0.90757,2.44,1.78
13-08-2014,01:05:49.483,0.90772,0.90759,1.77,1.47
13-08-2014,01:05:50.300,0.90772,0.90759,1.02,2.22
13-08-2014,01:05:50.842,0.90772,0.90759,1.47,2.14
13-08-2014,01:05:58.897,0.90772,0.9076,1.28,1.19
13-08-2014,01:06:09.541,0.90772,0.9076,1.28,1.29
13-08-2014,01:06:11.229,0.90774,0.9076,1.84,1.77
13-08-2014,01:06:12.159,0.90772,0.9076,1,1.37
13-08-2014,01:06:16.248,0.90772,0.90759,1.1,1.4
13-08-2014,01:06:17.888,0.90772,0.90759,1,1.47
13-08-2014,01:06:32.526,0.90772,0.90759,1.02,2.14
13-08-2014,01:06:47.676,0.90772,0.90759,1.25,2.22
13-08-2014,01:06:48.187,0.90772,0.90759,1.25,2.22
13-08-2014,01:06:49.306,0.90772,0.90759,1.84,2.14
13-08-2014,01:06:49.897,0.90769,0.90759,1,1.39
13-08-2014,01:06:50.904,0.90769,0.90758,1,2.22
13-08-2014,01:07:12.280,0.90769,0.90758,1,1.47
13-08-2014,01:07:13.437,0.90769,0.90758,1,1.47
13-08-2014,01:07:13.746,0.90772,0.90759,1.09,1.48
13-08-2014,01:07:24.494,0.90772,0.9076,1.18,1.32
13-08-2014,01:07:26.005,0.90772,0.90759,1.09,2.14
13-08-2014,01:07:27.502,0.90769,0.90758,1,2.22
13-08-2014,01:07:34.440,0.90769,0.90758,1,2.22
13-08-2014,01:07:35.091,0.90769,0.90758,1,2.22
13-08-2014,01:07:35.597,0.90769,0.90759,1,1.37
13-08-2014,01:08:27.552,0.90772,0.90757,1.39,2.97
13-08-2014,01:08:29.421,0.90772,0.90757,1.47,2.97
13-08-2014,01:08:31.939,0.90772,0.90758,1.84,1.74
13-08-2014,01:08:34.557,0.90772,0.90758,1.37,1.74
13-08-2014,01:08:38.770,0.90773,0.90759,1.47,1.39
13-08-2014,01:08:41.532,0.90772,0.90758,1.37,1.74
13-08-2014,01:08:44.557,0.90773,0.90759,1.47,1.39
13-08-2014,01:08:47.202,0.90772,0.90758,1.37,2.22
13-08-2014,01:08:54.418,0.90772,0.90758,1.37,2.97
13-08-2014,01:08:54.721,0.90772,0.90758,1.37,3.72
13-08-2014,01:08:55.227,0.90772,0.90759,1.37,1.39
13-08-2014,01:08:55.733,0.90772,0.90758,1.37,3.72
13-08-2014,01:08:57.895,0.90772,0.90758,1.37,2.97
13-08-2014,01:09:09.443,0.90773,0.9076,1.4,1.19
13-08-2014,01:09:13.404,0.90773,0.90759,1.84,1.29
13-08-2014,01:09:32.364,0.90773,0.90759,1.69,1.19
13-08-2014,01:09:34.449,0.90772,0.90758,1.19,3.57
13-08-2014,01:09:35.489,0.90773,0.90759,2.07,1.32
13-08-2014,01:09:36.767,0.90772,0.90758,1.19,2.44
13-08-2014,01:09:46.892,0.90773,0.90759,2.44,1.19
13-08-2014,01:09:47.912,0.90772,0.90758,1.19,2.82
13-08-2014,01:09:48.883,0.90773,0.90759,2.44,1.19
13-08-2014,01:09:49.904,0.90773,0.90758,1.69,2.82
13-08-2014,01:09:51.896,0.90773,0.90759,2.44,1.19
13-08-2014,01:09:54.418,0.90773,0.90758,2.44,2.82
13-08-2014,01:09:55.885,0.90772,0.90757,1.19,2.82
13-08-2014,01:09:58.419,0.90773,0.90759,2.07,1.19
13-08-2014,01:10:02.027,0.90772,0.90758,1.19,1.57
13-08-2014,01:10:04.443,0.90772,0.90758,1.29,1.64
13-08-2014,01:10:04.949,0.90771,0.90757,2.52,2.97
13-08-2014,01:10:06.403,0.9077,0.90757,1.25,2.22
13-08-2014,01:10:06.951,0.9077,0.90758,1.25,1.47
13-08-2014,01:10:07.486,0.9077,0.90758,1.25,1.47
13-08-2014,01:10:08.000,0.9077,0.90758,1.25,1.47
13-08-2014,01:10:08.837,0.9077,0.90758,1.25,1.47
13-08-2014,01:10:10.265,0.9077,0.90758,1.25,1.09
13-08-2014,01:10:10.810,0.9077,0.90758,1.25,1.4
13-08-2014,01:10:12.512,0.9077,0.90758,1.25,1.4
13-08-2014,01:10:13.039,0.9077,0.90758,1.25,1.4
13-08-2014,01:10:18.360,0.9077,0.90758,1.25,1.09
13-08-2014,01:10:18.883,0.9077,0.90757,1.25,2.22
13-08-2014,01:10:19.475,0.9077,0.90757,1.25,2.22
13-08-2014,01:10:20.015,0.9077,0.90757,1.25,2.22
13-08-2014,01:10:20.677,0.9077,0.90757,1.25,2.22
13-08-2014,01:10:21.191,0.9077,0.90757,1.25,2.22
13-08-2014,01:10:23.906,0.9077,0.90757,2.44,2.22
13-08-2014,01:10:27.736,0.9077,0.90757,1.25,2.22
13-08-2014,01:10:28.239,0.9077,0.90757,1.25,2.22
13-08-2014,01:10:33.555,0.90771,0.90759,2.52,1.2
13-08-2014,01:10:34.111,0.9077,0.90759,1.25,1.2
13-08-2014,01:10:34.666,0.9077,0.90759,1.25,1.2
13-08-2014,01:10:35.172,0.9077,0.90759,1.25,1.08
13-08-2014,01:10:35.678,0.9077,0.90758,1.25,1.78
13-08-2014,01:10:36.207,0.9077,0.90758,1.25,1.78
13-08-2014,01:10:36.714,0.9077,0.90758,1.25,1.47
13-08-2014,01:10:43.003,0.9077,0.90758,1.25,1.47
13-08-2014,01:10:43.518,0.9077,0.90758,1.25,1.47
13-08-2014,01:10:45.507,0.9077,0.90758,1.25,1.47
13-08-2014,01:10:48.989,0.90772,0.90758,1.37,1.74
13-08-2014,01:10:53.995,0.90772,0.90758,1.37,2.97
13-08-2014,01:11:10.389,0.90772,0.90758,1.39,2.97
13-08-2014,01:11:11.000,0.90772,0.90758,1.37,2.97
13-08-2014,01:11:21.664,0.90773,0.90759,1.47,1.29
13-08-2014,01:11:38.502,0.90774,0.9076,2.22,1.19
13-08-2014,01:11:39.587,0.90774,0.9076,1.47,1.32
13-08-2014,01:11:46.434,0.90774,0.9076,1.34,1.39
13-08-2014,01:11:50.368,0.90773,0.90759,1.29,2.97
13-08-2014,01:11:50.879,0.90774,0.9076,1.47,1.47
13-08-2014,01:11:51.445,0.90774,0.9076,1.47,1.39
13-08-2014,01:11:55.540,0.90773,0.90759,1.37,2.22
13-08-2014,01:11:58.844,0.90774,0.9076,2.22,1.47
13-08-2014,01:11:59.501,0.90774,0.9076,2.22,1.39
13-08-2014,01:12:00.029,0.90774,0.9076,2.22,1.39
13-08-2014,01:12:03.201,0.90774,0.9076,2.22,1.47
13-08-2014,01:12:03.713,0.90774,0.9076,2.22,1.39
13-08-2014,01:12:04.991,0.90774,0.9076,2.22,1.39
13-08-2014,01:12:05.654,0.90774,0.9076,2.22,1.39
13-08-2014,01:12:09.136,0.90774,0.9076,2.22,1.47
13-08-2014,01:12:09.645,0.90774,0.9076,2.22,1.39
13-08-2014,01:12:10.579,0.90774,0.9076,2.22,1.39
13-08-2014,01:12:13.598,0.90774,0.9076,2.22,1.39
13-08-2014,01:12:15.557,0.90774,0.9076,2.22,1.39
13-08-2014,01:12:18.567,0.90774,0.9076,2.22,1.39
13-08-2014,01:12:24.478,0.90772,0.90758,1.29,2.97
13-08-2014,01:12:27.847,0.90772,0.90758,1.19,2.97
13-08-2014,01:12:28.444,0.90772,0.90758,1.29,2.97
13-08-2014,01:12:49.702,0.90772,0.90759,1.29,1.47
13-08-2014,01:12:53.394,0.90772,0.90762,1.29,1
13-08-2014,01:13:02.885,0.90772,0.90761,1.29,1.13
13-08-2014,01:13:07.262,0.90773,0.90761,1.29,1.2
13-08-2014,01:13:11.869,0.90772,0.90761,1.29,1.13
13-08-2014,01:13:33.024,0.90772,0.90761,1.02,1.13
13-08-2014,01:13:40.732,0.90772,0.90761,1.29,1.13
13-08-2014,01:13:43.691,0.90773,0.90761,1.37,1.13
13-08-2014,01:13:46.241,0.90773,0.90761,1.34,1.13
13-08-2014,01:13:46.747,0.90773,0.90761,1.37,1.13
13-08-2014,01:13:47.434,0.90771,0.90761,1.19,1.13
13-08-2014,01:13:48.602,0.90771,0.90761,1.25,1.13
13-08-2014,01:14:05.642,0.90771,0.90761,2.52,1.13
13-08-2014,01:14:09.784,0.90771,0.90761,1.25,1.13
13-08-2014,01:14:19.316,0.90771,0.90762,1.25,1
13-08-2014,01:14:23.772,0.90771,0.90762,1.19,1.13
13-08-2014,01:14:24.805,0.90772,0.90762,1.02,1.13
13-08-2014,01:14:28.771,0.90771,0.90762,1.25,1
13-08-2014,01:14:30.989,0.90771,0.9076,1.25,1.95
13-08-2014,01:14:32.779,0.90771,0.9076,1.19,1.2
13-08-2014,01:14:39.832,0.90771,0.9076,1.25,1.2
13-08-2014,01:14:52.907,0.90771,0.90757,1.02,3.72
13-08-2014,01:14:53.829,0.9077,0.90757,1.25,2.97
13-08-2014,01:15:04.019,0.9077,0.90758,1.25,1.47
13-08-2014,01:15:04.529,0.9077,0.90758,1.25,1.47
13-08-2014,01:15:05.311,0.9077,0.90758,1.25,1.47
13-08-2014,01:15:05.824,0.9077,0.90758,1.25,1.47
13-08-2014,01:15:19.988,0.90769,0.90758,1.25,1.55
13-08-2014,01:15:20.969,0.9077,0.90758,1.25,1.47
13-08-2014,01:15:23.852,0.9077,0.90758,1.25,2.22
13-08-2014,01:15:27.983,0.9077,0.90758,1.19,2.03
13-08-2014,01:15:32.796,0.90772,0.90759,1.09,1.67
13-08-2014,01:15:33.412,0.90772,0.90759,1.02,1.74
13-08-2014,01:15:34.895,0.90772,0.90759,1.33,1.77
13-08-2014,01:15:44.080,0.90772,0.9076,1.18,1.32
13-08-2014,01:15:45.270,0.90772,0.90759,1.09,1.67
13-08-2014,01:15:49.177,0.90772,0.90759,1.09,1.64
13-08-2014,01:15:49.683,0.90772,0.90759,1.09,1.67
13-08-2014,01:16:03.110,0.90773,0.90759,2.22,1.74
13-08-2014,01:16:03.632,0.90772,0.90759,1.09,1.67
13-08-2014,01:16:05.052,0.90773,0.90762,1.34,1
13-08-2014,01:16:09.996,0.90773,0.90762,1.37,1
13-08-2014,01:16:10.537,0.90774,0.90762,2.97,1
13-08-2014,01:16:11.202,0.90774,0.90762,2.97,1
13-08-2014,01:16:15.970,0.90774,0.90762,2.97,1
13-08-2014,01:16:16.376,0.90774,0.90762,2.59,1.13
13-08-2014,01:17:00.684,0.90774,0.90762,1.4,1.25
13-08-2014,01:17:01.816,0.90773,0.90762,1.09,1
13-08-2014,01:17:02.402,0.90773,0.90762,1.09,1
13-08-2014,01:17:05.102,0.90773,0.9076,1.09,1.77
13-08-2014,01:17:08.102,0.90773,0.9076,1.4,2.07
13-08-2014,01:17:08.607,0.90773,0.9076,1.09,2.14
13-08-2014,01:17:09.112,0.90773,0.9076,1.09,2.07
13-08-2014,01:17:09.911,0.90773,0.9076,1.09,2.07
13-08-2014,01:17:10.418,0.90774,0.90761,1.37,1.63
13-08-2014,01:17:20.872,0.90775,0.90762,2.22,1.63
13-08-2014,01:17:20.974,0.90775,0.90762,2.22,1.39
13-08-2014,01:17:21.480,0.90775,0.90762,1.84,1.39
13-08-2014,01:17:25.665,0.90775,0.90762,2.22,1.39
13-08-2014,01:17:26.712,0.90775,0.90762,2.22,1.39
13-08-2014,01:17:27.230,0.90774,0.9076,1.29,2.22
13-08-2014,01:17:28.023,0.90774,0.9076,1.34,2.14
13-08-2014,01:17:28.764,0.90774,0.9076,1.37,2.22
13-08-2014,01:17:29.279,0.90774,0.9076,1.34,2.14
13-08-2014,01:17:35.031,0.90774,0.9076,1.37,2.22
13-08-2014,01:17:35.568,0.90774,0.9076,1.34,2.14
13-08-2014,01:17:38.853,0.90774,0.9076,1.37,2.22
13-08-2014,01:17:40.184,0.90774,0.9076,1.37,2.22
13-08-2014,01:17:40.699,0.90774,0.9076,1.34,2.14
13-08-2014,01:17:41.205,0.90775,0.90761,1.84,1.67
13-08-2014,01:17:43.563,0.90774,0.9076,1.37,2.22
13-08-2014,01:17:49.438,0.90774,0.9076,1.37,2.22
13-08-2014,01:17:55.973,0.90774,0.9076,1.34,1.67
13-08-2014,01:17:56.479,0.90774,0.9076,1.27,2.14
13-08-2014,01:18:00.575,0.90774,0.9076,1.37,2.97
13-08-2014,01:18:07.970,0.90774,0.9076,1.47,2.89
13-08-2014,01:18:11.326,0.90774,0.9076,1.47,2.89
13-08-2014,01:18:13.012,0.90774,0.9076,1.47,2.97
13-08-2014,01:18:13.527,0.90774,0.9076,1.47,2.89
13-08-2014,01:18:14.505,0.90774,0.9076,1.47,2.89
13-08-2014,01:18:15.013,0.90774,0.9076,1.47,2.97
13-08-2014,01:18:15.533,0.90774,0.9076,1.47,2.89
13-08-2014,01:18:16.901,0.90774,0.9076,1.47,2.22
13-08-2014,01:18:17.413,0.90774,0.9076,1.47,2.14
13-08-2014,01:18:19.202,0.90774,0.9076,1.47,2.22
13-08-2014,01:18:20.143,0.90775,0.90761,2.22,1.39
13-08-2014,01:18:24.172,0.90775,0.9076,2.22,1.47
13-08-2014,01:18:37.581,0.90775,0.90759,2.97,2.97
13-08-2014,01:18:38.131,0.90775,0.90759,2.97,2.97
13-08-2014,01:18:40.722,0.90775,0.9076,2.97,1.39
13-08-2014,01:18:41.259,0.90775,0.9076,2.97,1.47
13-08-2014,01:18:49.309,0.90775,0.90759,2.22,2.97
13-08-2014,01:18:49.848,0.90774,0.9076,1.39,1.77
13-08-2014,01:18:59.623,0.90774,0.9076,1.47,1.77
13-08-2014,01:19:00.480,0.90774,0.9076,1.47,1.69
13-08-2014,01:19:01.554,0.90774,0.9076,1.47,1.77
13-08-2014,01:19:08.754,0.90774,0.9076,1.47,1.84
13-08-2014,01:19:09.264,0.90774,0.9076,1.47,1.29
13-08-2014,01:19:09.780,0.90774,0.9076,1.47,1.37
13-08-2014,01:19:10.914,0.90774,0.9076,1.47,1.77
13-08-2014,01:19:12.230,0.90774,0.9076,1.47,1.39
13-08-2014,01:19:14.341,0.90774,0.9076,1.34,2.14
13-08-2014,01:19:15.009,0.90774,0.9076,1.37,2.22
13-08-2014,01:19:22.772,0.90774,0.9076,1.37,2.22
13-08-2014,01:19:23.281,0.90774,0.9076,1.37,2.22
13-08-2014,01:19:27.650,0.90774,0.9076,1.34,1.39
13-08-2014,01:19:30.030,0.90774,0.9076,1.34,2.14
13-08-2014,01:19:30.546,0.90774,0.9076,1.34,2.14
13-08-2014,01:19:39.881,0.90773,0.9076,1.37,1.39
13-08-2014,01:19:43.768,0.90773,0.9076,1.47,1.39
13-08-2014,01:19:44.281,0.90773,0.90759,1.74,2.22
13-08-2014,01:19:47.650,0.90773,0.90759,1.67,2.22
13-08-2014,01:19:48.516,0.90773,0.90759,1.64,2.14
13-08-2014,01:19:55.307,0.90773,0.9076,1.67,1.39
13-08-2014,01:20:05.372,0.90773,0.9076,2.22,1.32
13-08-2014,01:20:08.650,0.90773,0.9076,1.77,1.39
13-08-2014,01:20:10.125,0.90773,0.9076,1.64,1.47
13-08-2014,01:20:10.658,0.90773,0.9076,2.22,1.39
13-08-2014,01:20:11.163,0.90773,0.9076,2.59,1.02
13-08-2014,01:20:15.259,0.90773,0.9076,1.84,1.32
13-08-2014,01:20:29.525,0.90773,0.9076,2.97,1.32
13-08-2014,01:20:32.649,0.90773,0.9076,2.97,1.32
13-08-2014,01:20:33.160,0.90773,0.9076,2.97,1.39
13-08-2014,01:20:38.375,0.90773,0.9076,2.97,1.32
13-08-2014,01:20:38.935,0.90773,0.9076,2.97,1.39
13-08-2014,01:20:44.172,0.90773,0.9076,2.97,1.32
13-08-2014,01:20:44.704,0.90773,0.9076,2.97,1.39
13-08-2014,01:20:46.597,0.90773,0.9076,2.97,1.32
13-08-2014,01:20:47.100,0.90773,0.9076,2.97,1.39
13-08-2014,01:20:59.719,0.90773,0.9076,3.72,1.32
13-08-2014,01:21:00.238,0.90773,0.9076,3.72,1.02
13-08-2014,01:21:00.543,0.90771,0.90758,1.69,2.22
13-08-2014,01:21:01.058,0.9077,0.90758,1.25,2.22
13-08-2014,01:21:06.553,0.9077,0.90758,1,2.97
13-08-2014,01:21:07.065,0.9077,0.90758,1,2.97
13-08-2014,01:21:09.635,0.90771,0.90758,1.02,2.97
13-08-2014,01:21:10.737,0.90771,0.90758,1.25,2.22
13-08-2014,01:21:11.248,0.90771,0.90758,1.02,2.22
13-08-2014,01:21:11.813,0.90771,0.90759,1.1,1.39
13-08-2014,01:21:12.326,0.9077,0.90759,1,1.29
13-08-2014,01:21:12.834,0.90769,0.90755,1.2,4.47
13-08-2014,01:21:12.936,0.90769,0.90755,1.28,4.39
13-08-2014,01:21:13.239,0.90768,0.90758,1.2,1
13-08-2014,01:21:13.771,0.90768,0.90758,1.65,1
13-08-2014,01:21:20.955,0.90767,0.90756,1.02,1
13-08-2014,01:21:21.159,0.90764,0.90753,1,1.19
13-08-2014,01:21:22.078,0.90764,0.90753,1,1.25
13-08-2014,01:22:01.444,0.90764,0.90752,1,1.84
13-08-2014,01:22:11.235,0.90764,0.90752,1,2.59
13-08-2014,01:22:30.197,0.90764,0.90751,1,1.69
13-08-2014,01:22:31.374,0.90764,0.90752,1,1.19
13-08-2014,01:22:48.881,0.90765,0.90753,1.25,1.25
13-08-2014,01:23:02.576,0.90765,0.90753,1,2.07
13-08-2014,01:23:05.554,0.90765,0.90753,1.25,1.32
13-08-2014,01:23:09.016,0.90766,0.90753,1.69,1.63
13-08-2014,01:23:13.087,0.90765,0.90754,1,1.32
13-08-2014,01:23:20.208,0.90765,0.90754,1,2.07
13-08-2014,01:23:21.161,0.90765,0.90754,1,1.32
13-08-2014,01:23:58.869,0.90764,0.90754,1,1.39
13-08-2014,01:24:08.787,0.90765,0.90754,1.1,1.32
13-08-2014,01:24:28.982,0.90765,0.90753,1,1.74
13-08-2014,01:24:29.905,0.90766,0.90753,1.02,1.74
13-08-2014,01:24:57.866,0.90766,0.90754,1.1,1.67
13-08-2014,01:25:06.299,0.90767,0.90755,1.2,1.67
13-08-2014,01:25:12.366,0.90767,0.90754,1.4,2.07
13-08-2014,01:25:15.328,0.90768,0.90758,1.4,1
13-08-2014,01:25:15.479,0.90768,0.90758,1.02,1
13-08-2014,01:25:15.632,0.90771,0.90759,1.33,1
13-08-2014,01:25:17.623,0.90772,0.90759,1.84,1.69
13-08-2014,01:25:21.698,0.90771,0.90759,1.27,1
13-08-2014,01:25:21.749,0.90771,0.90759,1.34,1.13
13-08-2014,01:25:21.850,0.90771,0.90759,1.29,1.2
13-08-2014,01:25:22.075,0.90767,0.90757,1.1,1.57
13-08-2014,01:25:22.585,0.90766,0.90756,1,1.57
13-08-2014,01:25:23.119,0.90766,0.90756,1,1.32
13-08-2014,01:26:02.150,0.90766,0.90755,1,1.74
13-08-2014,01:26:02.824,0.90766,0.90756,1,1.39
13-08-2014,01:26:22.895,0.90766,0.90754,1.5,2.97
13-08-2014,01:26:23.401,0.90766,0.90756,1.5,2.22
13-08-2014,01:26:27.348,0.90766,0.90756,1.5,1.34
13-08-2014,01:26:35.373,0.90766,0.90756,1.5,1.37
13-08-2014,01:26:35.928,0.90766,0.90757,1,1.09
13-08-2014,01:26:37.013,0.90766,0.90757,1,1.09
13-08-2014,01:26:37.520,0.90766,0.90757,1,1.09
13-08-2014,01:26:38.041,0.90766,0.90757,1,1.02
13-08-2014,01:26:38.345,0.90766,0.90758,1,1.19
13-08-2014,01:26:49.299,0.90766,0.90757,1,1.77
13-08-2014,01:26:50.534,0.90769,0.90758,1,1.39
13-08-2014,01:26:51.514,0.90769,0.90759,1,2.14
13-08-2014,01:26:52.624,0.90769,0.90761,1,1.32
13-08-2014,01:26:53.650,0.90769,0.9076,1,1.67
13-08-2014,01:27:01.968,0.90769,0.9076,1,1.67
13-08-2014,01:27:22.536,0.90769,0.9076,1,2.14
13-08-2014,01:27:33.008,0.90769,0.90761,1,1.32
13-08-2014,01:27:50.546,0.90771,0.9076,1,1.57
13-08-2014,01:28:19.286,0.90772,0.9076,2.25,1.77
13-08-2014,01:28:22.366,0.90772,0.9076,1.5,1.64
13-08-2014,01:28:22.869,0.90771,0.9076,1,1.72
13-08-2014,01:28:31.338,0.90772,0.90761,1,1.74
13-08-2014,01:28:32.280,0.90772,0.90763,1,1.63
13-08-2014,01:28:47.826,0.90772,0.90764,1,1.57
13-08-2014,01:28:48.030,0.90773,0.90766,1,2.89
13-08-2014,01:28:48.132,0.90776,0.90769,1,1.38
13-08-2014,01:28:52.665,0.90781,0.9077,1.09,1.13
13-08-2014,01:28:53.170,0.90781,0.9077,1.2,1.63
13-08-2014,01:28:54.458,0.9078,0.90769,1,2.07
13-08-2014,01:28:57.161,0.9078,0.90769,1,1.13
13-08-2014,01:28:57.740,0.90781,0.90769,1.09,1.13
13-08-2014,01:28:59.968,0.90781,0.90769,1.2,2.07
13-08-2014,01:29:04.304,0.90781,0.90769,1.65,2.07
13-08-2014,01:29:20.620,0.90781,0.90769,1.09,1.63
13-08-2014,01:29:25.133,0.90781,0.90769,1.2,1.63
13-08-2014,01:29:29.287,0.9078,0.90769,1,2.14
13-08-2014,01:29:30.705,0.9078,0.90769,1.5,2.14
13-08-2014,01:29:32.933,0.90781,0.90769,1.58,2.89
13-08-2014,01:29:36.268,0.90781,0.90769,1.1,2.89
13-08-2014,01:29:45.123,0.90781,0.90769,1.1,2.14
13-08-2014,01:29:50.128,0.90781,0.90769,1.09,2.82
13-08-2014,01:29:53.482,0.90782,0.90769,1.84,1.63
13-08-2014,01:29:54.544,0.90781,0.90769,1.4,1.32
13-08-2014,01:29:55.783,0.90781,0.90772,1.4,1
13-08-2014,01:29:56.497,0.90781,0.90772,1.09,1
13-08-2014,01:29:57.000,0.90781,0.90772,1.4,1
13-08-2014,01:29:57.501,0.90781,0.90772,1.09,1
13-08-2014,01:30:17.213,0.90781,0.90773,1.09,1
13-08-2014,01:30:17.717,0.90781,0.9077,1.18,1.63
13-08-2014,01:30:18.346,0.90781,0.9077,1.1,1.63
13-08-2014,01:30:19.129,0.90781,0.90774,1,1
13-08-2014,01:30:19.636,0.90785,0.90775,1.09,1.13
13-08-2014,01:30:20.142,0.90786,0.90776,1.19,1.13
13-08-2014,01:30:20.716,0.90787,0.90776,1.09,1.13
13-08-2014,01:30:22.619,0.90787,0.90776,1.09,1.13
13-08-2014,01:30:24.138,0.90787,0.90776,1.33,1.13
13-08-2014,01:30:24.668,0.90787,0.90776,1.02,1.13
13-08-2014,01:30:30.189,0.90787,0.90775,1.33,1.38
13-08-2014,01:30:30.694,0.90787,0.90775,1.02,1.48
13-08-2014,01:30:33.006,0.90787,0.90776,1.33,1.13
13-08-2014,01:30:33.259,0.90786,0.90774,1.2,1
13-08-2014,01:30:37.162,0.90786,0.90774,1.84,1.13
13-08-2014,01:30:52.778,0.90786,0.90775,1.18,1
13-08-2014,01:30:54.408,0.90787,0.90775,1.84,1.88
13-08-2014,01:30:57.255,0.90787,0.90775,1.37,1.88
13-08-2014,01:31:05.647,0.90787,0.90776,1.02,1.13
13-08-2014,01:31:08.358,0.90787,0.90776,1.77,1.13
13-08-2014,01:31:12.659,0.90787,0.90776,1.29,1.38
13-08-2014,01:31:13.174,0.90787,0.90776,1.29,1.13
13-08-2014,01:31:19.471,0.90787,0.90776,1.02,1.13
13-08-2014,01:31:23.479,0.90787,0.90776,1.84,1.13
13-08-2014,01:31:32.403,0.90787,0.90776,1.09,1.38
13-08-2014,01:31:33.829,0.90789,0.90776,1.02,3.72
13-08-2014,01:31:35.235,0.90789,0.90776,1.02,3.72
13-08-2014,01:31:35.757,0.90789,0.90778,1.02,1
13-08-2014,01:31:46.748,0.90789,0.90777,1.02,1.39
13-08-2014,01:31:49.320,0.90789,0.90777,1.33,1.32
13-08-2014,01:31:50.647,0.90789,0.90778,1.84,1
13-08-2014,01:31:57.292,0.90789,0.90777,1.84,1.13
13-08-2014,01:32:03.150,0.90789,0.90778,1.84,1
13-08-2014,01:32:07.811,0.90789,0.90778,1.77,1.13
13-08-2014,01:32:15.096,0.90789,0.90778,1.02,1
13-08-2014,01:32:18.781,0.90789,0.90778,1.25,1.95
13-08-2014,01:32:31.084,0.90789,0.9078,1,1
13-08-2014,01:32:32.683,0.90791,0.90778,1.84,1.63
13-08-2014,01:32:33.231,0.90791,0.90778,1.84,2.07
13-08-2014,01:32:33.740,0.9079,0.90778,1.09,2.82
13-08-2014,01:32:34.397,0.90789,0.90777,1.02,2.14
13-08-2014,01:32:34.498,0.90789,0.90777,1.4,2.07
13-08-2014,01:32:35.003,0.90788,0.90777,1.15,1.13
13-08-2014,01:32:38.655,0.90788,0.90777,1.84,1.13
13-08-2014,01:32:39.212,0.90788,0.90777,1.84,1.13
13-08-2014,01:32:46.834,0.90788,0.90778,1.84,1
13-08-2014,01:32:52.859,0.90789,0.90779,1.4,1
13-08-2014,01:32:56.185,0.90789,0.90779,1.09,1
13-08-2014,01:32:56.777,0.90789,0.90779,1.02,1
13-08-2014,01:32:59.250,0.90789,0.90778,1.02,1.13
13-08-2014,01:32:59.786,0.90789,0.90778,1.77,1.13
13-08-2014,01:33:14.650,0.90789,0.90779,1.77,1
13-08-2014,01:33:16.833,0.90789,0.90779,1.1,1
13-08-2014,01:33:17.339,0.90791,0.9078,1.39,1.13
13-08-2014,01:33:25.396,0.90791,0.90779,1.39,1.13
13-08-2014,01:33:25.902,0.90791,0.90779,1.39,1.38
13-08-2014,01:33:26.660,0.90792,0.90779,2.59,1.63
13-08-2014,01:33:30.537,0.90792,0.90779,3.72,1.69
13-08-2014,01:33:31.094,0.90792,0.90779,2.22,2.07
13-08-2014,01:33:31.398,0.9079,0.90777,1.84,1.63
13-08-2014,01:33:31.702,0.90786,0.90777,1.1,1.25
13-08-2014,01:33:39.347,0.90786,0.90776,1.1,1.13
13-08-2014,01:33:56.984,0.90786,0.90775,1.77,1.38
13-08-2014,01:34:30.863,0.90786,0.90776,1,2.82
13-08-2014,01:34:31.065,0.90788,0.90776,1,3.64
13-08-2014,01:34:32.180,0.90788,0.90776,1.09,3.57
13-08-2014,01:34:32.686,0.90786,0.90776,1,2.07
13-08-2014,01:34:40.584,0.90785,0.90775,1,2.82
13-08-2014,01:35:18.546,0.90785,0.90775,1,2.14
13-08-2014,01:35:19.052,0.90786,0.90775,1.1,1.63
13-08-2014,01:35:23.757,0.90786,0.90775,1.1,2.07
13-08-2014,01:35:28.671,0.90786,0.90775,1,1.39
13-08-2014,01:35:32.305,0.90786,0.90775,1,2.07
13-08-2014,01:35:32.403,0.90788,0.90775,1.84,2.07
13-08-2014,01:35:37.262,0.90788,0.90775,1.84,2.14
13-08-2014,01:35:42.889,0.90788,0.90774,2.59,2.82
13-08-2014,01:35:43.977,0.90788,0.90774,2.97,2.82
13-08-2014,01:35:44.493,0.90788,0.90774,2.97,2.82
13-08-2014,01:35:45.002,0.90787,0.90774,1.47,2.07
13-08-2014,01:35:48.928,0.90788,0.90774,2.97,2.82
13-08-2014,01:35:49.903,0.90787,0.90774,1.47,1.32
13-08-2014,01:35:51.981,0.90787,0.90776,1.47,1
13-08-2014,01:35:53.517,0.90788,0.90777,2.97,1
13-08-2014,01:35:55.713,0.90787,0.90778,1.4,1
13-08-2014,01:35:56.228,0.90787,0.90777,1.4,1
13-08-2014,01:36:02.325,0.90787,0.90776,1.4,1
13-08-2014,01:36:12.681,0.90787,0.90776,1.25,1
13-08-2014,01:36:13.195,0.90787,0.90776,1.09,1
13-08-2014,01:36:15.070,0.90788,0.90775,2.59,1.69
13-08-2014,01:36:20.234,0.90788,0.90775,2.59,1.77
13-08-2014,01:36:20.747,0.90788,0.90775,2.59,1.69
13-08-2014,01:36:26.837,0.90788,0.90775,2.59,1.77
13-08-2014,01:36:27.411,0.90788,0.90775,1.84,2.52
13-08-2014,01:36:32.243,0.90788,0.90775,2.59,1.69
13-08-2014,01:36:32.752,0.90788,0.90775,3.34,1.02
13-08-2014,01:36:33.502,0.90788,0.90775,2.59,1.77
13-08-2014,01:36:43.889,0.90788,0.90775,2.4,1.02
13-08-2014,01:36:44.755,0.90788,0.90775,2.59,1.69
13-08-2014,01:36:53.554,0.90788,0.90776,1.84,1
13-08-2014,01:36:55.006,0.90788,0.90775,1.84,1.25
13-08-2014,01:37:00.148,0.90788,0.90775,2.59,1.02
13-08-2014,01:37:00.655,0.90787,0.90775,1.09,1.25
13-08-2014,01:37:01.679,0.90787,0.90775,1.02,1.02
13-08-2014,01:37:02.199,0.90787,0.90775,1.33,1.25
13-08-2014,01:37:09.699,0.90787,0.90775,1.1,1.1
13-08-2014,01:37:10.218,0.90787,0.90775,1.18,1
13-08-2014,01:37:22.000,0.90786,0.90774,1.09,1.95
13-08-2014,01:37:22.513,0.90784,0.90772,1.1,2.89
13-08-2014,01:37:29.816,0.90784,0.90772,1.02,1.39
13-08-2014,01:37:32.324,0.90784,0.90772,1.02,1.39
13-08-2014,01:37:35.859,0.90784,0.90771,1.02,3.72
13-08-2014,01:37:36.467,0.90783,0.90771,1,2.97
13-08-2014,01:37:36.772,0.90781,0.90771,1,1
13-08-2014,01:37:37.076,0.90779,0.90769,1,2.14
13-08-2014,01:37:37.583,0.90779,0.90769,1,1.39
13-08-2014,01:37:38.108,0.90779,0.90769,1,1.47
13-08-2014,01:37:38.642,0.90779,0.90769,1,1.39
13-08-2014,01:37:41.288,0.90779,0.90769,1,1.47
13-08-2014,01:37:41.867,0.90779,0.90769,1,1.39
13-08-2014,01:38:02.847,0.90779,0.90768,1.1,1.32
13-08-2014,01:38:03.252,0.90778,0.90766,2.03,1.69
13-08-2014,01:38:03.505,0.90776,0.90763,1.47,2.63
13-08-2014,01:38:04.018,0.90773,0.90763,1,1
13-08-2014,01:38:13.704,0.90773,0.90762,1,1.39
13-08-2014,01:38:14.833,0.90773,0.90762,1,1.39
13-08-2014,01:38:20.060,0.90772,0.90762,1,1.48
13-08-2014,01:38:25.702,0.90773,0.90762,1.09,1.13
13-08-2014,01:38:26.211,0.90773,0.90761,1.02,1.39
13-08-2014,01:38:26.761,0.90773,0.90761,1.09,1.63
13-08-2014,01:38:29.284,0.90773,0.90761,1.1,2.14
13-08-2014,01:38:30.693,0.90773,0.90761,1.1,2.14
13-08-2014,01:38:32.080,0.90773,0.90761,1.33,1.63
13-08-2014,01:38:32.587,0.90773,0.90761,1.02,1.39
13-08-2014,01:38:33.198,0.90773,0.90761,1.09,1.63
13-08-2014,01:38:34.987,0.90773,0.90762,1.09,1.38
13-08-2014,01:38:35.506,0.90773,0.90761,1.09,1.63
13-08-2014,01:38:50.640,0.90773,0.90761,1.65,2.82
13-08-2014,01:38:51.192,0.90771,0.90761,1,1.63
13-08-2014,01:38:55.711,0.90771,0.90761,1,1.32
13-08-2014,01:39:02.946,0.90772,0.90761,1.18,1.63
13-08-2014,01:39:03.656,0.90772,0.90761,1.2,1.63
13-08-2014,01:39:04.414,0.90772,0.90761,1.18,1.19
13-08-2014,01:39:04.977,0.90772,0.9076,1.18,1.32
13-08-2014,01:39:06.083,0.90771,0.90759,1.1,2.14
13-08-2014,01:39:06.286,0.90771,0.90759,1.65,2.07
13-08-2014,01:39:06.792,0.90771,0.90759,2.4,2.07
13-08-2014,01:39:20.061,0.90771,0.90759,1.65,1.57
13-08-2014,01:39:20.580,0.90771,0.90759,1.65,1.57
13-08-2014,01:39:21.132,0.90771,0.90759,1.65,1.57
13-08-2014,01:39:21.660,0.90771,0.90759,1.65,1.57
13-08-2014,01:39:26.215,0.90768,0.90759,1,1.57
13-08-2014,01:39:26.721,0.90768,0.90757,1.18,1.38
13-08-2014,01:39:27.245,0.90768,0.90756,1.1,4.77
13-08-2014,01:39:46.204,0.90764,0.90757,1,1.1
13-08-2014,01:39:46.305,0.90766,0.90757,1,1.2
13-08-2014,01:39:46.812,0.90768,0.90756,1.65,1.88
13-08-2014,01:39:47.379,0.90768,0.90756,1.65,2.82
13-08-2014,01:39:47.834,0.90768,0.90757,1.1,1.63
13-08-2014,01:39:48.377,0.90768,0.90758,1,1.38
13-08-2014,01:39:50.006,0.90768,0.90757,1,2.14
13-08-2014,01:39:50.517,0.90768,0.90757,1,2.14
13-08-2014,01:39:52.711,0.90768,0.90758,1,1.57
13-08-2014,01:39:53.246,0.90768,0.90758,1,1.19
13-08-2014,01:40:02.157,0.9077,0.90759,2.03,1.25
13-08-2014,01:40:02.683,0.9077,0.90759,1.2,1.25
13-08-2014,01:40:05.030,0.9077,0.90759,1.2,1.25
13-08-2014,01:40:07.082,0.9077,0.90759,1.28,1.25
13-08-2014,01:40:10.250,0.9077,0.90759,1.28,1.25
13-08-2014,01:40:11.780,0.9077,0.90759,1.2,1.25
13-08-2014,01:40:31.139,0.9077,0.90759,1.1,1.69
13-08-2014,01:40:36.123,0.90771,0.90759,1.09,1.32
13-08-2014,01:40:40.131,0.90771,0.90759,1.18,2.07
13-08-2014,01:41:11.066,0.90772,0.90759,1.02,2.22
13-08-2014,01:41:11.573,0.90772,0.90761,1.02,1.13
13-08-2014,01:41:13.419,0.90772,0.90762,1,1.32
13-08-2014,01:41:13.925,0.90772,0.90764,1,1.32
13-08-2014,01:41:13.976,0.90776,0.90764,2.33,1.7
13-08-2014,01:41:14.077,0.90776,0.90763,1.5,2.97
13-08-2014,01:41:14.431,0.90778,0.90766,2.7,1.1
13-08-2014,01:41:15.446,0.90778,0.90767,1.1,1.19
13-08-2014,01:41:16.561,0.90778,0.90766,1.1,2.52
13-08-2014,01:41:17.168,0.90778,0.90766,2.03,1.69
13-08-2014,01:41:18.627,0.90778,0.90766,2.22,1.25
13-08-2014,01:41:19.382,0.90778,0.90766,2.14,1.02
13-08-2014,01:41:19.918,0.90778,0.90766,2.14,1.25
13-08-2014,01:41:24.995,0.90777,0.90766,1.2,1.25
13-08-2014,01:41:25.500,0.90777,0.90766,1.53,1.25
13-08-2014,01:41:28.043,0.90775,0.90766,1.08,1
13-08-2014,01:41:28.574,0.90775,0.90766,1.1,1
13-08-2014,01:41:29.788,0.90775,0.90766,1.18,1
13-08-2014,01:41:32.184,0.90775,0.90766,1.1,1
13-08-2014,01:41:32.702,0.90775,0.90766,1.08,1
13-08-2014,01:41:34.425,0.90775,0.90766,1.1,1
13-08-2014,01:41:38.035,0.90773,0.90766,1,1
13-08-2014,01:41:38.389,0.90773,0.90762,1,1.29
13-08-2014,01:41:39.363,0.90773,0.90761,1.2,2.14
13-08-2014,01:41:42.460,0.90773,0.90761,1,2.07
13-08-2014,01:41:46.503,0.90773,0.90761,1,2.82
13-08-2014,01:41:49.050,0.90774,0.90761,1.47,2.82
13-08-2014,01:41:51.577,0.90774,0.90761,1.28,2.07
13-08-2014,01:41:55.585,0.90774,0.90761,1.47,2.82
13-08-2014,01:41:58.775,0.90773,0.90761,1,2.82
13-08-2014,01:41:59.625,0.90773,0.90761,1.25,2.07
13-08-2014,01:42:00.596,0.90773,0.90761,1,2.82
13-08-2014,01:42:43.737,0.90775,0.90761,2.82,2.07
13-08-2014,01:42:44.260,0.90775,0.90763,2.07,1
13-08-2014,01:42:44.764,0.90775,0.90763,1.32,1.25
13-08-2014,01:42:49.016,0.90773,0.90763,1,1
13-08-2014,01:42:49.528,0.90773,0.90761,1,2.07
13-08-2014,01:42:51.319,0.90773,0.90761,1.88,1.19
13-08-2014,01:42:51.825,0.90773,0.90761,1.13,1.19
13-08-2014,01:42:52.391,0.90773,0.9076,1.32,1.32
13-08-2014,01:42:55.983,0.90773,0.9076,2.07,1.32
13-08-2014,01:42:56.487,0.90771,0.9076,1.1,1.32
13-08-2014,01:42:57.021,0.90773,0.9076,2.22,1.39
13-08-2014,01:43:02.104,0.90773,0.9076,1.47,1.32
13-08-2014,01:43:02.616,0.90773,0.9076,1.47,1.32
13-08-2014,01:43:08.624,0.90772,0.9076,1.28,2.07
13-08-2014,01:43:12.940,0.90772,0.9076,1.2,2.14
13-08-2014,01:43:13.462,0.90772,0.9076,1.28,2.07
13-08-2014,01:43:15.102,0.90772,0.90761,1.1,1.25
13-08-2014,01:43:15.650,0.90772,0.90761,1.18,1
13-08-2014,01:43:18.436,0.90772,0.90761,1.2,1
13-08-2014,01:43:21.136,0.90772,0.90761,1.28,1.25
13-08-2014,01:43:25.102,0.90772,0.90761,1.2,1.25
13-08-2014,01:43:25.635,0.90772,0.90761,1.28,1.25
13-08-2014,01:43:26.551,0.90772,0.90761,1.2,1.25
13-08-2014,01:43:27.062,0.90772,0.90761,1.28,1.25
13-08-2014,01:43:27.849,0.90772,0.90761,1.28,1.25
13-08-2014,01:43:28.512,0.90772,0.90761,1.28,1.25
13-08-2014,01:43:29.018,0.90772,0.9076,1.2,2.14
13-08-2014,01:43:32.744,0.90774,0.9076,2.22,2.07
13-08-2014,01:43:33.257,0.90774,0.9076,2.22,2.14
13-08-2014,01:43:58.405,0.90774,0.90761,1.78,1.19
13-08-2014,01:44:00.448,0.90773,0.9076,1.47,1.39
13-08-2014,01:44:26.429,0.90773,0.9076,1.47,2.14
13-08-2014,01:44:26.934,0.90773,0.9076,1.47,2.14
13-08-2014,01:44:30.777,0.90773,0.9076,1.39,2.22
13-08-2014,01:44:31.282,0.90773,0.9076,1.39,2.14
13-08-2014,01:44:45.127,0.90774,0.90761,1.47,1.39
13-08-2014,01:44:45.633,0.90774,0.90761,1.47,1.32
13-08-2014,01:44:47.019,0.90775,0.90761,2.97,2.07
13-08-2014,01:44:49.486,0.90775,0.90761,2.97,2.14
13-08-2014,01:44:50.019,0.90774,0.90761,1.47,1.32
13-08-2014,01:44:52.260,0.90774,0.90761,1.47,1.63
13-08-2014,01:44:52.564,0.90776,0.90766,1.15,1
13-08-2014,01:44:52.665,0.90776,0.90765,1.1,2.07
13-08-2014,01:44:52.767,0.90779,0.90766,2.78,2.14
13-08-2014,01:44:53.020,0.90781,0.90768,2.97,1
13-08-2014,01:45:03.829,0.90778,0.90768,1.48,1
13-08-2014,01:45:04.133,0.90773,0.90764,1,1.32
13-08-2014,01:45:04.539,0.90773,0.90762,1.5,1.39
13-08-2014,01:45:05.247,0.90773,0.90762,1.5,1.39
13-08-2014,01:45:05.763,0.90773,0.90763,1,2.07
13-08-2014,01:45:11.362,0.90773,0.90764,1,2.07
13-08-2014,01:45:11.514,0.90776,0.90764,1.18,2.82
13-08-2014,01:45:11.565,0.90776,0.90767,1.18,1
13-08-2014,01:45:11.919,0.90778,0.90767,2.22,1
13-08-2014,01:45:14.964,0.90778,0.90767,1.18,1.25
13-08-2014,01:45:15.469,0.90778,0.90768,1.15,1
13-08-2014,01:45:15.621,0.90779,0.90766,1.4,2.07
13-08-2014,01:45:16.152,0.90779,0.90767,1.28,1.32
13-08-2014,01:45:16.708,0.90779,0.90767,1.28,1.32
13-08-2014,01:45:19.169,0.90779,0.90767,1.28,1.32
13-08-2014,01:45:19.732,0.90779,0.90767,1.28,1.32
13-08-2014,01:45:21.746,0.90779,0.90769,1.28,1
13-08-2014,01:45:26.134,0.90779,0.90768,1.18,1.25
13-08-2014,01:45:31.456,0.90779,0.9077,1.18,1
13-08-2014,01:45:31.972,0.90779,0.90769,1.18,1
13-08-2014,01:45:35.316,0.90779,0.90768,1.18,1.32
13-08-2014,01:45:39.296,0.90782,0.90768,3.72,2.82
13-08-2014,01:45:41.187,0.90779,0.90768,1.1,2.07
13-08-2014,01:45:49.488,0.90779,0.90768,1.18,1.32
13-08-2014,01:45:49.994,0.9078,0.90768,1.28,1.19
13-08-2014,01:45:51.323,0.9078,0.90768,1.47,1.25
13-08-2014,01:45:55.569,0.9078,0.90768,1.47,1.25
13-08-2014,01:45:58.498,0.9078,0.90768,1.4,1.63
13-08-2014,01:45:58.701,0.9078,0.90768,1.02,1.39
13-08-2014,01:45:59.525,0.9078,0.90769,1.58,1.69
13-08-2014,01:46:05.507,0.9078,0.90769,1.65,1.19
13-08-2014,01:46:06.146,0.9078,0.90769,1.58,1.19
13-08-2014,01:46:08.522,0.9078,0.90769,1.65,1.19
13-08-2014,01:46:09.178,0.9078,0.90768,2.78,1.32
13-08-2014,01:46:18.482,0.9078,0.90767,2.97,1.67
13-08-2014,01:46:30.533,0.9078,0.90768,1.28,1.19
13-08-2014,01:46:34.541,0.9078,0.90767,1.47,2.14
13-08-2014,01:46:35.215,0.90781,0.90769,3.72,1
13-08-2014,01:46:42.608,0.90781,0.90769,1.47,1.69
13-08-2014,01:46:44.459,0.90781,0.90769,1.47,1.25
13-08-2014,01:46:44.991,0.90781,0.90769,1.39,1.25
13-08-2014,01:46:47.793,0.90781,0.90769,1.47,1.25
13-08-2014,01:46:56.681,0.90781,0.90769,1.28,1.25
13-08-2014,01:46:57.252,0.90781,0.90769,1.28,1.25
13-08-2014,01:47:12.540,0.9078,0.9077,1.18,1
13-08-2014,01:47:22.686,0.90779,0.90768,1.1,2.07
13-08-2014,01:47:25.417,0.90779,0.90768,1.08,1.32
13-08-2014,01:47:25.923,0.90779,0.90768,1.18,1.32
13-08-2014,01:47:39.979,0.90777,0.90768,1.08,1.13
13-08-2014,01:47:40.283,0.90777,0.90767,1.15,2.07
13-08-2014,01:47:40.384,0.90779,0.90768,1.65,1
13-08-2014,01:47:43.806,0.90779,0.90768,2.22,1
13-08-2014,01:47:50.572,0.90779,0.90768,2.22,1
13-08-2014,01:47:57.200,0.90779,0.90767,1.09,2.07
13-08-2014,01:48:10.632,0.90779,0.90768,1.77,1
13-08-2014,01:48:11.199,0.90779,0.90769,1.58,1
13-08-2014,01:48:20.003,0.90779,0.90769,1.65,1
13-08-2014,01:48:20.756,0.90779,0.90769,1.65,1
13-08-2014,01:48:26.113,0.90779,0.90767,1.55,1.19
13-08-2014,01:48:26.621,0.90778,0.90767,1.28,1.19
13-08-2014,01:48:27.146,0.90778,0.90766,1.28,1.69
13-08-2014,01:48:27.654,0.90778,0.90767,1.28,1.25
13-08-2014,01:48:28.160,0.90778,0.90768,1.15,1
13-08-2014,01:48:44.411,0.90778,0.90768,1.84,1
13-08-2014,01:48:49.470,0.90778,0.90766,1.18,1.25
13-08-2014,01:48:49.774,0.90777,0.90765,1.08,1.25
13-08-2014,01:48:50.180,0.90773,0.90764,1,1.19
13-08-2014,01:48:50.885,0.90773,0.90762,1,2.14
13-08-2014,01:49:09.152,0.90773,0.90762,1.65,1.69
13-08-2014,01:49:09.305,0.90772,0.9076,1,2.44
13-08-2014,01:49:09.711,0.90773,0.90763,1.18,1
13-08-2014,01:49:10.223,0.90773,0.90762,1.18,1
13-08-2014,01:49:10.761,0.90773,0.90762,1.18,1.69
13-08-2014,01:49:13.167,0.90773,0.90762,1.15,1.69
13-08-2014,01:49:13.711,0.90773,0.90762,1.18,1.25
13-08-2014,01:49:20.469,0.90773,0.90763,1.18,1
13-08-2014,01:49:20.773,0.90773,0.90765,1.18,1
13-08-2014,01:49:20.875,0.90773,0.90765,1.2,1
13-08-2014,01:49:21.380,0.90773,0.90764,1.2,1
13-08-2014,01:49:21.635,0.90773,0.90764,1.15,1
13-08-2014,01:49:22.636,0.90773,0.90764,1.18,1
13-08-2014,01:49:26.426,0.90773,0.90763,1.18,1.25
13-08-2014,01:49:26.628,0.90775,0.90763,1.1,2.14
13-08-2014,01:49:26.883,0.90778,0.90767,2.03,1
13-08-2014,01:49:27.400,0.90778,0.90766,2.03,1.32
13-08-2014,01:49:27.921,0.90778,0.90766,1.58,2.07
13-08-2014,01:49:28.845,0.90778,0.90768,1.65,1
13-08-2014,01:49:29.572,0.90778,0.90768,1.65,1
13-08-2014,01:49:30.083,0.90778,0.90768,1.65,1
13-08-2014,01:49:33.014,0.90778,0.90768,1.1,1
13-08-2014,01:49:47.686,0.90778,0.90768,1.18,1
13-08-2014,01:49:51.629,0.90778,0.90768,1.1,1
13-08-2014,01:49:52.142,0.90778,0.90766,1.18,2.07
13-08-2014,01:49:52.658,0.90778,0.90766,1.28,1.19
13-08-2014,01:49:52.760,0.90778,0.90765,2.59,1.69
13-08-2014,01:49:52.861,0.90778,0.90765,4.84,1.69
13-08-2014,01:49:53.639,0.90775,0.90763,1.28,1.25
13-08-2014,01:49:54.184,0.90774,0.90763,1.18,1.25
13-08-2014,01:49:54.730,0.90774,0.90763,1.15,1.25
13-08-2014,01:50:11.774,0.90774,0.90762,1.65,1.57
13-08-2014,01:50:12.393,0.90774,0.90762,1.65,1.57
13-08-2014,01:50:14.393,0.90773,0.90764,1.18,1
13-08-2014,01:50:15.678,0.90773,0.90763,1.18,1.25
13-08-2014,01:50:17.064,0.90773,0.90763,1.1,1.25
13-08-2014,01:50:18.125,0.90773,0.90763,1.18,1.25
13-08-2014,01:50:29.596,0.90774,0.90763,1.15,1
13-08-2014,01:50:30.384,0.90774,0.90763,1.18,1.25
13-08-2014,01:50:30.890,0.90774,0.90763,1.18,1.25
13-08-2014,01:50:31.407,0.90774,0.90763,1.15,1
13-08-2014,01:50:39.244,0.90776,0.90762,2.97,1.32
13-08-2014,01:50:40.138,0.90776,0.90762,2.97,1.25
13-08-2014,01:50:40.695,0.90771,0.90761,1.08,1.19
13-08-2014,01:50:40.847,0.90771,0.90759,1.15,1.57
13-08-2014,01:50:41.454,0.90771,0.90759,1.15,1.57
13-08-2014,01:50:45.657,0.90772,0.9076,1.28,1.13
13-08-2014,01:50:46.162,0.90772,0.9076,1.15,1.88
13-08-2014,01:50:46.264,0.90771,0.90762,1.18,1
13-08-2014,01:50:52.564,0.90772,0.90762,1.18,1.69
13-08-2014,01:50:53.130,0.90774,0.90762,1.47,1.69
13-08-2014,01:50:53.650,0.90774,0.90762,1.28,2.44
13-08-2014,01:50:54.426,0.90774,0.90762,1.53,2.44
13-08-2014,01:50:55.110,0.90772,0.90762,1.1,1.19
13-08-2014,01:50:55.353,0.90772,0.90761,1.1,1.32
13-08-2014,01:50:55.888,0.90772,0.9076,1.1,2.14
13-08-2014,01:50:56.515,0.90772,0.90761,1.18,1.57
13-08-2014,01:50:57.034,0.90772,0.90761,1.1,1.57
13-08-2014,01:51:00.356,0.90772,0.90761,1.18,1.57
13-08-2014,01:51:00.896,0.90772,0.90761,1.58,1.57
13-08-2014,01:51:07.691,0.90772,0.90761,1.58,1.32
13-08-2014,01:51:09.353,0.90772,0.90761,1.95,1.69
13-08-2014,01:51:09.708,0.90772,0.9076,2.03,1.69
13-08-2014,01:51:10.642,0.90772,0.9076,1.88,2.07
13-08-2014,01:51:11.001,0.9077,0.9076,1,2.82
13-08-2014,01:51:11.305,0.90769,0.90758,1.18,1
13-08-2014,01:51:11.509,0.90767,0.90755,1.77,1.77
13-08-2014,01:51:12.015,0.90767,0.90756,1.69,1.48
13-08-2014,01:51:12.622,0.90765,0.90756,1,1.48
13-08-2014,01:51:12.673,0.90765,0.90756,1,1.2
13-08-2014,01:51:13.180,0.90765,0.90756,1,1.38
13-08-2014,01:51:23.525,0.90765,0.90756,1.25,1.13
13-08-2014,01:51:24.117,0.90766,0.90756,1.25,1.13
13-08-2014,01:51:32.609,0.90766,0.90755,1.09,1.88
13-08-2014,01:51:44.639,0.90766,0.90755,1.09,1.88
13-08-2014,01:52:10.199,0.90766,0.90755,1.4,1.88
13-08-2014,01:52:10.971,0.90766,0.90755,1.09,1.88
13-08-2014,01:52:11.486,0.90766,0.90755,1.4,1.88
13-08-2014,01:52:13.602,0.90766,0.90755,1.09,1.13
13-08-2014,01:52:14.135,0.90765,0.90755,2.59,1.13
13-08-2014,01:52:16.760,0.90765,0.90755,1.25,1.13
13-08-2014,01:52:17.737,0.90765,0.90755,2.52,1
13-08-2014,01:52:18.249,0.90765,0.90754,2.52,1.13
13-08-2014,01:52:18.835,0.90765,0.90754,1.33,1.13
13-08-2014,01:52:19.375,0.90765,0.90754,1.02,1.13
13-08-2014,01:52:20.016,0.90765,0.90754,1.09,1.13
13-08-2014,01:52:20.827,0.90765,0.90754,1.02,1.13
13-08-2014,01:52:23.023,0.90765,0.90754,2.52,1.13
13-08-2014,01:52:24.131,0.90765,0.90754,2.52,1.13
13-08-2014,01:52:25.162,0.90765,0.90754,2.52,1.13
13-08-2014,01:52:27.558,0.90765,0.90754,1.02,1.13
13-08-2014,01:52:28.857,0.90765,0.90754,2.52,1.13
13-08-2014,01:52:29.861,0.90765,0.90754,1.02,1.13
13-08-2014,01:52:31.891,0.90765,0.90754,2.52,1.13
13-08-2014,01:52:39.901,0.90765,0.90755,2.52,1
13-08-2014,01:52:40.002,0.90765,0.90757,2.52,1
13-08-2014,01:52:40.406,0.90768,0.90757,3.34,1.38
13-08-2014,01:52:40.761,0.90769,0.90757,1.02,1.48
13-08-2014,01:52:40.812,0.90769,0.90761,1.02,1
13-08-2014,01:52:41.317,0.90769,0.9076,1.25,1
13-08-2014,01:52:41.469,0.90769,0.90758,1.25,1.2
13-08-2014,01:52:41.534,0.90769,0.9076,1.25,1
13-08-2014,01:52:42.158,0.9077,0.90759,2.44,1
13-08-2014,01:52:51.695,0.9077,0.9076,3.19,1
13-08-2014,01:53:01.007,0.90769,0.90759,1.25,1.13
13-08-2014,01:53:11.298,0.9077,0.90758,2.52,1.48
13-08-2014,01:53:12.068,0.9077,0.90757,1.02,1.74
13-08-2014,01:53:21.606,0.90771,0.90759,1.09,1.13
13-08-2014,01:53:22.153,0.90771,0.90759,1.09,1.48
13-08-2014,01:53:29.846,0.90768,0.90758,1,1.55
13-08-2014,01:53:30.051,0.90771,0.90759,1.77,1.48
13-08-2014,01:53:30.102,0.9077,0.90759,3.19,1.48
13-08-2014,01:53:30.630,0.90771,0.90759,2.52,1.48
13-08-2014,01:53:32.085,0.90771,0.90759,1.02,1.39
13-08-2014,01:53:32.904,0.90771,0.9076,1.1,1.32
13-08-2014,01:53:39.933,0.90771,0.90759,1.1,2.14
13-08-2014,01:53:45.131,0.90771,0.90759,1.48,1.77
13-08-2014,01:53:47.348,0.90771,0.90759,1.39,1.02
13-08-2014,01:53:52.404,0.90771,0.90759,1.78,1.25
13-08-2014,01:53:53.725,0.90771,0.90759,1.4,1.32
13-08-2014,01:53:55.632,0.90771,0.90759,1.18,2.07
13-08-2014,01:54:04.641,0.9077,0.90759,1.1,1.32
13-08-2014,01:54:05.664,0.9077,0.90759,1.1,2.07
13-08-2014,01:54:09.649,0.9077,0.90759,1.1,1.32
13-08-2014,01:54:13.479,0.9077,0.90761,1.1,1
13-08-2014,01:54:14.608,0.9077,0.90759,1.1,1.32
13-08-2014,01:54:22.775,0.90771,0.90758,1.84,2.14
13-08-2014,01:54:24.807,0.90771,0.90759,1.65,1.32
13-08-2014,01:54:26.014,0.90771,0.90758,1.84,2.14
13-08-2014,01:54:26.729,0.90771,0.90759,2.03,1.19
13-08-2014,01:54:27.235,0.9077,0.90758,1.55,1.69
13-08-2014,01:54:28.086,0.9077,0.90758,1.47,1.25
13-08-2014,01:54:28.620,0.9077,0.90758,1.78,1.25
13-08-2014,01:54:29.201,0.9077,0.90758,2.22,1
13-08-2014,01:54:38.245,0.90771,0.90758,1.84,2.82
13-08-2014,01:54:38.346,0.90771,0.90758,1.09,2.89
13-08-2014,01:54:38.599,0.90771,0.9076,1,1.48
13-08-2014,01:54:39.106,0.90771,0.9076,1.1,1.38
13-08-2014,01:54:44.335,0.90771,0.9076,1.18,1.57
13-08-2014,01:54:44.866,0.90771,0.9076,1.18,1.57
13-08-2014,01:54:45.528,0.90771,0.90759,1.18,1.57
13-08-2014,01:54:54.402,0.90771,0.90759,1.65,1.57
13-08-2014,01:54:54.908,0.90771,0.9076,1.1,2.07
13-08-2014,01:54:55.587,0.90771,0.90761,1.1,1.19
13-08-2014,01:55:01.462,0.90771,0.9076,1.1,1.32
13-08-2014,01:55:03.693,0.90771,0.90759,1,1.74
13-08-2014,01:55:07.679,0.90771,0.9076,1,1.29
13-08-2014,01:55:09.726,0.90771,0.90759,1.1,1.39
13-08-2014,01:55:22.601,0.90771,0.90759,1.1,1.39
13-08-2014,01:55:24.522,0.90771,0.90759,1.1,1.39
13-08-2014,01:55:29.789,0.90772,0.90759,1.09,2.14
13-08-2014,01:55:30.294,0.90773,0.90761,2.52,1.2
13-08-2014,01:55:30.849,0.90773,0.90761,1.58,2.14
13-08-2014,01:55:31.826,0.90774,0.90761,3.72,1.39
13-08-2014,01:55:42.110,0.90774,0.90761,4.47,2.07
13-08-2014,01:55:42.620,0.90774,0.90762,4.47,1
13-08-2014,01:55:44.286,0.90774,0.90762,3.72,1.25
13-08-2014,01:55:44.836,0.90774,0.90762,4.47,1
13-08-2014,01:55:45.346,0.90774,0.90762,4.47,1
13-08-2014,01:55:45.893,0.90774,0.90762,4.47,1
13-08-2014,01:55:47.108,0.90768,0.9076,1,2.14
13-08-2014,01:55:47.361,0.90769,0.90759,1.1,1.25
13-08-2014,01:55:48.871,0.90771,0.90759,4.09,1
13-08-2014,01:55:49.326,0.90771,0.90761,2.59,1.5
13-08-2014,01:55:49.807,0.90773,0.90761,1.84,1.5
13-08-2014,01:55:51.343,0.90773,0.90761,1.77,1.69
13-08-2014,01:55:52.582,0.90773,0.90761,1.58,2.14
13-08-2014,01:55:53.099,0.90773,0.90761,1.84,2.07
13-08-2014,01:55:53.659,0.90773,0.90761,1.65,2.82
13-08-2014,01:55:54.733,0.90773,0.90762,1.84,1.38
13-08-2014,01:55:56.158,0.90773,0.90762,1.77,1.38
13-08-2014,01:55:57.869,0.90773,0.90762,1.77,1
13-08-2014,01:56:02.732,0.90773,0.90763,1.65,1
13-08-2014,01:56:03.245,0.90774,0.90762,2.59,1.32
13-08-2014,01:56:20.002,0.90774,0.90763,2.97,1
13-08-2014,01:56:21.438,0.90774,0.90762,1.47,1.69
13-08-2014,01:56:21.952,0.90774,0.90762,1.28,2.44
13-08-2014,01:56:22.753,0.90774,0.90762,1.47,2.07
13-08-2014,01:56:28.029,0.90774,0.90763,1.47,1
13-08-2014,01:56:28.555,0.90774,0.90763,1.47,1
13-08-2014,01:56:32.846,0.90774,0.90763,1.47,1
13-08-2014,01:56:33.365,0.90774,0.90763,1.47,1
13-08-2014,01:56:34.757,0.90774,0.90763,1.47,1
13-08-2014,01:56:35.297,0.90774,0.90763,1.47,1
13-08-2014,01:56:35.806,0.90774,0.90763,1.47,1
13-08-2014,01:56:40.507,0.90774,0.90763,1.47,1
13-08-2014,01:56:51.483,0.90775,0.90764,1.72,1
13-08-2014,01:56:52.016,0.90775,0.90764,1.72,1
13-08-2014,01:57:09.996,0.90775,0.90764,1.72,1
13-08-2014,01:57:10.545,0.90775,0.90764,1.72,1
13-08-2014,01:57:11.071,0.90775,0.90764,1.72,1
13-08-2014,01:57:12.498,0.90775,0.90762,1.72,1.69
13-08-2014,01:57:13.282,0.90775,0.90762,1.72,1.69
13-08-2014,01:57:13.815,0.90773,0.90762,1.39,1.5
13-08-2014,01:57:15.141,0.90773,0.90763,1.39,1
13-08-2014,01:57:15.654,0.90774,0.90763,1.27,1.5
13-08-2014,01:57:16.204,0.90774,0.90765,1.27,1
13-08-2014,01:57:16.714,0.90775,0.90764,1.47,1
13-08-2014,01:57:22.363,0.90775,0.90765,1.47,1
13-08-2014,01:57:26.120,0.90776,0.90764,3.72,1
13-08-2014,01:57:30.621,0.90776,0.90765,4.47,1
13-08-2014,01:57:38.207,0.90776,0.90765,4.47,1
13-08-2014,01:57:39.056,0.90775,0.90765,1.47,1
