Date,Time,Ask,Bid,AskVolume,BidVolume
13-08-2014,00:00:00.000,102.287,102.283,1,5.63
13-08-2014,00:00:00.766,102.287,102.284,1.5,1
13-08-2014,00:00:01.626,102.287,102.283,1,4.5
13-08-2014,00:00:04.421,102.286,102.283,1,1
13-08-2014,00:00:05.841,102.287,102.283,1.5,1
13-08-2014,00:00:07.836,102.285,102.283,1,1
13-08-2014,00:00:09.441,102.286,102.283,1,1
13-08-2014,00:00:14.224,102.286,102.282,1.5,4.88
13-08-2014,00:00:15.356,102.285,102.282,1,4.88
13-08-2014,00:00:15.661,102.283,102.281,1,1
13-08-2014,00:00:16.177,102.284,102.28,1,1.32
13-08-2014,00:00:18.354,102.283,102.28,1,1.13
13-08-2014,00:00:20.236,102.282,102.28,1,1
13-08-2014,00:00:20.759,102.282,102.279,4.5,1
13-08-2014,00:00:21.393,102.282,102.278,2.63,1.5
13-08-2014,00:00:21.960,102.281,102.278,1.5,1
13-08-2014,00:00:23.165,102.28,102.276,1,1.32
13-08-2014,00:00:23.681,102.279,102.276,3.75,1.32
13-08-2014,00:00:24.937,102.278,102.275,1,1.13
13-08-2014,00:00:25.442,102.277,102.274,3.75,2.44
13-08-2014,00:00:25.694,102.276,102.273,1.5,1
13-08-2014,00:00:26.199,102.276,102.272,2.44,1
13-08-2014,00:00:26.249,102.274,102.271,1,2.44
13-08-2014,00:00:26.753,102.272,102.27,3.75,1.69
13-08-2014,00:00:26.854,102.271,102.268,3.75,1.69
13-08-2014,00:00:27.459,102.27,102.266,1,1.5
13-08-2014,00:00:27.560,102.268,102.266,1,1
13-08-2014,00:00:29.349,102.268,102.266,1,1.69
13-08-2014,00:00:29.501,102.272,102.268,4.5,1.5
13-08-2014,00:00:30.005,102.271,102.267,6,1.25
13-08-2014,00:00:30.358,102.268,102.265,3.75,2.44
13-08-2014,00:00:30.862,102.267,102.264,5.25,1.19
13-08-2014,00:00:31.367,102.265,102.264,1,1
13-08-2014,00:00:31.670,102.267,102.264,4.5,1.19
13-08-2014,00:00:31.771,102.267,102.262,4.69,2.44
13-08-2014,00:00:32.124,102.265,102.262,1,2.44
13-08-2014,00:00:32.326,102.267,102.262,4.69,3.19
13-08-2014,00:00:35.696,102.267,102.262,1,3.19
13-08-2014,00:00:36.201,102.268,102.264,3.19,1
13-08-2014,00:00:36.503,102.268,102.267,2.44,1
13-08-2014,00:00:37.008,102.268,102.266,1.25,1.5
13-08-2014,00:00:37.058,102.27,102.267,1.5,1
13-08-2014,00:00:39.260,102.27,102.268,1,1
13-08-2014,00:00:39.789,102.271,102.268,1,2.44
13-08-2014,00:00:40.566,102.272,102.268,1,3.19
13-08-2014,00:00:41.977,102.271,102.268,1,3.94
13-08-2014,00:00:42.492,102.27,102.268,1,1.69
13-08-2014,00:00:48.516,102.269,102.268,4.5,1
13-08-2014,00:00:49.222,102.269,102.266,4.5,1
13-08-2014,00:00:49.726,102.269,102.265,5.25,1.25
13-08-2014,00:00:51.223,102.269,102.264,5.44,2.44
13-08-2014,00:00:53.190,102.269,102.264,5.25,3.19
13-08-2014,00:00:53.492,102.269,102.267,1.5,1
13-08-2014,00:00:53.997,102.27,102.266,6.38,1.25
13-08-2014,00:00:54.652,102.269,102.266,1,1.25
13-08-2014,00:00:56.888,102.267,102.266,3.75,1
13-08-2014,00:00:56.989,102.267,102.264,3.75,1.5
13-08-2014,00:00:57.997,102.268,102.264,7.69,1.5
13-08-2014,00:01:01.481,102.268,102.265,1,1
13-08-2014,00:01:01.986,102.269,102.265,1.69,2.25
13-08-2014,00:01:04.430,102.269,102.266,1,1
13-08-2014,00:01:04.941,102.27,102.266,6,1.25
13-08-2014,00:01:05.446,102.269,102.265,1,4.69
13-08-2014,00:01:05.954,102.268,102.265,6,1.5
13-08-2014,00:01:06.887,102.267,102.265,1.5,1
13-08-2014,00:01:07.447,102.266,102.264,1,1
13-08-2014,00:01:09.506,102.266,102.262,1,2.44
13-08-2014,00:01:10.162,102.266,102.262,1,2.44
13-08-2014,00:01:11.883,102.264,102.262,1,1.69
13-08-2014,00:01:17.087,102.264,102.263,1,1
13-08-2014,00:01:19.234,102.267,102.263,2.44,1
13-08-2014,00:01:20.470,102.267,102.262,2.44,1.69
13-08-2014,00:01:21.171,102.267,102.263,1.69,1
13-08-2014,00:01:21.699,102.267,102.264,1.25,1
13-08-2014,00:01:22.412,102.268,102.264,3.19,1.5
13-08-2014,00:01:27.158,102.268,102.264,2.82,1.5
13-08-2014,00:01:32.283,102.267,102.263,1.32,1.5
13-08-2014,00:01:32.815,102.267,102.262,5.82,2.44
13-08-2014,00:01:35.336,102.267,102.264,1.69,1
13-08-2014,00:01:38.241,102.268,102.264,3.19,1
13-08-2014,00:01:39.606,102.268,102.264,3.19,1
13-08-2014,00:01:42.015,102.268,102.264,2.44,1
13-08-2014,00:01:43.787,102.267,102.264,1,1
13-08-2014,00:01:44.292,102.267,102.263,2.44,1
13-08-2014,00:01:45.876,102.267,102.262,3.57,1.69
13-08-2014,00:01:48.792,102.267,102.263,3.57,3.75
13-08-2014,00:01:49.095,102.268,102.265,1,1
13-08-2014,00:01:49.836,102.269,102.266,1.32,1
13-08-2014,00:01:50.541,102.27,102.266,7.69,1
13-08-2014,00:01:59.237,102.27,102.265,5.44,2.44
13-08-2014,00:01:59.742,102.27,102.266,5.44,1
13-08-2014,00:02:04.599,102.27,102.267,3.75,1
13-08-2014,00:02:05.103,102.271,102.268,1.25,2.25
13-08-2014,00:02:05.609,102.272,102.268,1,2.25
13-08-2014,00:02:09.445,102.272,102.269,1,1
13-08-2014,00:02:10.253,102.272,102.268,1,3
13-08-2014,00:02:10.555,102.273,102.27,4.88,1
13-08-2014,00:02:16.710,102.274,102.27,5.44,2.25
13-08-2014,00:02:17.012,102.275,102.272,1.69,2.25
13-08-2014,00:02:17.315,102.276,102.273,2.25,1
13-08-2014,00:02:20.469,102.276,102.274,1,1
13-08-2014,00:02:20.570,102.278,102.275,2.44,1
13-08-2014,00:02:23.624,102.279,102.275,6.94,1
13-08-2014,00:02:24.293,102.279,102.277,5.44,1
13-08-2014,00:02:24.747,102.281,102.277,6.19,1
13-08-2014,00:02:24.999,102.279,102.277,1,1
13-08-2014,00:02:27.859,102.281,102.277,5.44,1
13-08-2014,00:02:28.514,102.279,102.277,1,1
13-08-2014,00:02:30.570,102.28,102.277,1.25,1
13-08-2014,00:02:31.792,102.281,102.277,5.82,1
13-08-2014,00:02:32.518,102.281,102.277,9.94,1
13-08-2014,00:02:33.536,102.279,102.277,1,1
13-08-2014,00:02:36.660,102.281,102.277,10.69,1
13-08-2014,00:02:37.571,102.281,102.277,6.57,1
13-08-2014,00:02:41.718,102.28,102.277,1,1
13-08-2014,00:02:42.234,102.281,102.277,5.82,1
13-08-2014,00:02:42.745,102.281,102.277,6.57,1
13-08-2014,00:02:43.519,102.281,102.277,7.69,1
13-08-2014,00:02:44.023,102.279,102.277,1,1
13-08-2014,00:02:44.124,102.281,102.277,6.94,1
13-08-2014,00:03:01.015,102.281,102.278,1.5,1
13-08-2014,00:03:03.070,102.282,102.279,6.19,1
13-08-2014,00:03:03.272,102.282,102.281,1,3.75
13-08-2014,00:03:03.373,102.285,102.282,1.25,1
13-08-2014,00:03:03.777,102.287,102.283,2.44,4.5
13-08-2014,00:03:04.571,102.287,102.284,1.5,1
13-08-2014,00:03:05.553,102.286,102.284,1,1
13-08-2014,00:03:06.059,102.286,102.283,1,5.44
13-08-2014,00:03:06.570,102.286,102.283,1,6.94
13-08-2014,00:03:07.644,102.286,102.283,1,7.32
13-08-2014,00:03:12.252,102.286,102.284,1,1
13-08-2014,00:03:12.757,102.286,102.283,1,4.69
13-08-2014,00:03:16.253,102.286,102.284,1,1
13-08-2014,00:03:16.756,102.286,102.283,1,6.57
13-08-2014,00:03:18.296,102.287,102.283,1,6.57
13-08-2014,00:03:24.280,102.288,102.284,2.44,1
13-08-2014,00:03:26.810,102.288,102.284,3.19,1
13-08-2014,00:03:29.341,102.288,102.284,3.19,1
13-08-2014,00:03:32.741,102.288,102.285,1.69,1
13-08-2014,00:03:38.689,102.289,102.286,7.69,1
13-08-2014,00:03:45.399,102.29,102.286,5.44,1
13-08-2014,00:03:46.329,102.289,102.286,1.25,1
13-08-2014,00:03:50.370,102.29,102.286,6.94,1
13-08-2014,00:03:52.431,102.291,102.289,1,1
13-08-2014,00:03:52.532,102.293,102.29,1.5,1
13-08-2014,00:03:54.163,102.294,102.29,1,2.44
13-08-2014,00:03:54.675,102.293,102.289,2.25,1
13-08-2014,00:03:55.188,102.292,102.289,1,1
13-08-2014,00:03:55.805,102.293,102.29,4.5,1.5
13-08-2014,00:03:56.308,102.294,102.291,1.5,1
13-08-2014,00:03:56.813,102.295,102.291,6,1
13-08-2014,00:03:57.316,102.294,102.291,1,1
13-08-2014,00:03:58.011,102.295,102.291,1.5,1
13-08-2014,00:03:59.340,102.295,102.291,6.57,1
13-08-2014,00:03:59.847,102.295,102.291,1.13,1.5
13-08-2014,00:04:03.074,102.295,102.291,3,1.69
13-08-2014,00:04:04.415,102.294,102.291,1,1
13-08-2014,00:04:04.616,102.296,102.291,3.57,1
13-08-2014,00:04:06.150,102.296,102.291,3.57,1
13-08-2014,00:04:12.707,102.293,102.291,1,1
13-08-2014,00:04:12.959,102.295,102.291,1.32,1.5
13-08-2014,00:04:14.463,102.296,102.291,3.57,1.5
13-08-2014,00:04:15.468,102.296,102.291,3.94,1.5
13-08-2014,00:04:19.347,102.296,102.292,5.44,1
13-08-2014,00:04:20.389,102.294,102.292,1,1
13-08-2014,00:04:20.891,102.295,102.291,2.07,2.25
13-08-2014,00:04:27.558,102.294,102.291,3.75,1
13-08-2014,00:04:31.364,102.294,102.29,5.44,1
13-08-2014,00:04:32.208,102.294,102.29,5.82,1
13-08-2014,00:04:32.460,102.291,102.288,1,2.25
13-08-2014,00:04:33.204,102.29,102.288,1,1
13-08-2014,00:04:33.608,102.29,102.286,1,1.5
13-08-2014,00:04:42.588,102.289,102.286,1,1.5
13-08-2014,00:04:42.638,102.287,102.286,1,1
13-08-2014,00:04:42.739,102.289,102.286,1,1
13-08-2014,00:04:43.243,102.29,102.287,5.44,1
13-08-2014,00:04:51.132,102.289,102.286,1,1.5
13-08-2014,00:04:51.235,102.29,102.288,4.5,1
13-08-2014,00:04:51.689,102.294,102.29,2.25,1
13-08-2014,00:04:51.891,102.294,102.292,1,1
13-08-2014,00:04:52.396,102.295,102.293,1,1
13-08-2014,00:04:53.657,102.297,102.293,3.19,1
13-08-2014,00:04:54.164,102.295,102.293,1,1
13-08-2014,00:04:56.381,102.297,102.294,3.19,1
13-08-2014,00:04:56.884,102.297,102.294,1,1.5
13-08-2014,00:04:57.187,102.299,102.296,1.69,1
13-08-2014,00:04:57.891,102.299,102.296,1.69,1
13-08-2014,00:04:59.022,102.298,102.294,1,3.19
13-08-2014,00:04:59.073,102.296,102.294,1,3.19
13-08-2014,00:04:59.174,102.298,102.294,1.5,1.69
13-08-2014,00:05:05.113,102.298,102.295,1.69,1
13-08-2014,00:05:06.332,102.299,102.295,1.69,1
13-08-2014,00:05:16.734,102.299,102.296,1,1
13-08-2014,00:05:17.188,102.301,102.298,1.5,1
13-08-2014,00:05:17.238,102.301,102.299,1.5,4.75
13-08-2014,00:05:17.340,102.304,102.3,3.19,2.25
13-08-2014,00:05:17.592,102.304,102.302,1,3.75
13-08-2014,00:05:18.661,102.305,102.302,1,5.25
13-08-2014,00:05:19.167,102.306,102.302,1.5,5.44
13-08-2014,00:05:19.686,102.305,102.302,1,5.44
13-08-2014,00:05:20.202,102.306,102.302,1.5,1.69
13-08-2014,00:05:21.016,102.304,102.302,1.5,1.5
13-08-2014,00:05:21.168,102.304,102.3,1.5,4.69
13-08-2014,00:05:21.571,102.302,102.299,1,2.44
13-08-2014,00:05:22.103,102.302,102.298,2.44,4.5
13-08-2014,00:05:25.093,102.301,102.298,2.25,1
13-08-2014,00:05:28.673,102.302,102.298,2.44,1
13-08-2014,00:05:29.177,102.302,102.299,2.44,1
13-08-2014,00:05:30.469,102.303,102.301,1,1
13-08-2014,00:05:30.520,102.304,102.301,1.5,1
13-08-2014,00:05:30.823,102.306,102.302,3,1.69
13-08-2014,00:05:31.327,102.306,102.303,2.25,1
13-08-2014,00:05:31.832,102.306,102.302,1.5,1.25
13-08-2014,00:05:33.799,102.305,102.302,1,1.5
13-08-2014,00:05:42.160,102.306,102.302,3.94,1.5
13-08-2014,00:05:46.945,102.305,102.302,1,1
13-08-2014,00:05:48.175,102.305,102.301,1.5,1.25
13-08-2014,00:05:48.780,102.305,102.3,2.44,6.19
13-08-2014,00:05:49.284,102.304,102.3,1,5.44
13-08-2014,00:05:50.831,102.304,102.301,1,1
13-08-2014,00:05:51.722,102.304,102.3,1,6.19
13-08-2014,00:06:01.170,102.303,102.3,1,1.25
13-08-2014,00:06:01.422,102.301,102.3,1,1.25
13-08-2014,00:06:02.062,102.301,102.299,1,1
13-08-2014,00:06:14.530,102.302,102.299,2.44,1.5
13-08-2014,00:06:15.195,102.301,102.299,1.5,1
13-08-2014,00:06:15.296,102.301,102.297,2.25,1.5
13-08-2014,00:06:16.826,102.3,102.297,1,1
13-08-2014,00:06:17.078,102.298,102.297,3.75,1
13-08-2014,00:06:17.129,102.297,102.294,2.63,1
13-08-2014,00:06:17.645,102.298,102.294,2.25,1.5
13-08-2014,00:06:18.330,102.298,102.294,2.44,1.5
13-08-2014,00:06:23.257,102.299,102.296,2.44,1
13-08-2014,00:06:24.741,102.299,102.296,1.32,1
13-08-2014,00:06:25.414,102.299,102.297,1.32,1
13-08-2014,00:06:25.565,102.303,102.299,1,2.25
13-08-2014,00:06:26.084,102.304,102.299,1.5,1.5
13-08-2014,00:06:29.033,102.304,102.299,2.44,2.25
13-08-2014,00:06:29.436,102.3,102.299,1,1
13-08-2014,00:06:29.487,102.3,102.296,1,2.25
13-08-2014,00:06:40.166,102.3,102.297,1,1
13-08-2014,00:06:41.936,102.301,102.297,5.25,2.44
13-08-2014,00:06:46.750,102.301,102.299,1,1
13-08-2014,00:06:47.103,102.303,102.3,1,2.44
13-08-2014,00:06:47.304,102.306,102.303,3.94,1
13-08-2014,00:06:47.608,102.306,102.305,1,1
13-08-2014,00:06:47.911,102.308,102.306,1.5,1
13-08-2014,00:06:48.467,102.31,102.307,3.75,1.5
13-08-2014,00:06:49.032,102.311,102.307,6,1
13-08-2014,00:06:49.536,102.311,102.308,1.5,1
13-08-2014,00:06:49.940,102.313,102.31,6,1.25
13-08-2014,00:06:50.192,102.315,102.311,5.25,2.44
13-08-2014,00:06:50.344,102.317,102.313,6.75,3.19
13-08-2014,00:06:50.646,102.313,102.309,5.25,2.44
13-08-2014,00:06:50.697,102.314,102.31,3.75,1
13-08-2014,00:06:50.900,102.314,102.308,3.75,6.75
13-08-2014,00:06:51.566,102.314,102.308,3.94,7.69
13-08-2014,00:06:52.596,102.312,102.308,1,4.69
13-08-2014,00:06:52.953,102.31,102.308,1,1.5
13-08-2014,00:06:53.480,102.31,102.307,1,1
13-08-2014,00:06:56.139,102.31,102.308,1,1
13-08-2014,00:06:56.291,102.312,102.309,1,2.25
13-08-2014,00:06:56.787,102.313,102.311,1.13,1
13-08-2014,00:06:57.302,102.314,102.311,5.25,1
13-08-2014,00:06:58.600,102.313,102.311,1,1
13-08-2014,00:06:59.112,102.313,102.309,2.25,1.5
13-08-2014,00:07:00.399,102.313,102.311,1,1
13-08-2014,00:07:00.702,102.315,102.311,2.82,1.5
13-08-2014,00:07:05.793,102.315,102.311,2.25,3.19
13-08-2014,00:07:05.844,102.315,102.313,2.25,1.5
13-08-2014,00:07:05.996,102.317,102.314,1,2.63
13-08-2014,00:07:06.249,102.315,102.313,1,1
13-08-2014,00:07:06.401,102.314,102.31,1,3.19
13-08-2014,00:07:06.924,102.314,102.31,1,1.69
13-08-2014,00:07:07.838,102.311,102.309,1,1.25
13-08-2014,00:07:08.342,102.311,102.308,1,2.44
13-08-2014,00:07:09.943,102.311,102.307,1,2.44
13-08-2014,00:07:11.696,102.311,102.308,1,1
13-08-2014,00:07:12.200,102.311,102.307,1,2.44
13-08-2014,00:07:16.002,102.31,102.307,1,2.44
13-08-2014,00:07:17.293,102.309,102.306,1,1.25
13-08-2014,00:07:17.813,102.309,102.305,1,6.94
13-08-2014,00:07:34.306,102.307,102.304,1,5.63
13-08-2014,00:07:34.608,102.305,102.302,1.13,3.75
13-08-2014,00:07:34.911,102.303,102.299,2.25,1.5
13-08-2014,00:07:42.178,102.303,102.3,1,1
13-08-2014,00:07:42.683,102.303,102.299,3,1.5
13-08-2014,00:07:43.692,102.302,102.299,1,1.5
13-08-2014,00:07:49.647,102.303,102.3,1,3.75
13-08-2014,00:07:50.151,102.304,102.3,3.19,5.25
13-08-2014,00:07:58.978,102.303,102.3,1,1
13-08-2014,00:07:59.230,102.302,102.298,1,2.25
13-08-2014,00:07:59.734,102.301,102.297,1,7.5
13-08-2014,00:08:01.054,102.3,102.297,1,6
13-08-2014,00:08:03.579,102.301,102.297,1.69,2.25
13-08-2014,00:08:10.588,102.3,102.297,1,1
13-08-2014,00:08:11.092,102.299,102.296,1,6.75
13-08-2014,00:08:16.372,102.299,102.295,1.5,6.57
13-08-2014,00:08:25.989,102.295,102.294,1,1
13-08-2014,00:08:26.090,102.294,102.293,1,1
13-08-2014,00:08:26.141,102.294,102.291,1,6.75
13-08-2014,00:08:27.435,102.295,102.292,3.38,1
13-08-2014,00:08:33.994,102.296,102.292,1,1.5
13-08-2014,00:08:34.497,102.296,102.293,1,1
13-08-2014,00:08:46.264,102.296,102.292,1,4.32
13-08-2014,00:08:48.917,102.295,102.292,1.5,1.69
13-08-2014,00:08:49.572,102.294,102.29,1,5.44
13-08-2014,00:08:49.673,102.294,102.29,1,5.44
13-08-2014,00:08:50.177,102.293,102.29,1.5,4.5
13-08-2014,00:08:50.329,102.291,102.289,1,3.94
13-08-2014,00:08:50.833,102.292,102.289,1.5,3.94
13-08-2014,00:08:51.338,102.292,102.288,1.5,1.69
13-08-2014,00:08:52.358,102.292,102.289,1.5,3.75
13-08-2014,00:08:52.865,102.291,102.289,1,3.75
13-08-2014,00:08:53.369,102.292,102.289,1,3.75
13-08-2014,00:08:53.873,102.291,102.289,1,3.75
13-08-2014,00:08:55.295,102.29,102.289,1,3.75
13-08-2014,00:08:55.446,102.29,102.287,2.25,2.25
13-08-2014,00:08:55.950,102.289,102.286,1,1
13-08-2014,00:09:16.759,102.289,102.284,3.19,3.57
13-08-2014,00:09:24.847,102.289,102.284,1.5,2.82
13-08-2014,00:09:27.704,102.289,102.286,1,1
13-08-2014,00:09:36.652,102.288,102.286,1,1
13-08-2014,00:09:37.624,102.288,102.287,1,1
13-08-2014,00:09:38.030,102.29,102.287,3.19,1
13-08-2014,00:09:38.185,102.288,102.287,1,1
13-08-2014,00:09:38.694,102.289,102.286,1,1.25
13-08-2014,00:09:39.739,102.288,102.286,1,1
13-08-2014,00:09:48.270,102.288,102.285,1,1.69
13-08-2014,00:10:07.029,102.286,102.284,1,2.44
13-08-2014,00:10:07.331,102.285,102.282,1,4.5
13-08-2014,00:10:07.846,102.285,102.281,1.5,5.44
13-08-2014,00:10:13.188,102.285,102.282,2.44,3.75
13-08-2014,00:10:28.852,102.285,102.283,1.13,1
13-08-2014,00:10:37.426,102.286,102.283,1,1.25
13-08-2014,00:10:39.626,102.286,102.284,1,1
13-08-2014,00:10:40.140,102.287,102.284,2.44,5.25
13-08-2014,00:10:40.242,102.289,102.284,5.63,6.75
13-08-2014,00:10:40.444,102.29,102.286,3,1
13-08-2014,00:10:40.747,102.292,102.29,1,1.5
13-08-2014,00:10:42.461,102.29,102.288,1,2.44
13-08-2014,00:10:42.965,102.29,102.288,4.5,1
13-08-2014,00:10:43.469,102.289,102.287,1,2.25
13-08-2014,00:10:44.018,102.29,102.287,5.44,3
13-08-2014,00:10:45.194,102.292,102.288,1,1.13
13-08-2014,00:10:45.245,102.292,102.29,1,1
13-08-2014,00:10:46.152,102.293,102.29,2.44,1
13-08-2014,00:10:49.745,102.294,102.29,2.44,2.44
13-08-2014,00:10:56.290,102.293,102.29,1.5,5.44
13-08-2014,00:10:56.593,102.29,102.287,2.25,1.69
13-08-2014,00:10:57.148,102.29,102.287,1.5,4.5
13-08-2014,00:10:59.293,102.29,102.288,1.25,1
13-08-2014,00:11:19.946,102.29,102.287,1.5,5.25
13-08-2014,00:11:23.571,102.29,102.287,1.5,5.44
13-08-2014,00:11:24.112,102.29,102.287,1.5,4.5
13-08-2014,00:11:26.544,102.29,102.286,1.5,2.44
13-08-2014,00:11:27.049,102.289,102.286,1,1.69
13-08-2014,00:11:34.492,102.288,102.286,3.75,1.5
13-08-2014,00:11:34.998,102.287,102.285,2.25,1.25
13-08-2014,00:11:35.541,102.286,102.283,1,5.44
13-08-2014,00:11:49.093,102.285,102.283,1,1
13-08-2014,00:11:49.395,102.285,102.281,3.19,1.25
13-08-2014,00:11:49.446,102.283,102.281,1,1.25
13-08-2014,00:12:09.200,102.284,102.281,1.25,1.5
13-08-2014,00:12:09.502,102.285,102.283,2.07,1
13-08-2014,00:12:10.359,102.285,102.283,1,1
13-08-2014,00:12:19.251,102.285,102.282,1.88,3.75
13-08-2014,00:12:21.701,102.286,102.282,2.25,1
13-08-2014,00:12:24.531,102.287,102.284,2.25,4.5
13-08-2014,00:12:25.035,102.288,102.285,1.25,1.13
13-08-2014,00:12:25.338,102.289,102.287,1,1.13
13-08-2014,00:12:25.489,102.291,102.287,1.5,5.63
13-08-2014,00:12:25.641,102.291,102.289,1,1
13-08-2014,00:12:26.145,102.29,102.287,1,3.75
13-08-2014,00:12:26.648,102.29,102.289,1.25,1
13-08-2014,00:12:26.951,102.291,102.287,2.07,4.69
13-08-2014,00:12:27.477,102.291,102.287,2.82,3.75
13-08-2014,00:12:28.023,102.291,102.287,2.82,4.69
13-08-2014,00:12:29.913,102.291,102.287,2.82,3.75
13-08-2014,00:12:31.867,102.289,102.287,1,3.75
13-08-2014,00:12:35.739,102.291,102.287,3.19,5.25
13-08-2014,00:12:37.099,102.29,102.289,1.25,4.5
13-08-2014,00:12:37.604,102.292,102.29,1.5,1
13-08-2014,00:12:37.907,102.293,102.291,1,6
13-08-2014,00:12:38.361,102.293,102.291,1,6.94
13-08-2014,00:12:47.435,102.293,102.292,1,3.75
13-08-2014,00:12:53.879,102.293,102.29,1,4.69
13-08-2014,00:12:54.232,102.291,102.289,1,2.25
13-08-2014,00:12:54.434,102.29,102.287,1,6.94
13-08-2014,00:12:55.197,102.29,102.287,1,5.44
13-08-2014,00:12:56.402,102.29,102.288,1,1
13-08-2014,00:12:57.524,102.29,102.287,1,6.19
13-08-2014,00:13:06.613,102.29,102.287,1,5.44
13-08-2014,00:13:06.764,102.292,102.29,1,1
13-08-2014,00:13:07.285,102.294,102.29,3.19,1.5
13-08-2014,00:13:07.852,102.293,102.29,1,1.25
13-08-2014,00:13:08.925,102.294,102.29,6.94,1
13-08-2014,00:13:17.145,102.293,102.29,1,1.25
13-08-2014,00:13:17.297,102.291,102.29,1,1
13-08-2014,00:13:17.550,102.29,102.288,2.25,1.25
13-08-2014,00:13:17.902,102.292,102.288,3,1.25
13-08-2014,00:13:18.205,102.293,102.289,2.25,2.44
13-08-2014,00:13:19.213,102.293,102.289,1,7.69
13-08-2014,00:13:26.058,102.293,102.29,2.25,1.25
13-08-2014,00:13:28.573,102.293,102.289,6,2.25
13-08-2014,00:13:28.875,102.291,102.288,1.5,1.13
13-08-2014,00:13:29.449,102.291,102.287,5.25,2.44
13-08-2014,00:13:33.079,102.29,102.287,1,1.69
13-08-2014,00:13:33.382,102.287,102.285,5.25,1.13
13-08-2014,00:13:33.584,102.286,102.283,1,1.5
13-08-2014,00:13:34.145,102.286,102.282,4.69,4.32
13-08-2014,00:13:43.065,102.286,102.283,1,4.5
13-08-2014,00:13:43.468,102.288,102.284,4.69,3.19
13-08-2014,00:13:43.972,102.288,102.285,4.69,1.13
13-08-2014,00:13:44.813,102.287,102.285,1,1.25
13-08-2014,00:13:45.484,102.287,102.284,1,2.44
13-08-2014,00:13:46.448,102.287,102.283,6.94,2.07
13-08-2014,00:13:47.707,102.287,102.284,1.69,1
13-08-2014,00:13:48.536,102.287,102.285,5.25,1
13-08-2014,00:13:50.962,102.287,102.284,6.94,1
13-08-2014,00:13:51.479,102.287,102.283,7.69,1.69
13-08-2014,00:13:52.499,102.286,102.283,3.75,1.69
13-08-2014,00:13:54.031,102.286,102.284,3.94,1.5
13-08-2014,00:13:54.630,102.287,102.284,1.25,1.5
13-08-2014,00:13:56.807,102.287,102.283,6.19,1.69
13-08-2014,00:13:57.311,102.286,102.283,4.5,1.25
13-08-2014,00:14:00.652,102.287,102.283,1.69,1.5
13-08-2014,00:14:03.671,102.285,102.282,1,8.44
13-08-2014,00:14:06.246,102.285,102.283,1,1.25
13-08-2014,00:14:06.398,102.288,102.284,1.69,1
13-08-2014,00:14:06.952,102.288,102.284,1.69,4.5
13-08-2014,00:14:07.607,102.287,102.283,1.25,3.94
13-08-2014,00:14:08.111,102.289,102.284,4.69,2.44
13-08-2014,00:14:08.213,102.289,102.286,3.94,1
13-08-2014,00:14:08.365,102.29,102.286,1.5,3.94
13-08-2014,00:14:08.567,102.292,102.288,1,6.19
13-08-2014,00:14:09.071,102.292,102.288,1,6.19
13-08-2014,00:14:12.329,102.293,102.289,2.44,1.69
13-08-2014,00:14:12.838,102.293,102.29,1.5,1.25
13-08-2014,00:14:14.793,102.292,102.29,1,1.25
13-08-2014,00:14:14.945,102.29,102.288,3.75,1.5
13-08-2014,00:14:15.197,102.288,102.285,1,4.5
13-08-2014,00:14:18.080,102.288,102.286,1,1
13-08-2014,00:14:18.131,102.289,102.288,1,1
13-08-2014,00:14:18.232,102.291,102.287,3,1
13-08-2014,00:14:18.786,102.291,102.286,3.75,6.94
13-08-2014,00:14:19.139,102.289,102.286,1,6.19
13-08-2014,00:14:31.809,102.289,102.285,1.25,6.94
13-08-2014,00:14:32.212,102.29,102.287,3.57,3.75
13-08-2014,00:14:32.716,102.29,102.287,2.07,3.75
13-08-2014,00:14:33.861,102.29,102.286,2.07,4.69
13-08-2014,00:14:35.926,102.289,102.286,1,4.69
13-08-2014,00:14:36.430,102.29,102.286,2.07,5.44
13-08-2014,00:14:39.200,102.289,102.286,1,4.5
13-08-2014,00:14:41.560,102.289,102.285,1,2.44
13-08-2014,00:14:42.065,102.288,102.285,1,1.69
13-08-2014,00:14:52.376,102.287,102.284,1,3.19
13-08-2014,00:15:10.419,102.287,102.284,1,5.44
13-08-2014,00:15:12.454,102.287,102.284,1,6.19
13-08-2014,00:15:13.160,102.288,102.284,1.25,5.44
13-08-2014,00:15:14.699,102.286,102.283,1,3.94
13-08-2014,00:15:14.800,102.286,102.282,1,2.44
13-08-2014,00:15:15.314,102.285,102.282,1,1.69
13-08-2014,00:15:19.630,102.286,102.282,1.69,6.19
13-08-2014,00:15:20.408,102.286,102.283,1.69,1
13-08-2014,00:15:31.887,102.286,102.282,1.25,6.19
13-08-2014,00:15:34.933,102.285,102.282,1,5.44
13-08-2014,00:16:08.781,102.286,102.282,1,5.25
13-08-2014,00:16:09.295,102.286,102.282,1,6.19
13-08-2014,00:16:09.935,102.286,102.282,1,5.25
13-08-2014,00:16:10.478,102.286,102.283,1,1
13-08-2014,00:16:10.982,102.286,102.284,1,1
13-08-2014,00:16:12.991,102.286,102.283,1,4.69
13-08-2014,00:16:15.853,102.286,102.282,1,2.44
13-08-2014,00:16:16.357,102.286,102.283,1,1
13-08-2014,00:16:16.867,102.285,102.282,1,1.25
13-08-2014,00:16:24.048,102.285,102.281,1,8.44
13-08-2014,00:16:25.967,102.285,102.282,1,1
13-08-2014,00:16:28.064,102.285,102.281,2.07,7.69
13-08-2014,00:16:34.147,102.285,102.282,1,1.25
13-08-2014,00:16:43.484,102.285,102.283,1,1
13-08-2014,00:16:44.495,102.286,102.283,1.69,1
13-08-2014,00:16:57.395,102.287,102.285,1.25,1
13-08-2014,00:16:57.597,102.29,102.286,1.69,2.82
13-08-2014,00:16:57.698,102.29,102.288,2.44,1
13-08-2014,00:16:58.052,102.291,102.29,1.25,1.5
13-08-2014,00:16:58.557,102.292,102.29,1,2.07
13-08-2014,00:16:58.658,102.294,102.29,2.44,6.57
13-08-2014,00:16:59.061,102.295,102.292,1.25,3.75
13-08-2014,00:16:59.566,102.296,102.292,3.19,6.19
13-08-2014,00:17:01.729,102.296,102.293,2.44,3.75
13-08-2014,00:17:04.813,102.296,102.292,2.44,8.07
13-08-2014,00:17:07.176,102.296,102.292,2.25,7.5
13-08-2014,00:17:09.590,102.296,102.292,2.25,7.5
13-08-2014,00:17:12.147,102.296,102.293,2.25,1
13-08-2014,00:17:12.302,102.299,102.295,3.57,1.5
13-08-2014,00:17:12.352,102.299,102.297,1.88,1.69
13-08-2014,00:17:12.555,102.302,102.299,1,1.5
13-08-2014,00:17:13.061,102.303,102.3,1,1.25
13-08-2014,00:17:17.435,102.303,102.299,1,6.19
13-08-2014,00:17:17.636,102.303,102.3,1.5,1.19
13-08-2014,00:17:18.040,102.301,102.299,1,1
13-08-2014,00:17:18.192,102.3,102.297,1.25,1
13-08-2014,00:17:18.696,102.299,102.297,1,4.5
13-08-2014,00:17:22.371,102.299,102.298,1,3.75
13-08-2014,00:17:22.472,102.301,102.299,1.5,1.5
13-08-2014,00:17:22.573,102.303,102.299,1.69,2.44
13-08-2014,00:17:23.091,102.303,102.3,1,3.75
13-08-2014,00:17:23.856,102.303,102.302,1,1
13-08-2014,00:17:24.007,102.305,102.302,1.69,1
13-08-2014,00:17:26.317,102.305,102.301,2.44,5.25
13-08-2014,00:17:26.368,102.302,102.299,1,5.25
13-08-2014,00:17:26.721,102.3,102.297,1,1.69
13-08-2014,00:17:37.892,102.298,102.297,1,1
13-08-2014,00:17:38.396,102.298,102.295,1.5,1.19
13-08-2014,00:17:38.920,102.298,102.294,1.5,7.69
13-08-2014,00:17:43.544,102.296,102.294,1,2.44
13-08-2014,00:17:43.745,102.294,102.291,1,2.44
13-08-2014,00:17:44.048,102.292,102.289,1,2.44
13-08-2014,00:17:44.922,102.292,102.289,1,2.44
13-08-2014,00:17:45.943,102.294,102.289,2.44,3.94
13-08-2014,00:17:52.330,102.291,102.289,1,2.63
13-08-2014,00:17:52.381,102.29,102.286,3.25,8.44
13-08-2014,00:17:52.894,102.289,102.286,1.5,5.44
13-08-2014,00:17:53.460,102.289,102.286,1,6.94
13-08-2014,00:17:53.999,102.29,102.286,1,6.94
13-08-2014,00:17:55.591,102.291,102.287,3.94,1.25
13-08-2014,00:17:55.692,102.291,102.289,1.69,1
13-08-2014,00:17:56.045,102.293,102.289,1.5,7.69
13-08-2014,00:17:58.818,102.292,102.289,1,2.44
13-08-2014,00:17:58.919,102.293,102.289,1,6.94
13-08-2014,00:17:59.121,102.29,102.289,1,1.5
13-08-2014,00:17:59.425,102.289,102.286,1,1.25
13-08-2014,00:17:59.930,102.289,102.287,1,1
13-08-2014,00:18:00.737,102.29,102.287,1,1.5
13-08-2014,00:18:01.141,102.291,102.289,1.5,1
13-08-2014,00:18:01.646,102.293,102.29,4.88,1
13-08-2014,00:18:03.209,102.294,102.291,3.19,1
13-08-2014,00:18:32.587,102.294,102.292,1,4.5
13-08-2014,00:18:32.890,102.296,102.292,1.32,7.5
13-08-2014,00:18:37.716,102.294,102.292,1,7.5
13-08-2014,00:18:38.229,102.294,102.291,1,1.69
13-08-2014,00:18:38.738,102.295,102.292,1.5,4.5
13-08-2014,00:18:41.129,102.295,102.294,1.5,3.75
13-08-2014,00:18:41.280,102.299,102.294,2.25,5.25
13-08-2014,00:18:41.583,102.3,102.295,3.57,6.94
13-08-2014,00:18:42.097,102.3,102.297,3.57,1.5
13-08-2014,00:18:45.725,102.299,102.297,2.44,6
13-08-2014,00:18:46.430,102.301,102.298,1,5.25
13-08-2014,00:18:46.956,102.3,102.298,2.44,1
13-08-2014,00:18:47.058,102.3,102.297,2.44,2.25
13-08-2014,00:18:47.768,102.299,102.297,1.25,1.5
13-08-2014,00:18:48.293,102.3,102.297,1.25,1.5
13-08-2014,00:18:49.398,102.3,102.299,1.25,1
13-08-2014,00:18:49.908,102.301,102.298,1.69,1
13-08-2014,00:18:50.414,102.301,102.297,1.69,3.19
13-08-2014,00:18:51.921,102.3,102.297,1.25,1.5
13-08-2014,00:18:52.944,102.3,102.297,1.32,1
13-08-2014,00:18:52.995,102.299,102.295,1.25,2.44
13-08-2014,00:18:53.933,102.299,102.295,1,2.44
13-08-2014,00:18:55.750,102.299,102.298,1,1
13-08-2014,00:18:55.852,102.301,102.299,1,1
13-08-2014,00:18:55.953,102.303,102.299,1.5,6.94
13-08-2014,00:18:56.306,102.301,102.299,1,1.69
13-08-2014,00:19:02.364,102.301,102.299,1,2.82
13-08-2014,00:19:04.683,102.303,102.299,3.94,4.69
13-08-2014,00:19:04.885,102.301,102.299,1,1.25
13-08-2014,00:19:05.399,102.301,102.297,2.25,5.25
13-08-2014,00:19:05.903,102.3,102.297,1.13,5.25
13-08-2014,00:19:08.372,102.301,102.297,2.44,6.57
13-08-2014,00:19:08.473,102.301,102.298,1,3
13-08-2014,00:19:08.977,102.3,102.298,1,1
13-08-2014,00:19:09.962,102.3,102.297,1,1
13-08-2014,00:19:12.614,102.299,102.296,1,1.69
13-08-2014,00:19:13.571,102.299,102.295,2.25,1.69
13-08-2014,00:19:14.092,102.296,102.294,1,1.32
13-08-2014,00:19:16.876,102.296,102.295,1,1
13-08-2014,00:19:17.027,102.298,102.295,1.5,1
13-08-2014,00:19:20.379,102.298,102.296,1,1
13-08-2014,00:19:20.429,102.301,102.297,3.19,1
13-08-2014,00:19:20.531,102.3,102.298,1.69,1
13-08-2014,00:19:23.701,102.298,102.297,1,1
13-08-2014,00:19:23.802,102.298,102.296,1,1
13-08-2014,00:19:24.926,102.299,102.296,1,1.25
13-08-2014,00:19:26.669,102.299,102.296,5.44,1
13-08-2014,00:19:27.542,102.297,102.294,1,2.82
13-08-2014,00:19:33.478,102.296,102.294,1,1.5
13-08-2014,00:19:40.992,102.298,102.294,1.69,1.69
13-08-2014,00:19:42.065,102.298,102.295,1.5,1.25
13-08-2014,00:19:43.091,102.298,102.294,1.5,3.19
13-08-2014,00:19:49.069,102.298,102.294,1,4.32
13-08-2014,00:19:49.573,102.298,102.296,1,1.25
13-08-2014,00:19:53.493,102.298,102.294,1,8.44
13-08-2014,00:19:56.516,102.298,102.294,1,6.94
13-08-2014,00:19:58.678,102.298,102.296,1,1
13-08-2014,00:20:08.143,102.299,102.296,1.5,1
13-08-2014,00:20:16.638,102.3,102.296,1.69,3.94
13-08-2014,00:20:16.688,102.3,102.298,1.5,1.25
13-08-2014,00:20:16.992,102.302,102.3,3.75,1
13-08-2014,00:20:17.497,102.303,102.3,6.19,1
13-08-2014,00:20:21.735,102.303,102.3,6,1.69
13-08-2014,00:20:22.707,102.303,102.3,1.5,1.69
13-08-2014,00:20:26.676,102.303,102.299,2.25,3.19
13-08-2014,00:20:29.468,102.303,102.299,2.25,3.94
13-08-2014,00:20:29.996,102.302,102.299,1.69,1
13-08-2014,00:20:30.874,102.301,102.299,1,1.13
13-08-2014,00:20:31.378,102.301,102.298,1,2.44
13-08-2014,00:20:31.914,102.301,102.297,1.25,3.19
13-08-2014,00:20:32.734,102.301,102.299,1.25,1
13-08-2014,00:20:32.986,102.303,102.299,1.25,2.07
13-08-2014,00:20:37.854,102.303,102.3,1,1.25
13-08-2014,00:20:39.833,102.303,102.299,1,6.19
13-08-2014,00:20:40.345,102.303,102.3,1,1.25
13-08-2014,00:20:43.868,102.303,102.299,1,4.5
13-08-2014,00:20:44.888,102.303,102.299,1,1.69
13-08-2014,00:20:50.915,102.302,102.3,1,1.25
13-08-2014,00:20:51.016,102.3,102.298,1,1.5
13-08-2014,00:20:51.117,102.3,102.296,1.5,6.19
13-08-2014,00:20:51.641,102.299,102.296,1,1.25
13-08-2014,00:21:00.473,102.299,102.295,2.44,6.19
13-08-2014,00:21:02.061,102.299,102.296,2.44,1
13-08-2014,00:21:02.585,102.299,102.295,1.69,5.44
13-08-2014,00:21:03.294,102.299,102.296,1.69,3.75
13-08-2014,00:21:03.850,102.299,102.295,2.44,5.44
13-08-2014,00:21:04.360,102.298,102.295,1,4.69
13-08-2014,00:21:04.765,102.296,102.295,1,1.25
13-08-2014,00:21:04.967,102.296,102.293,1,3.94
13-08-2014,00:21:05.918,102.296,102.294,1,3.75
13-08-2014,00:21:06.422,102.296,102.293,1,3.94
13-08-2014,00:21:06.876,102.294,102.293,1,3.75
13-08-2014,00:21:06.927,102.294,102.291,5.25,1.25
13-08-2014,00:21:07.078,102.292,102.289,1,6.94
13-08-2014,00:21:07.582,102.291,102.289,1,1.69
13-08-2014,00:21:09.223,102.292,102.29,1,1
13-08-2014,00:21:09.727,102.293,102.29,3.19,1
13-08-2014,00:21:15.979,102.292,102.289,1,1.69
13-08-2014,00:21:16.282,102.29,102.287,1.5,1.69
13-08-2014,00:21:16.433,102.29,102.286,2.44,3.19
13-08-2014,00:21:16.940,102.289,102.286,1.5,1
13-08-2014,00:21:17.041,102.288,102.284,1,7.69
13-08-2014,00:21:17.568,102.288,102.285,1,1.5
13-08-2014,00:21:19.500,102.288,102.284,1.25,6.94
13-08-2014,00:21:20.328,102.288,102.285,1.25,3.75
13-08-2014,00:21:20.537,102.288,102.287,1.69,1
13-08-2014,00:21:21.047,102.29,102.287,2.44,1
13-08-2014,00:21:22.228,102.291,102.288,2.63,1
13-08-2014,00:21:22.531,102.293,102.289,7.69,1.25
13-08-2014,00:21:23.035,102.293,102.29,2.44,1
13-08-2014,00:21:24.771,102.292,102.29,1,1
13-08-2014,00:21:24.872,102.291,102.288,1,6.19
13-08-2014,00:21:25.375,102.291,102.287,2.82,2.44
13-08-2014,00:21:25.879,102.29,102.287,1.25,5.25
13-08-2014,00:21:26.383,102.291,102.288,2.44,1
13-08-2014,00:21:26.888,102.291,102.287,1.69,2.82
13-08-2014,00:21:29.603,102.29,102.287,3.94,1
13-08-2014,00:21:29.956,102.289,102.285,1.25,3.19
13-08-2014,00:21:30.458,102.288,102.285,1,1.25
13-08-2014,00:21:30.710,102.286,102.284,1,5.25
13-08-2014,00:21:33.391,102.286,102.282,4.69,2.44
13-08-2014,00:21:33.643,102.284,102.282,1.5,1
13-08-2014,00:21:34.178,102.284,102.282,3.94,1
13-08-2014,00:21:34.855,102.282,102.281,3.75,1
13-08-2014,00:21:34.957,102.282,102.278,4.5,1.5
13-08-2014,00:21:35.109,102.28,102.279,4.5,1
13-08-2014,00:21:35.159,102.279,102.276,1,1.5
13-08-2014,00:21:35.664,102.278,102.277,2.44,1
13-08-2014,00:21:35.715,102.278,102.275,2.44,2.25
13-08-2014,00:21:36.926,102.278,102.277,2.44,1
13-08-2014,00:21:37.229,102.28,102.277,6.19,2.25
13-08-2014,00:21:37.834,102.281,102.277,5.44,2.44
13-08-2014,00:21:39.649,102.281,102.277,4.5,3.19
13-08-2014,00:21:43.517,102.281,102.278,1,1
13-08-2014,00:21:49.406,102.282,102.279,3.75,1
13-08-2014,00:21:58.646,102.283,102.279,1.5,6.75
13-08-2014,00:21:59.152,102.283,102.28,1,1
13-08-2014,00:22:09.173,102.282,102.28,1,1.69
13-08-2014,00:22:09.677,102.283,102.279,5.44,1.13
13-08-2014,00:22:12.230,102.283,102.279,4.69,1.32
13-08-2014,00:22:23.230,102.283,102.28,1.69,1
13-08-2014,00:22:23.953,102.283,102.279,1.69,1.69
13-08-2014,00:22:27.371,102.283,102.28,1.69,1
13-08-2014,00:22:27.522,102.286,102.281,3.57,4.75
13-08-2014,00:22:28.359,102.285,102.282,2.25,1
13-08-2014,00:22:28.410,102.285,102.282,2.25,1.5
13-08-2014,00:22:28.616,102.286,102.282,3.57,3.25
13-08-2014,00:22:28.683,102.288,102.282,21.38,4.75
13-08-2014,00:22:29.342,102.288,102.282,22.13,3.25
13-08-2014,00:22:29.393,102.288,102.282,22.13,1
13-08-2014,00:22:32.273,102.288,102.283,22.13,1
13-08-2014,00:22:32.628,102.289,102.283,25.88,6.25
13-08-2014,00:22:35.019,102.288,102.283,1,3.25
13-08-2014,00:22:37.271,102.288,102.282,1,1.5
13-08-2014,00:22:41.399,102.285,102.282,1,1
13-08-2014,00:22:41.514,102.285,102.281,1,1
13-08-2014,00:22:45.476,102.285,102.282,1,1
13-08-2014,00:22:45.660,102.288,102.282,1,1
13-08-2014,00:22:51.349,102.286,102.282,1,1
13-08-2014,00:22:51.622,102.288,102.283,1,1
13-08-2014,00:22:51.806,102.286,102.282,1,2.5
13-08-2014,00:22:52.309,102.287,102.283,1,3.5
13-08-2014,00:22:52.708,102.287,102.283,1.25,1.69
13-08-2014,00:22:53.468,102.288,102.283,3.19,1.5
13-08-2014,00:22:54.004,102.287,102.283,1.5,1
13-08-2014,00:22:54.669,102.288,102.283,3.94,2.5
13-08-2014,00:22:55.016,102.288,102.284,1.69,3.44
13-08-2014,00:22:55.320,102.29,102.285,1,8.44
13-08-2014,00:23:00.379,102.293,102.29,3.75,1
13-08-2014,00:23:00.430,102.295,102.29,6.94,1
13-08-2014,00:23:01.247,102.295,102.29,6.94,1.69
13-08-2014,00:23:02.250,102.295,102.29,6.94,1.69
13-08-2014,00:23:03.003,102.294,102.292,1.25,1
13-08-2014,00:23:03.896,102.295,102.292,5.44,1
13-08-2014,00:23:04.775,102.293,102.29,15.38,5.44
13-08-2014,00:23:05.095,102.293,102.287,15.38,1.5
13-08-2014,00:23:05.405,102.296,102.287,9,6.75
13-08-2014,00:23:05.516,102.296,102.29,1,4.88
13-08-2014,00:23:06.220,102.296,102.289,4.5,4.88
13-08-2014,00:23:06.879,102.295,102.289,3.38,5.25
13-08-2014,00:23:07.383,102.294,102.29,1,1
13-08-2014,00:23:08.948,102.294,102.291,1,1
13-08-2014,00:23:09.460,102.292,102.29,1,1
13-08-2014,00:23:09.613,102.293,102.291,1,1.25
13-08-2014,00:23:10.182,102.294,102.29,2.25,1.5
13-08-2014,00:23:11.389,102.293,102.29,1,1.5
13-08-2014,00:23:13.035,102.291,102.29,1,1
13-08-2014,00:23:13.149,102.293,102.29,1,1
13-08-2014,00:23:13.366,102.291,102.29,1,1
13-08-2014,00:23:13.477,102.293,102.29,1.5,1
13-08-2014,00:23:13.806,102.292,102.289,1,7.69
13-08-2014,00:23:14.137,102.293,102.29,1.5,1
13-08-2014,00:23:15.106,102.292,102.284,1,1
13-08-2014,00:23:15.210,102.294,102.284,1,1
13-08-2014,00:23:20.793,102.293,102.288,1,1
13-08-2014,00:23:21.324,102.292,102.289,1.5,1.25
13-08-2014,00:23:22.826,102.292,102.288,1,2.07
13-08-2014,00:23:23.829,102.292,102.289,1,1.25
13-08-2014,00:23:26.532,102.293,102.289,3.19,3.19
13-08-2014,00:23:27.911,102.293,102.289,2.25,3.94
13-08-2014,00:23:30.873,102.293,102.289,2.44,3.94
13-08-2014,00:23:34.874,102.293,102.289,1.5,3.94
13-08-2014,00:23:37.607,102.293,102.289,2.44,3.19
13-08-2014,00:23:39.543,102.292,102.289,1.5,1.69
13-08-2014,00:23:40.005,102.29,102.289,1,1
13-08-2014,00:23:40.105,102.289,102.286,1,4.5
13-08-2014,00:23:40.206,102.287,102.284,1.5,2.63
13-08-2014,00:23:41.445,102.287,102.284,3.94,1
13-08-2014,00:23:44.414,102.287,102.284,3.94,1
13-08-2014,00:23:45.441,102.286,102.284,1,1
13-08-2014,00:23:45.944,102.287,102.284,6.94,1
13-08-2014,00:23:47.824,102.287,102.284,7.69,1
13-08-2014,00:23:49.534,102.287,102.284,7.32,1
13-08-2014,00:24:11.006,102.285,102.284,1,1
13-08-2014,00:24:11.509,102.287,102.284,6.19,1
13-08-2014,00:24:11.560,102.285,102.283,1,1.25
13-08-2014,00:24:15.407,102.285,102.284,1,1
13-08-2014,00:24:16.423,102.285,102.282,1,6.94
13-08-2014,00:24:17.424,102.285,102.283,1,3.75
13-08-2014,00:24:17.828,102.287,102.284,1,1
13-08-2014,00:24:23.430,102.286,102.284,1,1.25
13-08-2014,00:24:23.942,102.287,102.284,1,1.25
13-08-2014,00:24:31.241,102.286,102.284,1,1
13-08-2014,00:24:31.746,102.286,102.284,1,1
13-08-2014,00:24:31.847,102.286,102.283,1,3.19
13-08-2014,00:24:34.414,102.287,102.283,1.69,7.69
13-08-2014,00:24:34.928,102.287,102.284,4.88,1
13-08-2014,00:24:35.476,102.286,102.285,1,1
13-08-2014,00:24:36.089,102.286,102.284,1,1
13-08-2014,00:24:36.652,102.285,102.284,1,1
13-08-2014,00:24:37.775,102.286,102.284,1.5,1
13-08-2014,00:24:37.876,102.285,102.283,1.69,1.5
13-08-2014,00:24:38.380,102.284,102.282,1.69,1.5
13-08-2014,00:24:38.885,102.283,102.282,1,1
13-08-2014,00:24:41.740,102.283,102.281,4.5,1
13-08-2014,00:24:42.147,102.281,102.279,1,1.5
13-08-2014,00:24:42.653,102.282,102.28,1.25,1
13-08-2014,00:24:49.175,102.281,102.28,1.25,1
13-08-2014,00:24:50.367,102.281,102.279,1,1
13-08-2014,00:24:50.882,102.281,102.28,1.69,1
13-08-2014,00:24:59.826,102.281,102.279,1,1
13-08-2014,00:25:01.154,102.282,102.28,6.94,1
13-08-2014,00:25:02.225,102.282,102.279,6.94,1.5
13-08-2014,00:25:20.053,102.282,102.279,3.75,3.19
13-08-2014,00:25:20.104,102.283,102.281,1,1
13-08-2014,00:25:20.205,102.284,102.282,3.75,1.5
13-08-2014,00:25:20.721,102.285,102.282,5.82,1.5
13-08-2014,00:25:29.796,102.286,102.284,1.13,1
13-08-2014,00:25:29.897,102.287,102.285,1.32,1
13-08-2014,00:26:29.419,102.287,102.283,1.69,3.19
13-08-2014,00:26:41.890,102.286,102.283,3.75,2.44
13-08-2014,00:26:48.942,102.287,102.283,4.5,3.19
13-08-2014,00:26:50.364,102.287,102.285,3.75,1
13-08-2014,00:26:57.762,102.286,102.285,1,1
13-08-2014,00:26:58.531,102.287,102.285,3.75,1
13-08-2014,00:27:06.455,102.286,102.285,1,1
13-08-2014,00:27:06.960,102.287,102.285,5.44,1
13-08-2014,00:27:09.407,102.288,102.285,1.25,2.25
13-08-2014,00:27:09.609,102.289,102.287,5.25,1
13-08-2014,00:27:10.263,102.288,102.285,3.75,3.38
13-08-2014,00:27:11.270,102.288,102.286,3.75,1
13-08-2014,00:27:16.165,102.288,102.285,5.44,1.5
13-08-2014,00:27:37.856,102.287,102.285,3.75,1.5
13-08-2014,00:27:46.578,102.288,102.286,4.69,1
13-08-2014,00:27:50.887,102.29,102.287,1,1
13-08-2014,00:27:50.988,102.291,102.289,3.75,1
13-08-2014,00:27:51.139,102.293,102.29,1.69,1
13-08-2014,00:27:52.837,102.294,102.29,6.19,1.25
13-08-2014,00:28:01.969,102.294,102.29,6.19,1
13-08-2014,00:28:02.485,102.294,102.29,5.44,1
13-08-2014,00:28:11.947,102.293,102.29,1,1
13-08-2014,00:28:12.457,102.294,102.29,4.5,1
13-08-2014,00:28:12.980,102.294,102.291,5.25,1
13-08-2014,00:28:20.880,102.294,102.29,1,2.44
13-08-2014,00:28:22.019,102.294,102.292,1,1
13-08-2014,00:28:30.805,102.294,102.291,1,1.25
13-08-2014,00:28:32.125,102.295,102.291,1.69,2.44
13-08-2014,00:28:33.606,102.293,102.291,1.5,2.44
13-08-2014,00:28:33.808,102.293,102.289,6.94,2.44
13-08-2014,00:28:34.270,102.293,102.291,5.44,1
13-08-2014,00:28:55.227,102.293,102.29,5.25,1.69
13-08-2014,00:28:56.561,102.294,102.29,6.94,1.69
13-08-2014,00:28:57.281,102.293,102.29,4.5,2.44
13-08-2014,00:28:59.485,102.293,102.29,1,6.19
13-08-2014,00:28:59.737,102.297,102.294,1.25,1
13-08-2014,00:29:00.241,102.298,102.294,2.25,1.5
13-08-2014,00:29:00.846,102.298,102.295,1.5,1
13-08-2014,00:29:11.954,102.297,102.294,1,6.94
13-08-2014,00:29:23.697,102.297,102.294,1,1.69
13-08-2014,00:29:24.764,102.297,102.295,1,3.75
13-08-2014,00:29:27.740,102.297,102.294,1,4.88
13-08-2014,00:29:29.738,102.297,102.294,1,6.94
13-08-2014,00:29:30.611,102.297,102.294,1,6.19
13-08-2014,00:29:31.122,102.298,102.295,1.69,4.88
13-08-2014,00:29:31.173,102.298,102.297,1,3.75
13-08-2014,00:29:32.239,102.298,102.295,1,5.07
13-08-2014,00:29:34.254,102.298,102.297,1,3.75
13-08-2014,00:29:37.329,102.298,102.295,1,6.19
13-08-2014,00:29:39.182,102.297,102.294,1,1.69
13-08-2014,00:29:39.686,102.296,102.293,1,6.94
13-08-2014,00:29:40.641,102.296,102.293,1,6
13-08-2014,00:29:49.228,102.296,102.293,1,5.44
13-08-2014,00:30:00.573,102.295,102.293,1,1.25
13-08-2014,00:30:00.624,102.294,102.29,7.75,1.5
13-08-2014,00:30:00.926,102.291,102.289,1,1
13-08-2014,00:30:01.431,102.29,102.288,1,5.44
13-08-2014,00:30:01.737,102.29,102.288,1,3.94
13-08-2014,00:30:02.242,102.292,102.289,1,5.44
13-08-2014,00:30:02.343,102.293,102.29,1,3.94
13-08-2014,00:30:03.627,102.293,102.292,1,3.75
13-08-2014,00:30:06.178,102.293,102.291,1,3.94
13-08-2014,00:30:06.862,102.291,102.288,1,1.5
13-08-2014,00:30:06.913,102.291,102.288,1,1
13-08-2014,00:30:07.165,102.289,102.286,1,6.19
13-08-2014,00:30:07.669,102.288,102.286,1,3.94
13-08-2014,00:30:08.285,102.289,102.286,1,3.94
13-08-2014,00:30:12.001,102.289,102.287,1,3.75
13-08-2014,00:30:19.298,102.288,102.287,1,3.75
13-08-2014,00:30:19.803,102.288,102.284,3,5.44
13-08-2014,00:30:19.904,102.286,102.284,1,1
13-08-2014,00:30:20.307,102.285,102.282,2.25,5.07
13-08-2014,00:30:20.459,102.283,102.281,1,4.5
13-08-2014,00:30:20.985,102.283,102.28,1.5,4.69
13-08-2014,00:30:24.883,102.283,102.279,1.5,6.19
13-08-2014,00:30:25.186,102.278,102.275,1,4.69
13-08-2014,00:30:25.489,102.275,102.274,1,1
13-08-2014,00:30:25.993,102.275,102.272,1,5.44
13-08-2014,00:30:26.523,102.275,102.274,1,1
13-08-2014,00:30:27.278,102.277,102.274,1.69,1
13-08-2014,00:30:30.052,102.276,102.273,1,4.5
13-08-2014,00:30:30.556,102.276,102.272,3.19,5.44
13-08-2014,00:30:31.100,102.276,102.272,1,6.19
13-08-2014,00:30:31.619,102.275,102.272,1.5,1.69
13-08-2014,00:30:31.921,102.272,102.269,1,4.69
13-08-2014,00:30:32.425,102.273,102.269,1,2.44
13-08-2014,00:30:34.998,102.273,102.27,1,1.25
13-08-2014,00:30:36.123,102.272,102.27,1,1.25
13-08-2014,00:30:36.671,102.272,102.269,1,1.69
13-08-2014,00:30:37.326,102.273,102.27,4.69,1
13-08-2014,00:30:39.631,102.272,102.269,1,1.69
13-08-2014,00:30:40.337,102.272,102.271,1,1
13-08-2014,00:30:42.195,102.272,102.27,1,1.25
13-08-2014,00:30:48.624,102.272,102.269,1,5.44
13-08-2014,00:30:49.168,102.274,102.271,1,1
13-08-2014,00:30:50.664,102.275,102.272,6.19,1
13-08-2014,00:30:53.443,102.275,102.271,4.32,1.25
13-08-2014,00:30:58.385,102.275,102.272,1.13,1.5
13-08-2014,00:30:58.537,102.277,102.273,2.44,1.69
13-08-2014,00:30:59.589,102.277,102.275,1.25,1
13-08-2014,00:31:00.407,102.278,102.276,1,1
13-08-2014,00:31:00.659,102.281,102.278,1,4.5
13-08-2014,00:31:00.710,102.283,102.279,2.44,1.13
13-08-2014,00:31:04.751,102.283,102.279,3,3.19
13-08-2014,00:31:06.679,102.283,102.279,3,2.25
13-08-2014,00:31:07.090,102.281,102.279,1,2.25
13-08-2014,00:31:09.003,102.282,102.28,1,1
13-08-2014,00:31:12.336,102.281,102.279,1,4.5
13-08-2014,00:31:22.450,102.282,102.28,1,1
13-08-2014,00:31:23.675,102.282,102.28,1,1.69
13-08-2014,00:31:24.652,102.282,102.28,1,1.25
13-08-2014,00:31:29.196,102.282,102.279,1,1.25
13-08-2014,00:31:36.210,102.282,102.279,1,1.69
13-08-2014,00:31:37.182,102.282,102.279,1,1.69
13-08-2014,00:31:38.673,102.282,102.28,1,1
13-08-2014,00:31:38.875,102.283,102.281,1.25,3.75
13-08-2014,00:31:39.379,102.284,102.282,1.5,5.25
13-08-2014,00:31:44.948,102.285,102.282,1,5.25
13-08-2014,00:31:48.944,102.285,102.282,1,6.57
13-08-2014,00:31:55.974,102.285,102.282,1,5.07
13-08-2014,00:31:57.561,102.285,102.282,1,5.82
13-08-2014,00:31:58.985,102.285,102.282,1,6.57
13-08-2014,00:32:00.056,102.285,102.283,1,1
13-08-2014,00:32:00.568,102.285,102.282,1,5.44
13-08-2014,00:32:09.006,102.285,102.282,1,2.44
13-08-2014,00:32:10.894,102.285,102.282,1,1.5
13-08-2014,00:32:26.320,102.285,102.283,1,1
13-08-2014,00:32:26.824,102.285,102.282,1,1
13-08-2014,00:32:29.166,102.285,102.282,1,1.69
13-08-2014,00:32:30.166,102.285,102.282,1,1.69
13-08-2014,00:32:31.174,102.285,102.282,1,1.69
13-08-2014,00:32:33.183,102.285,102.282,1.5,1.69
13-08-2014,00:33:05.422,102.285,102.282,1,5.44
13-08-2014,00:33:07.311,102.285,102.282,1,4.69
13-08-2014,00:33:17.483,102.285,102.283,1,1
13-08-2014,00:33:17.986,102.286,102.284,1.5,1
13-08-2014,00:33:24.609,102.288,102.284,4.69,1.25
13-08-2014,00:33:29.088,102.288,102.286,3.94,1
13-08-2014,00:33:29.290,102.29,102.287,4.69,1.88
13-08-2014,00:33:29.341,102.29,102.289,1,1
13-08-2014,00:33:29.442,102.292,102.29,1,1
13-08-2014,00:33:30.047,102.291,102.29,1,1.5
13-08-2014,00:33:30.400,102.293,102.29,4.5,1
13-08-2014,00:33:30.903,102.294,102.29,3,1
13-08-2014,00:33:31.816,102.293,102.29,1,1
13-08-2014,00:33:31.917,102.291,102.289,1,1
13-08-2014,00:33:32.018,102.291,102.287,1.5,4.69
13-08-2014,00:33:32.744,102.29,102.287,1,3.94
13-08-2014,00:33:37.100,102.29,102.286,1.25,6.94
13-08-2014,00:33:37.609,102.289,102.286,3,1
13-08-2014,00:33:37.660,102.288,102.284,2.25,6.57
13-08-2014,00:33:37.761,102.286,102.284,1.5,1.25
13-08-2014,00:33:38.283,102.286,102.283,1.5,2.07
13-08-2014,00:33:38.995,102.286,102.282,1.69,1.69
13-08-2014,00:33:48.781,102.286,102.282,1.5,1.69
13-08-2014,00:33:58.040,102.286,102.282,1.5,1
13-08-2014,00:33:58.654,102.286,102.281,1.5,4.69
13-08-2014,00:34:00.338,102.286,102.281,2.44,4.69
13-08-2014,00:34:02.011,102.286,102.281,1.5,4.69
13-08-2014,00:34:03.856,102.285,102.281,1,2.07
13-08-2014,00:34:04.369,102.286,102.282,1.69,1.25
13-08-2014,00:34:04.878,102.285,102.282,1,1.25
13-08-2014,00:34:08.083,102.285,102.281,1.25,1.69
13-08-2014,00:34:10.121,102.285,102.281,1,1.69
13-08-2014,00:34:13.087,102.285,102.281,1,1.25
13-08-2014,00:34:13.633,102.286,102.281,2.25,1.69
13-08-2014,00:34:14.175,102.286,102.282,2.44,1.25
13-08-2014,00:34:17.685,102.286,102.281,2.25,2.44
13-08-2014,00:34:18.093,102.284,102.281,1,1.69
13-08-2014,00:34:18.399,102.286,102.283,2.25,1
13-08-2014,00:34:26.854,102.285,102.283,1,1.25
13-08-2014,00:34:27.496,102.285,102.281,1.5,2.44
13-08-2014,00:34:31.037,102.284,102.281,1,1.69
13-08-2014,00:34:31.188,102.283,102.279,2.25,6.94
13-08-2014,00:34:31.239,102.281,102.279,1,3.57
13-08-2014,00:34:41.299,102.281,102.28,1,1.25
13-08-2014,00:34:50.421,102.283,102.28,1.5,1.25
13-08-2014,00:34:56.177,102.283,102.28,1,1.69
13-08-2014,00:34:57.414,102.283,102.28,1,1
13-08-2014,00:35:15.504,102.283,102.281,1.5,1.25
13-08-2014,00:35:15.831,102.281,102.279,5.25,2.44
13-08-2014,00:35:23.778,102.282,102.278,4.5,3.94
13-08-2014,00:35:32.054,102.282,102.278,1,4.69
13-08-2014,00:35:32.362,102.283,102.28,1,1
13-08-2014,00:36:12.574,102.282,102.28,4.69,1
13-08-2014,00:36:12.876,102.28,102.277,1,3.19
13-08-2014,00:36:15.713,102.281,102.277,3,3.19
13-08-2014,00:36:20.680,102.281,102.277,3.19,1.69
13-08-2014,00:36:21.652,102.281,102.277,3,1.69
13-08-2014,00:36:22.185,102.281,102.278,1,6.19
13-08-2014,00:36:22.689,102.282,102.279,4.5,1.25
13-08-2014,00:36:33.012,102.283,102.279,3,1.5
13-08-2014,00:36:33.985,102.283,102.279,6,3.57
13-08-2014,00:36:34.495,102.283,102.281,1.5,1.25
13-08-2014,00:36:34.646,102.285,102.282,1,1.5
13-08-2014,00:36:39.769,102.285,102.282,1,6.19
13-08-2014,00:36:40.686,102.285,102.282,1,6.19
13-08-2014,00:36:42.641,102.285,102.282,1,6.19
13-08-2014,00:36:46.935,102.285,102.282,1,6.19
13-08-2014,00:36:47.461,102.285,102.281,1.25,2.44
13-08-2014,00:36:48.260,102.283,102.281,1,2.44
13-08-2014,00:36:52.424,102.282,102.281,1,1
13-08-2014,00:36:52.941,102.283,102.281,5.25,1
13-08-2014,00:36:55.288,102.283,102.28,5.25,1.25
13-08-2014,00:37:03.415,102.282,102.28,3.75,1.25
13-08-2014,00:37:07.172,102.282,102.279,4.5,1.25
13-08-2014,00:37:13.501,102.282,102.279,4.5,1.69
13-08-2014,00:37:16.564,102.282,102.279,4.5,1.69
13-08-2014,00:37:20.529,102.282,102.279,1,2.07
13-08-2014,00:37:35.983,102.282,102.279,1,1.88
13-08-2014,00:37:37.490,102.282,102.279,1,3.57
13-08-2014,00:37:41.074,102.282,102.279,1,1.32
13-08-2014,00:37:47.196,102.283,102.279,7.69,2.82
13-08-2014,00:37:48.729,102.283,102.279,6.75,2.82
13-08-2014,00:37:51.549,102.283,102.279,6,1.88
13-08-2014,00:37:55.630,102.283,102.279,5.25,2.07
13-08-2014,00:37:57.631,102.283,102.279,5.44,2.07
13-08-2014,00:38:01.780,102.283,102.279,5.25,2.07
13-08-2014,00:38:05.419,102.283,102.279,5.25,1.13
13-08-2014,00:38:06.594,102.282,102.279,1,1.13
13-08-2014,00:38:07.108,102.281,102.278,1,7.69
13-08-2014,00:38:07.976,102.281,102.28,1,1
13-08-2014,00:38:26.763,102.282,102.28,1,1
13-08-2014,00:38:27.313,102.283,102.28,3.75,1
13-08-2014,00:38:31.312,102.282,102.28,3.75,1
13-08-2014,00:38:35.940,102.284,102.28,8.07,1
13-08-2014,00:38:40.553,102.282,102.28,1,1
13-08-2014,00:38:41.057,102.283,102.28,1.69,1
13-08-2014,00:38:47.159,102.282,102.28,1,1
13-08-2014,00:39:07.219,102.281,102.28,1,1
13-08-2014,00:39:27.190,102.282,102.28,1,1.25
13-08-2014,00:40:27.217,102.283,102.28,5.25,1
13-08-2014,00:40:50.325,102.284,102.28,1.5,1.5
13-08-2014,00:40:50.628,102.284,102.282,1.5,1
13-08-2014,00:40:57.758,102.283,102.281,1,1
13-08-2014,00:41:05.116,102.283,102.281,1,1
13-08-2014,00:41:05.469,102.282,102.279,3.75,1.69
13-08-2014,00:41:15.549,102.282,102.279,3.75,2.44
13-08-2014,00:41:16.465,102.282,102.28,3.75,1
13-08-2014,00:41:16.977,102.283,102.281,3,1.5
13-08-2014,00:41:17.490,102.282,102.281,1,1
13-08-2014,00:41:19.611,102.283,102.281,1,1
13-08-2014,00:41:19.812,102.285,102.282,4.5,4.75
13-08-2014,00:41:19.863,102.286,102.285,1,1
13-08-2014,00:41:19.964,102.288,102.286,4.5,1
13-08-2014,00:41:20.216,102.291,102.289,1,1
13-08-2014,00:41:20.721,102.29,102.288,1,1
13-08-2014,00:41:21.226,102.289,102.288,1,1
13-08-2014,00:41:21.327,102.289,102.286,1,1.25
13-08-2014,00:41:21.529,102.291,102.288,2.63,1
13-08-2014,00:41:22.487,102.291,102.289,3.57,1
13-08-2014,00:41:23.573,102.292,102.29,1,1
13-08-2014,00:41:23.876,102.294,102.292,1.25,1
13-08-2014,00:41:24.481,102.294,102.291,1.25,1.5
13-08-2014,00:41:24.582,102.296,102.293,3.19,1
13-08-2014,00:41:29.411,102.296,102.294,2.25,1
13-08-2014,00:41:36.610,102.296,102.293,1.5,2.07
13-08-2014,00:41:54.038,102.295,102.293,1,1.25
13-08-2014,00:41:59.109,102.294,102.289,8.5,1
13-08-2014,00:41:59.361,102.293,102.289,2.44,3.94
13-08-2014,00:42:00.117,102.293,102.29,1.25,1
13-08-2014,00:42:00.875,102.294,102.29,1.69,2.44
13-08-2014,00:42:04.190,102.293,102.29,1,1.69
13-08-2014,00:42:04.493,102.292,102.288,1.5,1
13-08-2014,00:42:04.594,102.29,102.287,1,1.19
13-08-2014,00:42:04.846,102.29,102.286,3.94,1
13-08-2014,00:42:04.897,102.288,102.286,1.5,1
13-08-2014,00:42:05.049,102.287,102.284,1.5,1
13-08-2014,00:42:05.553,102.287,102.283,1,6.19
13-08-2014,00:42:08.400,102.286,102.283,1,1.5
13-08-2014,00:42:24.679,102.285,102.283,1,1.25
13-08-2014,00:42:25.533,102.285,102.281,1.5,2.44
13-08-2014,00:42:33.448,102.285,102.281,1.5,2.44
13-08-2014,00:42:35.233,102.285,102.282,1.5,1
13-08-2014,00:42:38.632,102.284,102.282,1,1.25
13-08-2014,00:42:39.161,102.284,102.281,1,1
13-08-2014,00:42:39.514,102.282,102.281,1,1
13-08-2014,00:42:40.065,102.283,102.28,1,1.25
13-08-2014,00:42:41.670,102.283,102.279,1.69,1.25
13-08-2014,00:42:42.464,102.283,102.279,1.5,1.19
13-08-2014,00:42:46.097,102.284,102.279,3.94,2.44
13-08-2014,00:43:12.303,102.284,102.279,3,1.5
13-08-2014,00:43:12.823,102.284,102.28,3.19,1.25
13-08-2014,00:43:15.686,102.284,102.279,2.25,1.69
13-08-2014,00:43:18.707,102.284,102.28,2.44,1.25
13-08-2014,00:43:24.666,102.284,102.28,2.25,1.69
13-08-2014,00:43:33.709,102.284,102.28,2.44,1.69
13-08-2014,00:43:43.160,102.283,102.28,1,1.25
13-08-2014,00:43:43.485,102.278,102.275,1,3.94
13-08-2014,00:43:44.240,102.277,102.274,3.75,3.19
13-08-2014,00:43:44.492,102.276,102.272,2.63,2.25
13-08-2014,00:43:44.896,102.276,102.274,3.57,1
13-08-2014,00:43:45.652,102.276,102.273,1,1
13-08-2014,00:43:50.012,102.279,102.276,2.25,4
13-08-2014,00:43:50.215,102.281,102.278,1,1.5
13-08-2014,00:43:50.367,102.283,102.279,3,1.5
13-08-2014,00:43:50.873,102.283,102.28,1.5,1
13-08-2014,00:43:55.601,102.282,102.28,1,1.25
13-08-2014,00:44:02.044,102.282,102.279,1.5,1.25
13-08-2014,00:44:05.985,102.281,102.278,1.5,1.25
13-08-2014,00:44:06.489,102.281,102.276,3.94,2.82
13-08-2014,00:44:06.902,102.281,102.279,1,1.25
13-08-2014,00:44:10.363,102.282,102.279,1.5,1.25
13-08-2014,00:44:31.010,102.282,102.279,1.5,2.44
13-08-2014,00:44:35.934,102.282,102.279,1.5,1.69
13-08-2014,00:44:37.967,102.282,102.279,1.5,2.44
13-08-2014,00:44:42.026,102.282,102.279,1.5,2.44
13-08-2014,00:44:47.266,102.282,102.28,1,1
13-08-2014,00:44:59.545,102.282,102.279,1,2.44
13-08-2014,00:45:03.623,102.282,102.28,1,1.19
13-08-2014,00:45:04.648,102.282,102.279,1,1.25
13-08-2014,00:45:06.856,102.283,102.279,1,1.25
13-08-2014,00:45:07.675,102.283,102.28,1,1.25
13-08-2014,00:45:14.664,102.283,102.279,1.69,2.44
13-08-2014,00:45:16.694,102.283,102.279,1.5,2.07
13-08-2014,00:45:20.465,102.282,102.279,1,2.07
13-08-2014,00:45:20.516,102.28,102.277,1,2.25
13-08-2014,00:45:20.617,102.28,102.278,1,1.69
13-08-2014,00:45:21.121,102.28,102.278,1,1.25
13-08-2014,00:45:27.900,102.279,102.277,1,2.07
13-08-2014,00:45:28.102,102.279,102.276,2.44,1.5
13-08-2014,00:45:28.153,102.277,102.276,1.5,1.5
13-08-2014,00:45:28.305,102.277,102.274,3,1
13-08-2014,00:45:28.810,102.277,102.273,6.94,1.69
13-08-2014,00:45:29.809,102.276,102.273,1,1
13-08-2014,00:45:32.550,102.277,102.273,6.75,1.5
13-08-2014,00:45:32.957,102.275,102.273,1,1
13-08-2014,00:45:34.574,102.274,102.273,1.5,1
13-08-2014,00:45:34.876,102.271,102.268,1,1.69
13-08-2014,00:45:35.028,102.27,102.267,1,2.25
13-08-2014,00:45:35.532,102.27,102.268,1,2.44
13-08-2014,00:45:36.035,102.271,102.269,1,1.25
13-08-2014,00:45:38.506,102.271,102.268,1,1.69
13-08-2014,00:45:39.263,102.271,102.269,1,1.25
13-08-2014,00:45:39.464,102.27,102.267,3.75,3.19
13-08-2014,00:45:39.616,102.271,102.269,1.25,1
13-08-2014,00:45:40.127,102.27,102.269,3.75,1
13-08-2014,00:45:40.480,102.271,102.267,4.69,4.69
13-08-2014,00:45:42.725,102.271,102.269,4.5,1
13-08-2014,00:45:45.465,102.271,102.268,4.5,1.25
13-08-2014,00:45:49.221,102.271,102.269,1,1.5
13-08-2014,00:45:49.729,102.271,102.27,1,1
13-08-2014,00:45:50.287,102.273,102.27,1.5,1.5
13-08-2014,00:45:50.809,102.273,102.271,1.69,1
13-08-2014,00:45:56.540,102.273,102.27,1.5,1.25
13-08-2014,00:45:57.111,102.274,102.27,3.19,2.44
13-08-2014,00:45:58.189,102.274,102.271,2.44,1
13-08-2014,00:45:58.705,102.274,102.27,6.19,3.94
13-08-2014,00:45:59.208,102.274,102.271,6.19,1
13-08-2014,00:46:09.452,102.272,102.271,1,1
13-08-2014,00:46:14.517,102.273,102.272,1,1
13-08-2014,00:46:21.736,102.273,102.271,1,2.25
13-08-2014,00:46:30.129,102.273,102.271,1,1.69
13-08-2014,00:46:35.043,102.273,102.272,1,1
13-08-2014,00:46:47.797,102.273,102.271,1,1.25
13-08-2014,00:47:11.125,102.274,102.271,1,1.25
13-08-2014,00:47:11.646,102.275,102.271,8.82,1.25
13-08-2014,00:47:12.153,102.274,102.271,1,1.25
13-08-2014,00:47:15.681,102.275,102.271,8.82,1.25
13-08-2014,00:47:16.184,102.274,102.271,1,1.25
13-08-2014,00:47:18.646,102.274,102.27,1,2.25
13-08-2014,00:47:19.208,102.274,102.27,1,3.19
13-08-2014,00:47:19.716,102.275,102.27,7.13,2.44
13-08-2014,00:47:23.757,102.275,102.27,8.07,3.19
13-08-2014,00:47:25.712,102.275,102.27,7.13,2.44
13-08-2014,00:47:28.730,102.275,102.271,7.69,1
13-08-2014,00:47:30.739,102.275,102.271,8.07,1.25
13-08-2014,00:47:33.250,102.275,102.271,7.32,1.5
13-08-2014,00:47:34.368,102.275,102.272,7.32,1
13-08-2014,00:47:34.912,102.275,102.272,7.32,1
13-08-2014,00:47:35.890,102.275,102.271,7.32,1.69
13-08-2014,00:47:36.804,102.275,102.271,7.32,1.5
13-08-2014,00:47:38.383,102.275,102.271,6.38,1.5
13-08-2014,00:47:39.053,102.275,102.271,7.32,1.5
13-08-2014,00:47:39.770,102.275,102.271,7.32,1.69
13-08-2014,00:47:43.901,102.275,102.271,6.57,1.5
13-08-2014,00:47:46.181,102.275,102.271,6.57,1.69
13-08-2014,00:47:47.005,102.274,102.271,1,1.25
13-08-2014,00:47:51.608,102.275,102.271,7.32,1.25
13-08-2014,00:47:57.539,102.275,102.272,5.63,1
13-08-2014,00:47:58.150,102.275,102.271,6.57,2.44
13-08-2014,00:48:06.168,102.275,102.272,5.63,1.25
13-08-2014,00:48:07.139,102.275,102.271,5.82,3.19
13-08-2014,00:48:09.439,102.275,102.272,2.07,1
13-08-2014,00:48:33.526,102.274,102.272,1.25,1
13-08-2014,00:48:34.030,102.274,102.271,4.69,2.25
13-08-2014,00:48:34.534,102.274,102.27,5.44,2.25
13-08-2014,00:48:35.038,102.273,102.27,1,1
13-08-2014,00:48:35.544,102.272,102.27,1.25,1
13-08-2014,00:48:39.208,102.273,102.27,1.25,1
13-08-2014,00:48:40.284,102.272,102.27,1.25,1
13-08-2014,00:48:43.283,102.273,102.27,1.25,1
13-08-2014,00:48:45.256,102.273,102.27,1.69,1
13-08-2014,00:48:45.763,102.271,102.269,6.19,1
13-08-2014,00:48:46.267,102.27,102.269,2.44,1
13-08-2014,00:48:46.771,102.271,102.269,1.25,1.5
13-08-2014,00:48:55.537,102.272,102.269,1.69,1
13-08-2014,00:48:56.042,102.272,102.27,1.25,1
13-08-2014,00:48:56.559,102.271,102.27,1.25,1
13-08-2014,00:49:06.694,102.273,102.27,4.69,1
13-08-2014,00:49:16.220,102.273,102.269,1.5,1
13-08-2014,00:49:16.785,102.273,102.27,1.5,1
13-08-2014,00:49:17.338,102.273,102.269,1.5,1.5
13-08-2014,00:49:19.645,102.272,102.268,1.5,6.94
13-08-2014,00:49:19.746,102.27,102.268,1,1.69
13-08-2014,00:49:19.847,102.271,102.268,3,1.69
13-08-2014,00:49:20.379,102.27,102.268,3.75,1.69
13-08-2014,00:49:34.352,102.271,102.268,1.69,1.5
13-08-2014,00:49:34.857,102.272,102.268,5.44,3.19
13-08-2014,00:49:35.411,102.272,102.268,6.19,3
13-08-2014,00:49:36.471,102.272,102.268,6.19,3.19
13-08-2014,00:49:41.782,102.271,102.268,1,1.5
13-08-2014,00:49:43.668,102.271,102.269,1.69,1
13-08-2014,00:49:43.870,102.27,102.267,4.69,1
13-08-2014,00:49:49.885,102.269,102.267,1.25,1
13-08-2014,00:49:51.945,102.27,102.267,4.69,1
13-08-2014,00:49:53.475,102.269,102.267,3.75,1
13-08-2014,00:50:02.289,102.269,102.266,3.75,2.44
13-08-2014,00:50:03.846,102.268,102.266,1,1.5
13-08-2014,00:50:04.048,102.266,102.263,1,1.69
13-08-2014,00:50:04.552,102.265,102.262,1.25,1.88
13-08-2014,00:50:06.255,102.266,102.262,2.44,1.88
13-08-2014,00:50:07.517,102.265,102.262,1,1.5
13-08-2014,00:50:08.057,102.265,102.263,1,1
13-08-2014,00:50:09.535,102.265,102.262,1.69,1.5
13-08-2014,00:50:11.877,102.265,102.262,1.69,1
13-08-2014,00:50:11.978,102.262,102.259,2.25,1.13
13-08-2014,00:50:12.519,102.263,102.259,6.19,1.13
13-08-2014,00:50:13.024,102.262,102.259,1,1
13-08-2014,00:50:13.534,102.263,102.258,6.94,1
13-08-2014,00:50:16.042,102.262,102.258,1.25,1.69
13-08-2014,00:50:25.189,102.262,102.257,1.69,5.44
13-08-2014,00:50:31.087,102.262,102.258,1.25,1.32
13-08-2014,00:50:35.406,102.262,102.258,1.69,1
13-08-2014,00:50:36.103,102.262,102.258,1,1
13-08-2014,00:51:10.225,102.262,102.258,1,1.69
13-08-2014,00:51:12.925,102.262,102.258,1.69,1.25
13-08-2014,00:51:13.442,102.262,102.259,1.69,1
13-08-2014,00:51:29.470,102.262,102.259,1,1.69
13-08-2014,00:51:30.990,102.263,102.259,6,3.19
13-08-2014,00:51:34.270,102.264,102.26,1.69,2.44
13-08-2014,00:51:38.147,102.264,102.262,1.69,1
13-08-2014,00:51:38.450,102.272,102.268,3.75,1.5
13-08-2014,00:51:38.804,102.273,102.269,1.5,1.69
13-08-2014,00:51:42.483,102.271,102.269,1,1
13-08-2014,00:51:46.660,102.272,102.269,1.69,1
13-08-2014,00:51:47.882,102.272,102.27,1,6
13-08-2014,00:51:47.983,102.275,102.27,3.19,6
13-08-2014,00:51:48.491,102.275,102.27,3.19,8.44
13-08-2014,00:51:49.866,102.277,102.273,3.19,1
13-08-2014,00:51:50.169,102.277,102.275,1.25,1
13-08-2014,00:51:52.362,102.28,102.277,6,1
13-08-2014,00:51:52.565,102.283,102.281,1,1
13-08-2014,00:51:53.110,102.284,102.282,1.5,1
13-08-2014,00:51:53.619,102.284,102.281,1.5,2.25
13-08-2014,00:51:56.062,102.283,102.281,1,2.44
13-08-2014,00:51:57.241,102.284,102.281,1.5,2.44
13-08-2014,00:52:00.410,102.284,102.28,2.25,6
13-08-2014,00:52:00.914,102.283,102.28,1,1.69
13-08-2014,00:52:01.420,102.284,102.28,3,1.69
13-08-2014,00:52:01.928,102.283,102.28,1,3.19
13-08-2014,00:52:02.986,102.284,102.28,2.44,3.19
13-08-2014,00:52:03.615,102.283,102.28,2.44,1
13-08-2014,00:52:03.818,102.28,102.279,5.25,1
13-08-2014,00:52:03.919,102.279,102.276,1.5,1.5
13-08-2014,00:52:04.423,102.278,102.276,1,1
13-08-2014,00:52:04.524,102.277,102.274,1.25,1.5
13-08-2014,00:52:05.034,102.277,102.273,3.19,1.69
13-08-2014,00:52:06.320,102.277,102.274,2.44,1
13-08-2014,00:52:07.294,102.278,102.274,5.44,2.44
13-08-2014,00:52:07.395,102.277,102.276,1,1
13-08-2014,00:52:07.698,102.281,102.278,2.25,2.69
13-08-2014,00:52:08.206,102.283,102.279,1.69,1.5
13-08-2014,00:52:08.686,102.281,102.279,1,1.69
13-08-2014,00:52:09.651,102.282,102.279,4.5,1.25
13-08-2014,00:52:11.567,102.281,102.279,1,1.25
13-08-2014,00:52:12.850,102.28,102.278,1,1.19
13-08-2014,00:52:12.951,102.279,102.276,3.75,3.19
13-08-2014,00:52:13.566,102.278,102.276,5.25,1.69
13-08-2014,00:52:13.739,102.278,102.275,6,1.5
13-08-2014,00:52:13.941,102.276,102.274,1,2.5
13-08-2014,00:52:14.092,102.276,102.273,1,2.44
13-08-2014,00:52:14.969,102.278,102.273,6.94,2.44
13-08-2014,00:52:17.602,102.277,102.273,1,3.19
13-08-2014,00:52:19.644,102.277,102.273,7.69,1.25
13-08-2014,00:52:20.156,102.277,102.273,7.69,1
13-08-2014,00:52:21.153,102.274,102.272,1,1.69
13-08-2014,00:52:21.203,102.273,102.27,3,1.5
13-08-2014,00:52:21.305,102.273,102.268,3.19,1.69
13-08-2014,00:52:21.456,102.271,102.268,1,1.19
13-08-2014,00:52:21.658,102.27,102.267,1.5,2.44
13-08-2014,00:52:22.165,102.271,102.267,1.69,3.19
13-08-2014,00:52:22.669,102.271,102.268,1,1.25
13-08-2014,00:52:23.179,102.272,102.268,1.25,1.25
13-08-2014,00:52:23.643,102.272,102.27,1,1
13-08-2014,00:52:24.164,102.271,102.27,1,1
13-08-2014,00:52:24.615,102.273,102.27,1.5,1
13-08-2014,00:52:25.141,102.272,102.27,1,1
13-08-2014,00:52:25.739,102.273,102.27,1,1
13-08-2014,00:52:27.250,102.272,102.27,1,1
13-08-2014,00:52:30.244,102.273,102.27,1.5,1
13-08-2014,00:52:33.657,102.272,102.27,1,1
13-08-2014,00:52:36.059,102.273,102.27,1,1
13-08-2014,00:52:36.563,102.272,102.27,1,1
13-08-2014,00:52:37.103,102.271,102.27,1,1
13-08-2014,00:52:38.376,102.273,102.27,2.25,1.25
13-08-2014,00:52:40.770,102.27,102.269,1,2.07
13-08-2014,00:52:41.274,102.27,102.268,1.5,1.25
13-08-2014,00:52:42.187,102.27,102.267,5.25,2.44
13-08-2014,00:52:42.662,102.27,102.269,1,1
13-08-2014,00:52:43.454,102.272,102.269,1,1
13-08-2014,00:52:44.643,102.273,102.269,3.94,1.25
13-08-2014,00:52:48.601,102.273,102.27,1.5,1
13-08-2014,00:52:49.173,102.271,102.27,1,1
13-08-2014,00:52:49.274,102.271,102.267,1,1
13-08-2014,00:52:52.253,102.271,102.267,1.5,1.19
13-08-2014,00:52:54.195,102.271,102.266,1.5,3.57
13-08-2014,00:52:55.320,102.271,102.267,1.5,1
13-08-2014,00:52:58.395,102.27,102.267,3.75,1
13-08-2014,00:52:59.421,102.27,102.266,3.75,2.63
13-08-2014,00:52:59.471,102.268,102.266,1,1
13-08-2014,00:52:59.784,102.264,102.262,1.5,1
13-08-2014,00:52:59.835,102.264,102.26,3.19,1.88
13-08-2014,00:53:00.355,102.264,102.26,2.25,2.25
13-08-2014,00:53:00.609,102.262,102.26,1,1
13-08-2014,00:53:01.113,102.263,102.259,1.69,4.32
13-08-2014,00:53:03.828,102.262,102.259,1,4.13
13-08-2014,00:53:04.332,102.261,102.258,1,2.25
13-08-2014,00:53:04.787,102.261,102.259,2.25,1
13-08-2014,00:53:05.291,102.263,102.259,3.19,1.5
13-08-2014,00:53:05.896,102.263,102.259,2.44,2.44
13-08-2014,00:53:11.290,102.262,102.259,1,1.5
13-08-2014,00:53:12.108,102.262,102.26,1,1
13-08-2014,00:53:12.615,102.263,102.26,1,1
13-08-2014,00:53:13.102,102.261,102.26,1.5,1
13-08-2014,00:53:13.203,102.261,102.258,6.94,1.5
13-08-2014,00:53:13.707,102.26,102.257,1,2.44
13-08-2014,00:53:14.679,102.261,102.259,2.44,1
13-08-2014,00:53:14.730,102.262,102.26,1,1.5
13-08-2014,00:53:14.781,102.264,102.26,6,1
13-08-2014,00:53:15.296,102.263,102.26,1.25,1
13-08-2014,00:53:18.645,102.262,102.259,1,1.69
13-08-2014,00:53:19.149,102.264,102.26,1.69,1
13-08-2014,00:53:19.703,102.264,102.26,1.69,1.25
13-08-2014,00:53:21.573,102.264,102.261,1.25,1
13-08-2014,00:53:22.866,102.265,102.261,4.32,1.69
13-08-2014,00:53:22.917,102.265,102.263,4.32,1
13-08-2014,00:53:27.336,102.266,102.264,1.5,1
13-08-2014,00:53:27.729,102.266,102.262,1.5,1.5
13-08-2014,00:53:35.122,102.265,102.262,1,1
13-08-2014,00:53:35.661,102.264,102.261,1,1.32
13-08-2014,00:53:36.194,102.264,102.262,1,1
13-08-2014,00:53:38.290,102.264,102.26,1,3.94
13-08-2014,00:53:41.365,102.264,102.261,1.25,1
13-08-2014,00:53:45.208,102.264,102.261,1,3.19
13-08-2014,00:53:48.277,102.264,102.261,1,2.25
13-08-2014,00:53:49.867,102.264,102.263,1,1
13-08-2014,00:53:50.169,102.264,102.261,1,6
13-08-2014,00:53:51.268,102.264,102.261,1,7.69
13-08-2014,00:53:56.224,102.265,102.261,1,8.44
13-08-2014,00:54:09.249,102.265,102.261,1,3.94
13-08-2014,00:54:16.388,102.265,102.262,1,1.25
13-08-2014,00:54:17.101,102.265,102.261,3.19,2.44
13-08-2014,00:54:17.252,102.263,102.261,4.5,1.25
13-08-2014,00:54:17.757,102.262,102.259,1,2.44
13-08-2014,00:54:18.261,102.261,102.259,1,1.69
13-08-2014,00:54:20.226,102.263,102.259,1.25,6.94
13-08-2014,00:54:20.906,102.263,102.259,1,6.94
13-08-2014,00:54:22.233,102.264,102.259,3.94,7.69
13-08-2014,00:54:24.685,102.264,102.262,2.44,1
13-08-2014,00:54:24.988,102.268,102.264,2.44,5.44
13-08-2014,00:54:25.165,102.268,102.264,2.44,3.19
13-08-2014,00:54:25.926,102.267,102.263,1.25,6.19
13-08-2014,00:54:25.976,102.265,102.263,1,2.07
13-08-2014,00:54:26.178,102.267,102.263,1.69,2.07
13-08-2014,00:54:33.934,102.267,102.262,2.82,8.44
13-08-2014,00:54:34.953,102.266,102.262,1,7.69
13-08-2014,00:54:35.489,102.265,102.262,1,5.44
13-08-2014,00:54:37.714,102.266,102.264,1.88,1
13-08-2014,00:54:42.018,102.265,102.262,5.25,1
13-08-2014,00:54:42.223,102.263,102.262,1,1
13-08-2014,00:54:43.974,102.262,102.261,1,1
13-08-2014,00:54:44.075,102.261,102.259,4.5,1
13-08-2014,00:54:44.234,102.261,102.257,2.44,2.44
13-08-2014,00:54:44.738,102.26,102.257,1.25,1
13-08-2014,00:54:45.293,102.259,102.257,1,1
13-08-2014,00:54:45.646,102.261,102.259,2.25,1
13-08-2014,00:54:46.302,102.262,102.259,5.25,1.25
13-08-2014,00:54:50.561,102.261,102.258,1,1.5
13-08-2014,00:54:50.915,102.259,102.257,1,1.25
13-08-2014,00:54:51.419,102.26,102.257,2.25,1.25
13-08-2014,00:54:51.722,102.262,102.259,6.38,1
13-08-2014,00:54:51.923,102.262,102.257,6.38,2.25
13-08-2014,00:54:52.025,102.26,102.257,4.5,1.5
13-08-2014,00:54:52.327,102.258,102.254,1,7.69
13-08-2014,00:54:59.390,102.258,102.254,1,5.44
13-08-2014,00:55:00.146,102.257,102.253,1,2.44
13-08-2014,00:55:00.669,102.257,102.253,1,2.07
13-08-2014,00:55:02.110,102.258,102.253,5.63,1.5
13-08-2014,00:55:02.517,102.257,102.255,1,3.75
13-08-2014,00:55:02.567,102.26,102.255,5.82,3.75
13-08-2014,00:55:03.072,102.26,102.256,1,1.5
13-08-2014,00:55:03.604,102.261,102.256,1.13,1.5
13-08-2014,00:55:03.966,102.259,102.256,1,1.5
13-08-2014,00:55:04.275,102.257,102.255,1,1.25
13-08-2014,00:55:05.251,102.257,102.253,1.5,3.75
13-08-2014,00:55:07.148,102.257,102.254,1.25,1
13-08-2014,00:55:13.361,102.256,102.254,1,1
13-08-2014,00:55:13.868,102.255,102.254,2.44,1
13-08-2014,00:55:15.811,102.254,102.253,2.44,1
13-08-2014,00:55:15.862,102.254,102.252,3.19,1
13-08-2014,00:55:15.963,102.254,102.25,4.69,1.69
13-08-2014,00:55:16.475,102.253,102.25,2.44,1
13-08-2014,00:55:17.598,102.254,102.25,1.5,6
13-08-2014,00:55:23.392,102.254,102.251,1.25,3.75
13-08-2014,00:55:23.493,102.254,102.253,1.25,1
13-08-2014,00:55:23.695,102.256,102.253,3.19,1
13-08-2014,00:55:24.211,102.255,102.253,1.13,1
13-08-2014,00:55:26.551,102.256,102.253,2.25,1
13-08-2014,00:55:27.080,102.256,102.252,2.25,5.25
13-08-2014,00:55:27.584,102.256,102.253,2.25,1
13-08-2014,00:55:28.120,102.256,102.252,2.25,4.5
13-08-2014,00:55:32.387,102.255,102.252,1,1
13-08-2014,00:55:34.703,102.254,102.252,1,5.25
13-08-2014,00:55:37.579,102.255,102.252,1,6.19
13-08-2014,00:55:38.083,102.254,102.252,1,6.94
13-08-2014,00:55:38.134,102.256,102.252,1.69,6.94
13-08-2014,00:55:47.394,102.256,102.253,1,1
13-08-2014,00:55:47.898,102.257,102.254,1.5,1
13-08-2014,00:55:49.101,102.256,102.254,1,1
13-08-2014,00:55:49.202,102.254,102.251,1,1.69
13-08-2014,00:55:49.253,102.254,102.251,1,1.25
13-08-2014,00:55:49.556,102.252,102.251,1,1
13-08-2014,00:55:50.564,102.252,102.248,1.5,3.94
13-08-2014,00:55:51.544,102.25,102.248,1,1.5
13-08-2014,00:55:51.645,102.25,102.246,3,1.5
13-08-2014,00:55:51.847,102.248,102.246,1,1.5
13-08-2014,00:55:52.351,102.25,102.246,6,1.5
13-08-2014,00:55:52.668,102.248,102.246,1.5,1
13-08-2014,00:55:52.971,102.25,102.247,5.44,1
13-08-2014,00:55:53.383,102.249,102.245,1,6.94
13-08-2014,00:55:54.277,102.248,102.245,1,6.94
13-08-2014,00:55:54.781,102.249,102.247,1,1.69
13-08-2014,00:55:55.926,102.25,102.247,3.75,2.82
13-08-2014,00:55:57.579,102.251,102.247,4.69,3.57
13-08-2014,00:55:57.694,102.249,102.248,2.25,1
13-08-2014,00:55:58.220,102.249,102.247,4.5,4.32
13-08-2014,00:55:58.782,102.248,102.246,1,4.69
13-08-2014,00:55:59.034,102.249,102.245,6.19,3
13-08-2014,00:55:59.658,102.248,102.245,1.5,1.5
13-08-2014,00:56:00.175,102.248,102.244,3.57,2.44
13-08-2014,00:56:02.416,102.247,102.244,1,2.44
13-08-2014,00:56:03.071,102.248,102.244,3.19,2.44
13-08-2014,00:56:03.121,102.248,102.247,1,1
13-08-2014,00:56:03.963,102.25,102.247,1.5,1
13-08-2014,00:56:04.115,102.25,102.249,1,1
13-08-2014,00:56:04.373,102.252,102.25,1,1
13-08-2014,00:56:04.474,102.253,102.251,4.69,1
13-08-2014,00:56:04.677,102.255,102.252,6,1
13-08-2014,00:56:05.182,102.255,102.251,1.5,2.25
13-08-2014,00:56:10.092,102.255,102.252,1,1
13-08-2014,00:56:17.275,102.254,102.252,1,1
13-08-2014,00:56:17.376,102.256,102.253,1,1
13-08-2014,00:56:17.882,102.256,102.254,1.25,1
13-08-2014,00:56:19.888,102.257,102.255,1,1
13-08-2014,00:56:20.091,102.258,102.256,1,1
13-08-2014,00:56:20.612,102.259,102.256,3.19,1
13-08-2014,00:56:21.127,102.259,102.256,3.19,1
13-08-2014,00:56:21.635,102.258,102.257,1.25,1
13-08-2014,00:56:22.408,102.258,102.255,1.25,2.63
13-08-2014,00:56:23.939,102.258,102.255,1.19,1.13
13-08-2014,00:56:24.443,102.257,102.254,1.69,1
13-08-2014,00:56:24.846,102.257,102.256,1.25,1
13-08-2014,00:56:26.518,102.258,102.255,2.44,1.5
13-08-2014,00:56:27.022,102.257,102.255,1.25,1
13-08-2014,00:56:30.795,102.256,102.255,1,1
13-08-2014,00:56:33.566,102.256,102.254,1,1
13-08-2014,00:56:34.433,102.256,102.253,1,1.69
13-08-2014,00:56:35.100,102.256,102.254,1,1
13-08-2014,00:56:36.224,102.257,102.255,3.19,1
13-08-2014,00:56:40.022,102.257,102.254,3.19,1
13-08-2014,00:56:42.111,102.257,102.253,3.19,1.69
13-08-2014,00:56:44.124,102.256,102.253,1,1
13-08-2014,00:56:45.539,102.256,102.252,2.44,1.69
13-08-2014,00:56:46.050,102.255,102.252,1.69,1
13-08-2014,00:56:47.081,102.255,102.251,5.44,1.69
13-08-2014,00:56:47.595,102.255,102.252,5.44,1
13-08-2014,00:56:49.285,102.255,102.251,6.57,1
13-08-2014,00:56:50.257,102.255,102.251,5.82,1
13-08-2014,00:56:50.758,102.255,102.251,6.57,1
13-08-2014,00:56:51.278,102.255,102.252,6.94,1
13-08-2014,00:56:51.786,102.253,102.252,1,1
13-08-2014,00:56:53.957,102.254,102.252,1.25,1
13-08-2014,00:56:54.461,102.253,102.252,3.75,1
13-08-2014,00:56:54.562,102.253,102.25,4.5,1.69
13-08-2014,00:56:54.713,102.251,102.25,3.75,1.5
13-08-2014,00:56:55.016,102.249,102.246,5.25,3
13-08-2014,00:56:55.066,102.249,102.246,5.25,2.25
13-08-2014,00:56:55.572,102.249,102.247,6.19,1
13-08-2014,00:56:55.879,102.251,102.248,5.82,1
13-08-2014,00:56:56.383,102.251,102.249,3.75,1.5
13-08-2014,00:57:00.292,102.253,102.249,1,1.5
13-08-2014,00:57:02.705,102.253,102.25,5.44,1
13-08-2014,00:57:03.210,102.252,102.25,1,1
13-08-2014,00:57:04.072,102.253,102.25,6.94,1
13-08-2014,00:57:04.839,102.252,102.25,1,1
13-08-2014,00:57:05.041,102.251,102.247,6.94,2.44
13-08-2014,00:57:07.345,102.248,102.247,3.75,1.25
13-08-2014,00:57:07.547,102.247,102.245,4.5,1.5
13-08-2014,00:57:08.052,102.246,102.244,1,1
13-08-2014,00:57:11.857,102.245,102.244,1.25,1
13-08-2014,00:57:12.361,102.245,102.243,1.25,1
13-08-2014,00:57:13.066,102.245,102.242,1.69,1.5
13-08-2014,00:57:17.375,102.244,102.242,1.25,1
13-08-2014,00:57:19.026,102.244,102.241,1.25,1
13-08-2014,00:57:22.878,102.243,102.241,1,1
13-08-2014,00:57:23.977,102.242,102.241,3.75,1
13-08-2014,00:57:24.028,102.242,102.239,4.75,1
13-08-2014,00:57:24.545,102.24,102.239,1,1
13-08-2014,00:57:26.256,102.242,102.239,6.19,1
13-08-2014,00:57:26.660,102.24,102.237,1,1.5
13-08-2014,00:57:26.962,102.236,102.234,1,1.25
13-08-2014,00:57:27.567,102.237,102.234,4.5,1.25
13-08-2014,00:57:28.021,102.235,102.233,3.75,2.44
13-08-2014,00:57:28.525,102.234,102.232,3.75,1
13-08-2014,00:57:29.583,102.235,102.232,2.44,1
13-08-2014,00:57:30.288,102.234,102.232,1.25,1
13-08-2014,00:57:30.793,102.235,102.232,6.19,1
13-08-2014,00:57:31.600,102.235,102.233,1.69,1
13-08-2014,00:57:32.105,102.236,102.233,1.32,1
13-08-2014,00:57:37.821,102.235,102.233,3.75,1
13-08-2014,00:57:41.552,102.236,102.233,4.5,1
13-08-2014,00:57:44.846,102.236,102.232,3.75,1.5
13-08-2014,00:57:56.182,102.236,102.232,1,3.94
13-08-2014,00:58:03.190,102.237,102.234,2.82,1
13-08-2014,00:58:03.810,102.237,102.233,4.32,1.5
13-08-2014,00:58:06.937,102.235,102.232,1,1.69
13-08-2014,00:58:07.507,102.235,102.231,5.44,3.94
13-08-2014,00:58:08.043,102.235,102.232,5.44,1
13-08-2014,00:58:09.014,102.235,102.233,1.25,1
13-08-2014,00:58:09.115,102.237,102.233,3.19,1
13-08-2014,00:58:15.150,102.237,102.233,3.57,1
13-08-2014,00:58:20.568,102.236,102.232,1.25,1.69
13-08-2014,00:58:21.072,102.235,102.231,1.69,3.19
13-08-2014,00:58:23.241,102.235,102.232,5.44,1.5
13-08-2014,00:58:24.223,102.234,102.232,1.69,1
13-08-2014,00:58:24.324,102.233,102.23,1.88,1.25
13-08-2014,00:58:24.836,102.234,102.231,1.69,1
13-08-2014,00:58:26.869,102.232,102.23,1,4.5
13-08-2014,00:58:26.970,102.234,102.231,1,1.69
13-08-2014,00:58:27.498,102.233,102.231,2.25,1.25
13-08-2014,00:58:27.549,102.232,102.229,1,1.5
13-08-2014,00:58:27.802,102.234,102.23,2.82,1.5
13-08-2014,00:58:27.852,102.232,102.23,1,1.5
13-08-2014,00:58:27.953,102.234,102.23,2.44,1.5
13-08-2014,00:58:28.054,102.232,102.23,1,1.5
13-08-2014,00:58:28.407,102.234,102.23,6.94,1.5
13-08-2014,00:58:28.623,102.232,102.23,1,1.5
13-08-2014,00:58:28.724,102.233,102.23,1,1.5
13-08-2014,00:58:29.080,102.232,102.23,1,1.5
13-08-2014,00:58:29.383,102.233,102.23,1,1.5
13-08-2014,00:58:29.898,102.232,102.23,1,1.69
13-08-2014,00:58:30.603,102.232,102.228,1,3.94
13-08-2014,00:58:31.123,102.232,102.23,3.75,1
13-08-2014,00:58:31.377,102.231,102.228,1.5,1.25
13-08-2014,00:58:32.389,102.23,102.228,3.75,1.25
13-08-2014,00:58:32.792,102.232,102.228,5.44,4.69
13-08-2014,00:58:33.297,102.233,102.23,1.25,1
13-08-2014,00:58:39.629,102.232,102.229,4.5,1.25
13-08-2014,00:58:40.133,102.233,102.229,4.69,2.44
13-08-2014,00:58:40.638,102.232,102.229,4.5,1.32
13-08-2014,00:58:41.596,102.232,102.228,5.44,4.32
13-08-2014,00:58:44.558,102.232,102.229,4.69,1
13-08-2014,00:58:44.659,102.234,102.23,6.94,1
13-08-2014,00:58:45.303,102.234,102.231,4.69,1
13-08-2014,00:59:00.404,102.235,102.231,6.75,1
13-08-2014,00:59:00.936,102.235,102.231,7.69,1
13-08-2014,00:59:06.117,102.235,102.23,7.69,7.32
13-08-2014,00:59:07.856,102.235,102.232,6.94,1
13-08-2014,00:59:08.369,102.235,102.232,6,1
13-08-2014,00:59:13.466,102.234,102.23,1,6.19
13-08-2014,00:59:20.483,102.233,102.23,1,2.44
13-08-2014,00:59:21.010,102.234,102.23,6.19,2.44
13-08-2014,00:59:27.900,102.233,102.23,1,2.44
13-08-2014,00:59:30.756,102.234,102.23,6.94,2.44
13-08-2014,00:59:43.148,102.232,102.23,1,1.69
13-08-2014,00:59:43.300,102.232,102.228,4.5,1
13-08-2014,00:59:43.821,102.232,102.227,4.5,7.69
13-08-2014,00:59:49.851,102.232,102.227,6.19,7.5
13-08-2014,00:59:50.413,102.23,102.228,1,2.44
13-08-2014,00:59:50.514,102.232,102.228,2.25,1.5
13-08-2014,00:59:51.131,102.232,102.229,2.44,1
13-08-2014,00:59:57.376,102.233,102.23,1.5,1
13-08-2014,00:59:57.917,102.232,102.229,3,1
13-08-2014,00:59:58.421,102.233,102.229,5.44,3.94
13-08-2014,01:00:01.016,102.235,102.23,5.44,2.07
13-08-2014,01:00:01.529,102.236,102.231,6.19,3.19
13-08-2014,01:00:01.731,102.236,102.233,6.94,1
13-08-2014,01:00:02.236,102.236,102.233,1,1.13
13-08-2014,01:00:02.539,102.238,102.235,1,5.25
13-08-2014,01:00:02.841,102.24,102.237,1.69,1.5
13-08-2014,01:00:03.345,102.241,102.237,9.19,1.69
13-08-2014,01:00:04.303,102.241,102.238,7.32,1
13-08-2014,01:00:04.808,102.242,102.239,1,1.5
13-08-2014,01:00:09.906,102.243,102.239,6.94,2.07
13-08-2014,01:00:10.421,102.242,102.24,1,1
13-08-2014,01:00:11.557,102.243,102.24,1.5,1
13-08-2014,01:00:11.924,102.243,102.242,1,1
13-08-2014,01:00:21.857,102.243,102.24,2.25,4.69
13-08-2014,01:00:22.009,102.244,102.241,1.69,1
13-08-2014,01:00:26.575,102.242,102.241,1.5,1
13-08-2014,01:00:27.079,102.243,102.24,1,4.69
13-08-2014,01:00:28.124,102.244,102.24,2.44,5.44
13-08-2014,01:00:28.678,102.245,102.241,2.44,3.75
13-08-2014,01:00:29.182,102.246,102.243,6.94,1
13-08-2014,01:00:29.709,102.244,102.242,3.75,1
13-08-2014,01:00:30.116,102.244,102.24,3.75,3.94
13-08-2014,01:00:35.979,102.241,102.239,1,6.19
13-08-2014,01:00:36.483,102.24,102.238,3.75,1
13-08-2014,01:00:38.734,102.24,102.236,3.75,3.94
13-08-2014,01:00:44.181,102.241,102.237,1.5,1
13-08-2014,01:00:45.007,102.241,102.237,3.19,1
13-08-2014,01:00:45.511,102.241,102.237,2.44,1
13-08-2014,01:00:48.474,102.24,102.236,3.75,4.69
13-08-2014,01:00:51.639,102.24,102.236,6.19,3.19
13-08-2014,01:00:52.158,102.239,102.236,5.25,1.69
13-08-2014,01:00:52.662,102.24,102.236,3.94,3.19
13-08-2014,01:00:53.670,102.24,102.236,3.75,3.94
13-08-2014,01:00:58.625,102.24,102.236,4.69,4.69
13-08-2014,01:00:59.597,102.24,102.236,4.5,4.69
13-08-2014,01:01:00.625,102.24,102.236,4.5,3.75
13-08-2014,01:01:02.206,102.24,102.236,4.5,4.69
13-08-2014,01:01:05.690,102.24,102.236,4.5,3
13-08-2014,01:01:05.993,102.238,102.236,3.75,1.5
13-08-2014,01:01:06.144,102.237,102.234,3.75,2.25
13-08-2014,01:01:20.591,102.236,102.234,1,1
13-08-2014,01:01:21.346,102.237,102.234,7.69,1
13-08-2014,01:01:21.883,102.237,102.234,9.19,1
13-08-2014,01:01:25.049,102.237,102.235,4.69,1
13-08-2014,01:01:25.251,102.238,102.236,1,1
13-08-2014,01:01:25.452,102.239,102.237,3.75,1
13-08-2014,01:01:25.755,102.238,102.236,3.75,1
13-08-2014,01:01:26.167,102.237,102.235,3.94,1
13-08-2014,01:01:39.393,102.24,102.235,2.44,5.82
13-08-2014,01:01:39.444,102.24,102.237,1.19,1
13-08-2014,01:01:39.747,102.24,102.238,1.19,1.88
13-08-2014,01:01:40.402,102.241,102.239,1.19,1
13-08-2014,01:01:40.503,102.243,102.24,6.94,1
13-08-2014,01:01:42.771,102.241,102.24,1.25,1
13-08-2014,01:01:42.821,102.241,102.237,5.44,3.94
13-08-2014,01:01:47.840,102.241,102.237,5.82,2.25
13-08-2014,01:01:49.843,102.241,102.237,5.07,2.25
13-08-2014,01:01:50.658,102.242,102.239,2.44,1
13-08-2014,01:01:50.860,102.243,102.239,7.5,1
13-08-2014,01:01:58.648,102.241,102.239,4.5,1
13-08-2014,01:01:59.008,102.241,102.237,5.44,2.44
13-08-2014,01:01:59.879,102.24,102.237,3.75,2.44
13-08-2014,01:02:03.833,102.24,102.238,3.75,1
13-08-2014,01:02:04.034,102.242,102.239,1.5,1.32
13-08-2014,01:02:04.580,102.243,102.239,5.44,1.32
13-08-2014,01:02:15.260,102.243,102.241,5.44,1
13-08-2014,01:02:17.976,102.243,102.24,6.19,1
13-08-2014,01:02:18.482,102.243,102.239,6.94,2.44
13-08-2014,01:02:26.131,102.241,102.239,3.75,1.5
13-08-2014,01:02:27.239,102.24,102.238,6.19,1
13-08-2014,01:02:27.290,102.24,102.237,6.19,1.5
13-08-2014,01:02:29.582,102.239,102.237,3.75,1.5
13-08-2014,01:03:10.805,102.24,102.237,4.32,1.5
13-08-2014,01:03:13.468,102.24,102.239,3.75,1
13-08-2014,01:03:13.569,102.242,102.239,1.32,2.25
13-08-2014,01:03:13.671,102.243,102.241,3.75,1
13-08-2014,01:03:13.988,102.244,102.242,1.69,1
13-08-2014,01:03:14.506,102.246,102.244,4.5,1
13-08-2014,01:03:15.022,102.246,102.244,4.5,1
13-08-2014,01:03:18.705,102.246,102.243,4.88,1
13-08-2014,01:03:28.943,102.247,102.243,6.19,2.44
13-08-2014,01:03:29.254,102.247,102.245,6.19,1
13-08-2014,01:03:29.811,102.249,102.245,2.82,1
13-08-2014,01:03:30.483,102.249,102.246,1.19,3.75
13-08-2014,01:03:30.534,102.25,102.247,1.5,1
13-08-2014,01:03:30.786,102.251,102.249,1.25,1
13-08-2014,01:03:30.938,102.253,102.249,1.5,6.19
13-08-2014,01:03:31.442,102.254,102.25,1.69,3.94
13-08-2014,01:03:31.493,102.254,102.253,1,3.94
13-08-2014,01:03:31.595,102.257,102.254,2.07,1
13-08-2014,01:03:39.668,102.257,102.254,3.75,2.25
13-08-2014,01:03:52.075,102.257,102.253,6.94,1.5
13-08-2014,01:03:55.296,102.257,102.252,7.69,1.5
13-08-2014,01:03:57.386,102.256,102.251,1,8.07
13-08-2014,01:03:57.891,102.254,102.251,1,3.57
13-08-2014,01:03:57.992,102.253,102.25,3.75,1.88
13-08-2014,01:03:58.345,102.252,102.248,1.25,2.82
13-08-2014,01:04:01.908,102.251,102.248,1,1.69
13-08-2014,01:04:02.060,102.249,102.246,1,3
13-08-2014,01:04:02.564,102.249,102.245,4.69,1.32
13-08-2014,01:04:12.524,102.249,102.246,2.25,1
13-08-2014,01:04:12.827,102.253,102.249,6.57,1
13-08-2014,01:04:14.636,102.253,102.249,5.25,1
13-08-2014,01:04:18.325,102.252,102.249,3.75,1.69
13-08-2014,01:04:24.259,102.253,102.249,5.44,1.69
13-08-2014,01:04:26.820,102.25,102.249,1,1.69
13-08-2014,01:04:27.122,102.248,102.247,1,1.5
13-08-2014,01:04:27.642,102.247,102.245,1,1
13-08-2014,01:04:28.461,102.247,102.244,1.69,1
13-08-2014,01:04:30.376,102.247,102.243,1.69,3.19
13-08-2014,01:04:35.779,102.247,102.244,1.69,1
13-08-2014,01:04:38.837,102.247,102.243,1.69,2.82
13-08-2014,01:04:40.056,102.248,102.246,5.44,1
13-08-2014,01:04:40.359,102.249,102.246,1.19,1.5
13-08-2014,01:04:40.713,102.251,102.248,1,1.5
13-08-2014,01:04:46.654,102.252,102.249,1,1.25
13-08-2014,01:04:47.618,102.251,102.249,1,1.25
13-08-2014,01:04:48.333,102.251,102.248,1,3.19
13-08-2014,01:04:52.558,102.252,102.248,1.69,3.19
13-08-2014,01:04:53.115,102.252,102.249,1.5,1.25
13-08-2014,01:05:00.674,102.252,102.248,1.5,2.44
13-08-2014,01:05:01.264,102.252,102.249,1,1
13-08-2014,01:05:05.675,102.252,102.249,1,2.07
13-08-2014,01:05:07.688,102.252,102.249,1,2.07
13-08-2014,01:05:16.754,102.252,102.249,1,1.69
13-08-2014,01:05:18.787,102.252,102.249,1,1.32
13-08-2014,01:05:19.673,102.253,102.249,6.19,1.32
13-08-2014,01:05:21.728,102.253,102.249,5.25,2.07
13-08-2014,01:05:22.260,102.252,102.249,1,1.32
13-08-2014,01:05:22.775,102.252,102.248,1,4.69
13-08-2014,01:05:31.793,102.252,102.248,1,3.19
13-08-2014,01:05:33.008,102.252,102.249,1,1
13-08-2014,01:05:33.626,102.252,102.248,1,3.19
13-08-2014,01:05:35.213,102.252,102.249,1,1.25
13-08-2014,01:05:43.829,102.252,102.249,1,2.44
13-08-2014,01:05:44.854,102.252,102.249,1,1.25
13-08-2014,01:05:46.825,102.252,102.248,1,3.19
13-08-2014,01:05:48.022,102.253,102.249,6,1
13-08-2014,01:05:55.892,102.253,102.249,6,1.69
13-08-2014,01:06:02.511,102.252,102.249,1,1.19
13-08-2014,01:06:03.015,102.252,102.249,1,1.25
13-08-2014,01:06:09.949,102.252,102.248,1,3.94
13-08-2014,01:06:14.007,102.252,102.249,1,1.25
13-08-2014,01:06:18.817,102.25,102.248,1,1.69
13-08-2014,01:06:19.321,102.25,102.247,1.5,3.94
13-08-2014,01:06:19.624,102.252,102.248,5.25,3.94
13-08-2014,01:06:20.497,102.252,102.248,2.44,3.19
13-08-2014,01:06:21.809,102.252,102.249,1,2.44
13-08-2014,01:06:24.941,102.252,102.248,1,7.32
13-08-2014,01:06:25.462,102.252,102.249,1,2.44
13-08-2014,01:06:29.514,102.252,102.251,1,1.25
13-08-2014,01:06:30.582,102.253,102.251,1,1.25
13-08-2014,01:06:35.537,102.253,102.25,5.25,2.44
13-08-2014,01:06:38.544,102.253,102.251,5.25,1.25
13-08-2014,01:06:49.988,102.252,102.251,1,2.44
13-08-2014,01:06:50.496,102.253,102.251,1.5,2.44
13-08-2014,01:06:51.007,102.253,102.25,4.5,2.44
13-08-2014,01:06:51.595,102.252,102.25,3.75,2.44
13-08-2014,01:06:52.142,102.251,102.248,1,3.19
13-08-2014,01:06:53.200,102.251,102.249,1.5,2.44
13-08-2014,01:06:55.080,102.25,102.248,1,2.44
13-08-2014,01:06:55.746,102.249,102.248,1,2.44
13-08-2014,01:07:02.082,102.249,102.247,1,1.69
13-08-2014,01:07:04.041,102.249,102.247,1,3.19
13-08-2014,01:07:09.140,102.249,102.247,1,3.19
13-08-2014,01:07:10.153,102.249,102.248,1,1.25
13-08-2014,01:07:12.156,102.249,102.247,1,3.19
13-08-2014,01:07:15.113,102.249,102.248,1,1.25
13-08-2014,01:07:16.119,102.249,102.247,1,1
13-08-2014,01:07:23.203,102.249,102.248,1,1.25
13-08-2014,01:07:24.180,102.249,102.247,1,3.19
13-08-2014,01:07:26.151,102.249,102.246,1,1.25
13-08-2014,01:07:26.559,102.247,102.245,1,2.07
13-08-2014,01:07:27.207,102.247,102.244,1,2.25
13-08-2014,01:07:36.586,102.247,102.243,1.25,2.44
13-08-2014,01:07:37.090,102.246,102.243,1.5,2.44
13-08-2014,01:07:54.684,102.246,102.242,1.5,6.19
13-08-2014,01:07:57.133,102.247,102.242,7.5,2.44
13-08-2014,01:07:57.641,102.247,102.243,7.69,1.25
13-08-2014,01:08:11.249,102.247,102.245,3,1
13-08-2014,01:08:11.753,102.247,102.244,3.75,1
13-08-2014,01:08:16.429,102.247,102.243,3.94,2.44
13-08-2014,01:08:32.049,102.247,102.244,3.75,1
13-08-2014,01:08:34.404,102.247,102.246,3,1
13-08-2014,01:08:34.555,102.249,102.247,1,1
13-08-2014,01:08:34.656,102.251,102.247,4.32,4.5
13-08-2014,01:08:35.160,102.251,102.248,1.13,1.5
13-08-2014,01:08:35.706,102.252,102.248,2.44,3.94
13-08-2014,01:08:36.348,102.252,102.248,2.25,3.94
13-08-2014,01:08:40.332,102.252,102.248,2.25,7.69
13-08-2014,01:08:41.323,102.251,102.248,1,3.19
13-08-2014,01:08:41.827,102.25,102.248,1,1
13-08-2014,01:08:42.356,102.25,102.248,1,1.69
13-08-2014,01:08:45.335,102.25,102.248,1,1
13-08-2014,01:08:47.302,102.25,102.248,1,1.69
13-08-2014,01:08:51.397,102.25,102.248,1,1.69
13-08-2014,01:08:53.854,102.25,102.249,1,1
13-08-2014,01:08:54.671,102.25,102.248,1,1.69
13-08-2014,01:08:54.924,102.248,102.246,1,3.75
13-08-2014,01:08:55.429,102.247,102.244,1,1
13-08-2014,01:08:59.269,102.246,102.244,1,1
13-08-2014,01:09:17.374,102.246,102.245,1,1
13-08-2014,01:09:33.231,102.246,102.244,1,1
13-08-2014,01:09:34.663,102.246,102.242,1,6.94
13-08-2014,01:09:35.192,102.246,102.243,1,1.25
13-08-2014,01:09:40.197,102.246,102.242,1,3.19
13-08-2014,01:09:42.764,102.246,102.243,1,1
13-08-2014,01:09:55.162,102.247,102.243,1.5,1.5
13-08-2014,01:10:01.304,102.246,102.243,3.94,2.25
13-08-2014,01:10:11.311,102.246,102.242,1.25,3.94
13-08-2014,01:10:16.290,102.245,102.242,1,2.44
13-08-2014,01:10:17.455,102.245,102.243,1,1.25
13-08-2014,01:10:17.917,102.247,102.243,2.82,1.25
13-08-2014,01:10:30.066,102.247,102.244,2.44,1
13-08-2014,01:10:33.780,102.248,102.244,4.32,1.69
13-08-2014,01:10:33.881,102.248,102.246,1.5,1
13-08-2014,01:10:33.982,102.25,102.247,3,4.69
13-08-2014,01:10:34.197,102.252,102.248,5.82,1.25
13-08-2014,01:10:41.773,102.25,102.247,1,5.07
13-08-2014,01:10:42.076,102.247,102.244,1.5,6
13-08-2014,01:10:50.012,102.247,102.245,1,1
13-08-2014,01:11:02.246,102.248,102.245,1,1
13-08-2014,01:11:23.170,102.247,102.245,1,1
13-08-2014,01:11:24.894,102.247,102.246,1,1
13-08-2014,01:11:28.167,102.247,102.245,1,2.25
13-08-2014,01:11:36.240,102.249,102.245,1.69,2.44
13-08-2014,01:11:37.413,102.25,102.246,8.07,1
13-08-2014,01:11:37.615,102.25,102.248,1.88,1
13-08-2014,01:11:38.119,102.251,102.247,4.32,1.69
13-08-2014,01:11:38.445,102.251,102.248,3.57,1
13-08-2014,01:11:39.357,102.251,102.248,3.57,1
13-08-2014,01:11:42.385,102.251,102.248,1,1.69
13-08-2014,01:11:44.446,102.251,102.248,1,1.69
13-08-2014,01:11:49.530,102.251,102.248,1,1.69
13-08-2014,01:11:50.528,102.251,102.248,1,4.5
13-08-2014,01:11:50.730,102.253,102.249,2.44,1
13-08-2014,01:11:50.781,102.251,102.247,1,7.69
13-08-2014,01:11:51.285,102.251,102.248,1.69,1
13-08-2014,01:11:54.758,102.251,102.247,2.25,1
13-08-2014,01:11:55.509,102.249,102.246,1.25,3
13-08-2014,01:11:56.013,102.248,102.246,1,1
13-08-2014,01:11:56.615,102.249,102.246,1,1
13-08-2014,01:11:57.135,102.25,102.246,4.32,1.5
13-08-2014,01:11:57.675,102.25,102.246,4.32,1
13-08-2014,01:11:58.548,102.25,102.246,3.19,1
13-08-2014,01:11:58.852,102.252,102.249,1,1.25
13-08-2014,01:11:59.421,102.253,102.249,2.07,1.25
13-08-2014,01:12:08.167,102.253,102.249,1,3.94
13-08-2014,01:12:08.470,102.253,102.252,1,1
13-08-2014,01:12:08.571,102.255,102.253,1.25,1
13-08-2014,01:12:12.686,102.255,102.252,1,1.25
13-08-2014,01:12:14.671,102.255,102.251,1,7.69
13-08-2014,01:12:15.694,102.255,102.252,1,1.25
13-08-2014,01:12:47.827,102.255,102.252,1.5,2.44
13-08-2014,01:12:56.023,102.255,102.252,1.5,1.25
13-08-2014,01:12:59.339,102.253,102.251,1,1.69
13-08-2014,01:13:08.334,102.253,102.251,1,6.19
13-08-2014,01:13:20.995,102.254,102.251,1,5.44
13-08-2014,01:13:24.494,102.252,102.25,1,2.25
13-08-2014,01:13:25.463,102.252,102.25,1,5.44
13-08-2014,01:13:28.482,102.251,102.249,1,6.19
13-08-2014,01:13:29.321,102.251,102.25,1,3.75
13-08-2014,01:13:30.217,102.251,102.249,1,1.25
13-08-2014,01:13:40.253,102.251,102.25,1,3.75
13-08-2014,01:13:44.403,102.251,102.249,1,5.44
13-08-2014,01:13:45.388,102.253,102.25,2.44,3.75
13-08-2014,01:13:46.189,102.251,102.249,1,5.44
13-08-2014,01:13:46.743,102.251,102.25,1,3.75
13-08-2014,01:13:47.362,102.251,102.249,1,4.5
13-08-2014,01:13:52.130,102.251,102.25,1,3.75
13-08-2014,01:13:59.726,102.251,102.249,1,4.69
13-08-2014,01:14:05.231,102.251,102.249,1.69,1
13-08-2014,01:14:05.584,102.25,102.246,3.19,6.57
13-08-2014,01:14:07.251,102.25,102.246,3.19,1.5
13-08-2014,01:14:09.352,102.25,102.246,3.19,1.25
13-08-2014,01:14:15.997,102.248,102.246,1,1.5
13-08-2014,01:14:17.552,102.249,102.246,1,2.44
13-08-2014,01:14:17.855,102.251,102.249,1,1
13-08-2014,01:14:23.010,102.25,102.249,1,1
13-08-2014,01:14:23.266,102.25,102.246,1.69,1.69
13-08-2014,01:14:23.770,102.25,102.246,1.69,3.94
13-08-2014,01:14:24.296,102.25,102.247,1.69,1
13-08-2014,01:14:26.804,102.25,102.246,1.69,3.94
13-08-2014,01:14:31.764,102.25,102.247,1.69,1
13-08-2014,01:14:32.367,102.25,102.248,1.25,4.5
13-08-2014,01:14:32.721,102.253,102.249,2.63,6.75
13-08-2014,01:14:32.924,102.253,102.252,1,3.75
13-08-2014,01:14:33.126,102.255,102.252,1,3.75
13-08-2014,01:14:40.188,102.255,102.254,1,3.75
13-08-2014,01:14:47.255,102.254,102.252,1,1.69
13-08-2014,01:14:47.769,102.254,102.253,1,3.75
13-08-2014,01:14:49.863,102.254,102.252,1,3.75
13-08-2014,01:14:51.915,102.254,102.252,1,3.75
13-08-2014,01:14:52.498,102.254,102.252,1,3.75
13-08-2014,01:14:53.052,102.254,102.253,1,3.75
13-08-2014,01:14:53.556,102.255,102.253,1.5,3.75
13-08-2014,01:15:04.320,102.257,102.255,1,1
13-08-2014,01:15:04.421,102.257,102.255,1,1
13-08-2014,01:15:04.623,102.259,102.255,4.69,4.5
13-08-2014,01:15:04.774,102.257,102.255,1,4.5
13-08-2014,01:15:05.177,102.259,102.255,4.69,4.88
13-08-2014,01:15:05.379,102.259,102.257,1,3.94
13-08-2014,01:15:05.681,102.26,102.258,1,6.57
13-08-2014,01:15:12.164,102.26,102.257,2.44,4.5
13-08-2014,01:15:12.366,102.259,102.255,3.19,1.13
13-08-2014,01:15:29.951,102.258,102.255,1,1
13-08-2014,01:15:33.147,102.258,102.254,2.44,7.32
13-08-2014,01:15:38.927,102.256,102.254,1,1.88
13-08-2014,01:15:39.229,102.254,102.252,1,1.25
13-08-2014,01:15:39.280,102.254,102.252,1,1.69
13-08-2014,01:15:43.796,102.255,102.252,1,1.69
13-08-2014,01:15:44.411,102.255,102.252,3.19,1.5
13-08-2014,01:15:51.163,102.253,102.25,1,6.19
13-08-2014,01:15:51.314,102.252,102.25,1,1.25
13-08-2014,01:15:51.583,102.251,102.247,2.44,7.69
13-08-2014,01:15:51.684,102.249,102.247,1.25,1.5
13-08-2014,01:15:52.013,102.246,102.244,2.44,1
13-08-2014,01:15:52.518,102.246,102.244,1.25,1
13-08-2014,01:16:03.005,102.246,102.245,1,1
13-08-2014,01:16:03.157,102.248,102.246,1,1.32
13-08-2014,01:16:03.258,102.25,102.248,1.5,1
13-08-2014,01:16:03.359,102.25,102.249,1,1
13-08-2014,01:16:03.864,102.249,102.247,1.5,1.25
13-08-2014,01:16:03.915,102.249,102.247,1.5,1
13-08-2014,01:16:18.694,102.25,102.247,1.5,3.94
13-08-2014,01:16:19.243,102.251,102.248,1,2.44
13-08-2014,01:16:20.647,102.25,102.248,1,1
13-08-2014,01:16:21.151,102.25,102.247,2.44,1
13-08-2014,01:16:24.640,102.25,102.248,1,1
13-08-2014,01:16:24.793,102.252,102.249,1,1.69
13-08-2014,01:16:25.302,102.251,102.249,1,2.44
13-08-2014,01:16:42.567,102.252,102.249,1,1.5
13-08-2014,01:17:20.818,102.253,102.249,1,3
13-08-2014,01:17:21.322,102.253,102.249,1,5.44
13-08-2014,01:17:21.848,102.253,102.249,1,5.44
13-08-2014,01:17:24.865,102.253,102.25,1,1.25
13-08-2014,01:17:27.842,102.253,102.249,1,4.69
13-08-2014,01:17:28.836,102.253,102.249,1,5.44
13-08-2014,01:17:38.878,102.253,102.249,1.25,5.44
13-08-2014,01:17:44.884,102.253,102.25,1.5,1.25
13-08-2014,01:17:46.972,102.252,102.249,1.25,3
13-08-2014,01:17:47.484,102.252,102.248,2.44,1.69
13-08-2014,01:18:00.284,102.25,102.248,1,1.25
13-08-2014,01:18:00.587,102.248,102.244,3.19,1.32
13-08-2014,01:18:01.041,102.245,102.243,1,1.32
13-08-2014,01:18:01.827,102.245,102.242,1,4.32
13-08-2014,01:18:05.144,102.246,102.242,1.25,5.82
13-08-2014,01:18:05.653,102.247,102.242,3.19,6.57
13-08-2014,01:18:13.782,102.247,102.244,1.5,1
13-08-2014,01:18:14.856,102.247,102.243,1.5,1.88
13-08-2014,01:18:20.094,102.248,102.243,3.94,3
13-08-2014,01:18:25.652,102.247,102.243,1.25,2.44
13-08-2014,01:18:42.788,102.246,102.243,3.75,1.69
13-08-2014,01:18:48.819,102.246,102.243,7.69,1
13-08-2014,01:18:49.790,102.246,102.243,7.69,1
13-08-2014,01:18:51.973,102.245,102.243,1,1
13-08-2014,01:18:52.511,102.245,102.242,1.5,2.44
13-08-2014,01:19:22.973,102.245,102.242,2.44,1
13-08-2014,01:19:23.539,102.245,102.241,2.44,1
13-08-2014,01:19:25.144,102.244,102.24,1.25,3.19
13-08-2014,01:19:25.649,102.243,102.239,1.25,3.19
13-08-2014,01:19:25.951,102.24,102.238,1,1
13-08-2014,01:19:26.457,102.24,102.237,1,1.25
13-08-2014,01:19:26.961,102.24,102.237,1,1.19
13-08-2014,01:19:41.773,102.24,102.236,1,3.94
13-08-2014,01:19:42.804,102.24,102.237,1,1.19
13-08-2014,01:19:54.025,102.241,102.237,1,1.69
13-08-2014,01:19:58.977,102.242,102.238,2.44,1.25
13-08-2014,01:20:10.484,102.242,102.239,3.19,1
13-08-2014,01:20:16.836,102.242,102.238,6.94,2.44
13-08-2014,01:20:38.121,102.242,102.238,6.94,1.5
13-08-2014,01:20:46.132,102.242,102.238,6.94,1.69
13-08-2014,01:21:12.271,102.242,102.239,6.19,1
13-08-2014,01:21:19.856,102.242,102.24,1,1
13-08-2014,01:21:20.395,102.242,102.239,1.69,1.5
13-08-2014,01:21:20.905,102.243,102.24,1,1.5
13-08-2014,01:21:21.308,102.244,102.242,1.5,1
13-08-2014,01:21:21.560,102.246,102.243,1.25,1.5
13-08-2014,01:21:21.662,102.248,102.246,6,1
13-08-2014,01:21:21.813,102.251,102.246,2.07,1.5
13-08-2014,01:21:21.964,102.251,102.248,1.32,3.75
13-08-2014,01:21:22.468,102.252,102.247,2.25,2.44
13-08-2014,01:21:24.059,102.252,102.247,2.25,2.44
13-08-2014,01:21:40.976,102.252,102.249,3.19,1
13-08-2014,01:21:59.144,102.252,102.248,1,3.19
13-08-2014,01:22:00.135,102.252,102.249,1,1.25
13-08-2014,01:22:01.454,102.252,102.248,1.25,3.19
13-08-2014,01:22:03.028,102.251,102.248,1.25,1.5
13-08-2014,01:22:12.472,102.252,102.248,3.94,1.88
13-08-2014,01:22:13.340,102.251,102.247,1,9
13-08-2014,01:22:13.845,102.251,102.247,1,9
13-08-2014,01:22:19.245,102.251,102.248,1,1
13-08-2014,01:22:21.724,102.251,102.247,1,5.25
13-08-2014,01:22:33.678,102.251,102.248,1.69,1
13-08-2014,01:22:51.133,102.252,102.249,1.5,1
13-08-2014,01:22:58.219,102.253,102.249,1.69,2.25
13-08-2014,01:22:58.766,102.252,102.249,1.25,2.25
13-08-2014,01:23:03.628,102.253,102.249,1.69,2.82
13-08-2014,01:23:05.675,102.252,102.249,1.25,2.63
13-08-2014,01:23:07.679,102.253,102.249,4.69,2.25
13-08-2014,01:23:08.979,102.253,102.25,5.44,1
13-08-2014,01:23:09.518,102.253,102.249,5.44,2.63
13-08-2014,01:23:11.123,102.253,102.25,1.69,1
13-08-2014,01:23:11.627,102.252,102.25,3.75,1
13-08-2014,01:23:15.393,102.253,102.25,3.75,1
13-08-2014,01:23:17.359,102.254,102.25,6.94,1
13-08-2014,01:23:21.588,102.252,102.249,1.25,3
13-08-2014,01:23:21.739,102.25,102.246,2.25,3.38
13-08-2014,01:23:22.193,102.248,102.246,1,1
13-08-2014,01:23:22.698,102.247,102.246,1,1
13-08-2014,01:23:23.101,102.247,102.244,1.5,1
13-08-2014,01:23:26.485,102.248,102.244,7.69,1
13-08-2014,01:23:27.563,102.248,102.245,3.19,1
13-08-2014,01:23:28.121,102.248,102.244,3.19,1.5
13-08-2014,01:23:29.038,102.248,102.246,2.44,1
13-08-2014,01:23:29.240,102.25,102.247,4.5,1
13-08-2014,01:23:29.745,102.251,102.248,1.25,5.25
13-08-2014,01:23:30.318,102.252,102.248,1.69,6.19
13-08-2014,01:23:31.716,102.252,102.25,1,1
13-08-2014,01:23:33.454,102.252,102.248,1,3.38
13-08-2014,01:23:37.790,102.252,102.249,1,1
13-08-2014,01:23:38.768,102.252,102.248,1.25,4.32
13-08-2014,01:23:40.347,102.252,102.248,1,4.32
13-08-2014,01:23:50.369,102.253,102.249,6.19,2.07
13-08-2014,01:23:53.209,102.251,102.249,1,1.69
13-08-2014,01:23:53.713,102.249,102.246,1,4.69
13-08-2014,01:23:53.764,102.249,102.247,5.44,1
13-08-2014,01:23:53.915,102.248,102.247,1,1
13-08-2014,01:23:53.965,102.247,102.245,4.75,1
13-08-2014,01:23:54.487,102.247,102.245,3.75,1
13-08-2014,01:23:55.652,102.247,102.244,3.75,3
13-08-2014,01:23:56.157,102.245,102.241,2.75,2.25
13-08-2014,01:23:58.269,102.245,102.243,4.69,1
13-08-2014,01:23:59.277,102.244,102.242,1.25,1
13-08-2014,01:23:59.780,102.245,102.243,1.5,1
13-08-2014,01:24:08.826,102.246,102.244,1.69,1
13-08-2014,01:24:14.970,102.245,102.244,1,1
13-08-2014,01:24:27.054,102.246,102.244,2.25,1.5
13-08-2014,01:24:30.203,102.246,102.245,1.25,1
13-08-2014,01:24:30.707,102.246,102.244,1.5,1.5
13-08-2014,01:25:06.319,102.247,102.244,4.69,1.5
13-08-2014,01:25:07.276,102.248,102.244,1.69,2.25
13-08-2014,01:25:14.860,102.248,102.245,1.25,1.5
13-08-2014,01:25:15.163,102.25,102.249,1,1
13-08-2014,01:25:15.667,102.251,102.249,3.75,1
13-08-2014,01:25:16.182,102.252,102.249,5.63,1
13-08-2014,01:25:30.896,102.251,102.248,1,1
13-08-2014,01:25:31.553,102.251,102.249,1.5,1
13-08-2014,01:25:36.157,102.251,102.248,1,1.25
13-08-2014,01:25:36.666,102.252,102.248,4.69,1.25
13-08-2014,01:25:37.175,102.252,102.249,3.19,1
13-08-2014,01:25:37.691,102.251,102.249,1,1
13-08-2014,01:25:38.200,102.252,102.249,1.69,1
13-08-2014,01:25:43.212,102.251,102.249,3.75,1.25
13-08-2014,01:25:44.191,102.252,102.249,1.5,1
13-08-2014,01:25:53.489,102.25,102.249,1,1
13-08-2014,01:25:53.540,102.25,102.246,5.25,3
13-08-2014,01:25:53.893,102.248,102.246,1,1
13-08-2014,01:25:54.146,102.248,102.244,6.19,1.25
13-08-2014,01:25:54.649,102.248,102.245,6.19,1.5
13-08-2014,01:25:55.153,102.248,102.244,6.19,2.44
13-08-2014,01:25:56.106,102.248,102.244,6.19,2.25
13-08-2014,01:25:57.382,102.246,102.244,4.5,1
13-08-2014,01:25:57.735,102.244,102.242,1.5,1
13-08-2014,01:25:57.987,102.243,102.239,4.5,2.44
13-08-2014,01:25:59.077,102.241,102.239,1,3.19
13-08-2014,01:25:59.589,102.241,102.238,1,1.25
13-08-2014,01:26:00.102,102.241,102.237,1,3
13-08-2014,01:26:08.897,102.241,102.238,1,1
13-08-2014,01:26:09.199,102.242,102.24,1.25,1
13-08-2014,01:26:09.719,102.243,102.24,1.69,1
13-08-2014,01:26:10.961,102.243,102.239,6.19,2.44
13-08-2014,01:26:12.790,102.242,102.239,1,2.82
13-08-2014,01:26:13.295,102.243,102.24,1.69,1
13-08-2014,01:26:17.287,102.242,102.24,3.75,1.5
13-08-2014,01:26:17.790,102.243,102.24,1,1
13-08-2014,01:26:20.179,102.242,102.24,1.69,1
13-08-2014,01:26:20.431,102.24,102.236,6.94,1.25
13-08-2014,01:26:20.482,102.239,102.236,1.19,1
13-08-2014,01:26:20.987,102.24,102.236,1,1.69
13-08-2014,01:26:22.363,102.24,102.238,1,1
13-08-2014,01:26:22.926,102.241,102.238,2.82,1
13-08-2014,01:26:25.151,102.24,102.238,1.5,1
13-08-2014,01:26:27.210,102.239,102.238,1,1
13-08-2014,01:26:27.714,102.239,102.236,1,1.19
13-08-2014,01:26:28.217,102.239,102.236,1,1.25
13-08-2014,01:26:29.171,102.24,102.236,4.69,1.25
13-08-2014,01:26:29.676,102.242,102.239,6.94,1
13-08-2014,01:26:30.029,102.242,102.237,6.19,6.19
13-08-2014,01:26:30.533,102.241,102.237,3.75,6.19
13-08-2014,01:26:31.049,102.242,102.237,2.44,3.94
13-08-2014,01:26:36.399,102.243,102.238,6.94,2.44
13-08-2014,01:26:37.374,102.243,102.238,6.19,1.5
13-08-2014,01:26:44.887,102.243,102.24,6.19,1
13-08-2014,01:26:45.412,102.244,102.241,6.19,1
13-08-2014,01:26:45.916,102.244,102.241,5.25,1
13-08-2014,01:26:49.081,102.242,102.241,1,1
13-08-2014,01:26:49.183,102.241,102.239,1,1
13-08-2014,01:26:49.695,102.24,102.238,1,1.69
