Time,Ask,Bid,AskVolume,BidVolume,
2014.08.15,00:00:01.487,1.33615,1.33613,3.38,1.5
2014.08.15,00:00:04.829,1.33616,1.33614,1.5,1
2014.08.15,00:00:07.930,1.33615,1.33613,2.63,1
2014.08.15,00:00:08.434,1.33614,1.33613,1,1
2014.08.15,00:00:08.942,1.33614,1.33612,1,1
2014.08.15,00:00:09.447,1.33613,1.33612,1.5,1
2014.08.15,00:00:09.955,1.33613,1.33611,1.5,1
2014.08.15,00:00:10.900,1.33613,1.3361,1.5,1.88
2014.08.15,00:00:15.583,1.33613,1.33611,1.5,1
2014.08.15,00:00:15.735,1.33612,1.33609,1,1.5
2014.08.15,00:00:15.920,1.3361,1.33607,1.5,1.5
2014.08.15,00:00:16.274,1.33608,1.33605,1,1.5
2014.08.15,00:00:16.325,1.33608,1.33606,1.13,1
2014.08.15,00:00:16.577,1.33607,1.33604,2.25,1.88
2014.08.15,00:00:16.788,1.33607,1.33605,1.5,1
2014.08.15,00:00:17.299,1.33608,1.33606,1,1
2014.08.15,00:00:17.876,1.33607,1.33606,1.5,1
2014.08.15,00:00:23.478,1.33608,1.33606,1,1
2014.08.15,00:00:23.983,1.33609,1.33606,6.38,1
2014.08.15,00:00:24.529,1.33608,1.33607,1,1
2014.08.15,00:00:25.031,1.33609,1.33607,6.38,1
2014.08.15,00:01:04.748,1.33608,1.33607,1,1
2014.08.15,00:01:25.100,1.33609,1.33607,2.25,1
2014.08.15,00:01:46.170,1.33608,1.33607,1,1
2014.08.15,00:01:46.675,1.33608,1.33606,2.25,1.25
2014.08.15,00:01:50.844,1.33608,1.33606,2.25,1
2014.08.15,00:01:52.679,1.33609,1.33607,3,1
2014.08.15,00:01:54.886,1.33608,1.33606,3,1
2014.08.15,00:01:58.936,1.33607,1.33604,2.63,2.63
2014.08.15,00:01:58.988,1.33606,1.33604,1,3.38
2014.08.15,00:02:05.872,1.33606,1.33605,1.5,1
2014.08.15,00:02:19.708,1.33607,1.33605,2.25,1
2014.08.15,00:02:20.331,1.33606,1.33605,1,1
2014.08.15,00:02:20.843,1.33607,1.33605,1.5,1
2014.08.15,00:02:21.364,1.33606,1.33605,1,1
2014.08.15,00:02:21.878,1.33607,1.33605,1,1
2014.08.15,00:02:22.392,1.33606,1.33605,1,1
2014.08.15,00:02:22.900,1.33607,1.33605,1.5,1
2014.08.15,00:02:23.422,1.33606,1.33605,1,1
2014.08.15,00:02:24.091,1.33607,1.33605,1.5,1
2014.08.15,00:02:24.805,1.33606,1.33605,1,1
2014.08.15,00:02:25.814,1.33607,1.33605,3.38,1
2014.08.15,00:02:26.328,1.33606,1.33605,1,1
2014.08.15,00:02:26.877,1.33606,1.33604,1,2.82
2014.08.15,00:02:27.489,1.33607,1.33604,3.38,2.07
2014.08.15,00:02:28.170,1.33606,1.33604,1,2.82
2014.08.15,00:02:28.840,1.33607,1.33604,3.38,2.07
2014.08.15,00:02:29.371,1.33606,1.33604,1,2.82
2014.08.15,00:02:29.901,1.33607,1.33604,1,2.82
2014.08.15,00:02:35.044,1.33607,1.33606,1,1
2014.08.15,00:02:37.924,1.33607,1.33605,1,1
2014.08.15,00:02:57.686,1.33607,1.33604,1,3
2014.08.15,00:03:05.061,1.33607,1.33605,1,1.32
2014.08.15,00:03:05.566,1.33607,1.33604,1,1.5
2014.08.15,00:03:19.306,1.33608,1.33604,3.19,2.07
2014.08.15,00:03:26.196,1.33608,1.33605,3.75,1
2014.08.15,00:03:44.081,1.33608,1.33604,3.94,2.82
2014.08.15,00:03:50.935,1.33608,1.33605,3.75,1
2014.08.15,00:03:57.087,1.33607,1.33605,1,1
2014.08.15,00:04:18.314,1.33607,1.33604,1,3
2014.08.15,00:04:19.761,1.33607,1.33605,1,1
2014.08.15,00:04:53.864,1.33607,1.33604,1.5,3.19
2014.08.15,00:04:55.335,1.33607,1.33604,1.5,3.94
2014.08.15,00:04:59.157,1.33607,1.33604,1.5,3.75
2014.08.15,00:05:48.159,1.33607,1.33604,1.5,2.07
2014.08.15,00:05:52.656,1.33607,1.33604,1.5,2.07
2014.08.15,00:05:54.225,1.33607,1.33604,1,4.77
2014.08.15,00:05:56.044,1.33607,1.33604,1,2.52
2014.08.15,00:05:56.549,1.33607,1.33604,1,3.27
2014.08.15,00:05:58.552,1.33607,1.33604,1,2.33
2014.08.15,00:05:59.156,1.33607,1.33605,1,1.2
2014.08.15,00:05:59.747,1.33607,1.33604,1,2.33
2014.08.15,00:06:00.309,1.33607,1.33605,1,1.39
2014.08.15,00:06:04.604,1.33608,1.33604,3.75,3.57
2014.08.15,00:06:05.109,1.33608,1.33606,1,1
2014.08.15,00:06:14.515,1.33608,1.33606,1,1.23
2014.08.15,00:06:15.486,1.33608,1.33606,1,1.3
2014.08.15,00:06:15.994,1.33608,1.33606,1,1.23
2014.08.15,00:06:17.032,1.33608,1.33606,1,1.3
2014.08.15,00:06:17.826,1.33608,1.33606,1,1.23
2014.08.15,00:06:18.366,1.33608,1.33606,1,1.3
2014.08.15,00:06:18.880,1.33608,1.33606,1,1.23
2014.08.15,00:06:19.391,1.33608,1.33606,1,1.3
2014.08.15,00:06:19.905,1.33608,1.33606,1,1.23
2014.08.15,00:06:20.418,1.33608,1.33606,1,1.3
2014.08.15,00:06:21.185,1.33608,1.33606,1,1.23
2014.08.15,00:06:21.797,1.33608,1.33606,1,1.3
2014.08.15,00:06:22.410,1.3361,1.33606,12.38,2.4
2014.08.15,00:06:22.938,1.33609,1.33606,1.25,3.15
2014.08.15,00:06:23.439,1.3361,1.33606,7.5,2.4
2014.08.15,00:06:24.051,1.33609,1.33606,1.69,2.4
2014.08.15,00:06:24.598,1.3361,1.33606,6,2.4
2014.08.15,00:06:25.177,1.33609,1.33606,1.69,2.4
2014.08.15,00:06:25.706,1.3361,1.33606,5.44,2.4
2014.08.15,00:06:26.211,1.3361,1.33606,7.69,1.88
2014.08.15,00:06:28.364,1.3361,1.33607,4.5,1
2014.08.15,00:06:31.490,1.33609,1.33607,1,1
2014.08.15,00:06:32.001,1.33609,1.33606,1,2.44
2014.08.15,00:06:32.508,1.33609,1.33607,1,1
2014.08.15,00:07:15.990,1.33609,1.33606,1.25,2.25
2014.08.15,00:07:32.204,1.33609,1.33607,2.44,1
2014.08.15,00:07:43.579,1.3361,1.33607,9.98,1
2014.08.15,00:07:44.083,1.3361,1.33609,1,1
2014.08.15,00:07:44.386,1.33612,1.3361,1.5,1
2014.08.15,00:07:44.437,1.33613,1.33611,2.44,1
2014.08.15,00:07:44.639,1.33613,1.33612,1.5,2.25
2014.08.15,00:07:44.690,1.33615,1.33613,3,1.5
2014.08.15,00:07:45.093,1.33616,1.33612,4.32,3.94
2014.08.15,00:07:45.194,1.33616,1.33614,2.82,1
2014.08.15,00:07:46.995,1.33615,1.33614,1,1
2014.08.15,00:07:47.135,1.33615,1.33612,1.35,2.44
2014.08.15,00:07:47.590,1.33616,1.33614,2.44,1
2014.08.15,00:07:48.097,1.33616,1.33615,1.5,1
2014.08.15,00:07:48.602,1.33618,1.33614,3.57,4.5
2014.08.15,00:07:49.107,1.33616,1.33612,5.1,5.44
2014.08.15,00:07:49.714,1.33616,1.33612,2.63,3.19
2014.08.15,00:07:50.016,1.33616,1.33615,1.5,1
2014.08.15,00:07:50.974,1.33615,1.33613,1,1.69
2014.08.15,00:07:51.025,1.33615,1.33613,1,1.69
2014.08.15,00:07:52.003,1.33615,1.33612,1.88,1.5
2014.08.15,00:07:53.133,1.33615,1.33613,1.88,1
2014.08.15,00:07:53.953,1.33615,1.33612,1.88,1.5
2014.08.15,00:07:54.464,1.33615,1.33613,1.88,1
2014.08.15,00:07:55.227,1.33615,1.33612,1.69,1.5
2014.08.15,00:07:55.774,1.33615,1.33613,1.69,1
2014.08.15,00:07:56.281,1.33615,1.33612,2.07,1.5
2014.08.15,00:07:56.795,1.33615,1.33613,2.07,1
2014.08.15,00:07:57.299,1.33615,1.33612,2.07,1.5
2014.08.15,00:07:57.861,1.33615,1.33613,1.69,1
2014.08.15,00:07:58.406,1.33615,1.33612,1.5,1.5
2014.08.15,00:07:59.042,1.33615,1.33613,1.88,1
2014.08.15,00:07:59.589,1.33615,1.33612,1.5,1.5
2014.08.15,00:08:00.411,1.33615,1.33613,1.88,1
2014.08.15,00:08:01.067,1.33615,1.33612,1.88,1.5
2014.08.15,00:08:01.572,1.33615,1.33613,1.88,1
2014.08.15,00:08:02.076,1.33615,1.33612,1.88,1.5
2014.08.15,00:08:02.673,1.33615,1.33613,1.88,1
2014.08.15,00:08:03.275,1.33615,1.33612,1.5,1.5
2014.08.15,00:08:03.779,1.33616,1.33612,3,4.88
2014.08.15,00:08:04.310,1.33616,1.33613,3.75,2.25
2014.08.15,00:08:05.124,1.33616,1.33612,3,4.88
2014.08.15,00:08:05.728,1.33616,1.33613,3.75,2.25
2014.08.15,00:08:06.762,1.33616,1.33613,4.88,2.44
2014.08.15,00:08:07.271,1.33616,1.33612,3.38,4.88
2014.08.15,00:08:07.777,1.33616,1.33613,4.88,2.25
2014.08.15,00:08:08.344,1.33616,1.33613,4.88,2.25
2014.08.15,00:08:08.849,1.33616,1.33612,3.38,4.88
2014.08.15,00:08:09.363,1.33616,1.33612,3.38,4.88
2014.08.15,00:08:09.909,1.33616,1.33612,3.38,4.88
2014.08.15,00:08:10.228,1.33616,1.33614,4.88,1.5
2014.08.15,00:08:10.880,1.33616,1.33614,4.88,1.5
2014.08.15,00:08:11.392,1.33616,1.33614,4.88,1.5
2014.08.15,00:08:11.900,1.33616,1.33614,4.88,1.5
2014.08.15,00:08:12.496,1.33616,1.33613,3.38,3.19
2014.08.15,00:08:13.075,1.33616,1.33614,4.88,1.5
2014.08.15,00:08:13.579,1.33616,1.33614,4.13,1.5
2014.08.15,00:08:13.837,1.33616,1.33614,3,1.5
2014.08.15,00:08:14.350,1.33616,1.33613,1.5,1.69
2014.08.15,00:08:14.869,1.33616,1.33614,2.25,1.5
2014.08.15,00:08:15.379,1.33616,1.33613,1.5,1.69
2014.08.15,00:08:15.928,1.33616,1.33614,2.25,1.5
2014.08.15,00:08:16.432,1.33616,1.33613,1.5,1.69
2014.08.15,00:08:16.964,1.33616,1.33614,2.25,1.5
2014.08.15,00:08:17.737,1.33616,1.33613,1.5,1.69
2014.08.15,00:08:18.403,1.33616,1.33614,2.25,1.5
2014.08.15,00:08:18.913,1.33616,1.33613,1.5,1.69
2014.08.15,00:08:19.531,1.33616,1.33614,2.25,1.5
2014.08.15,00:08:20.348,1.33616,1.33613,1.5,1.69
2014.08.15,00:08:20.862,1.33616,1.33614,2.25,1.5
2014.08.15,00:08:21.374,1.33616,1.33613,1.5,1.69
2014.08.15,00:08:21.885,1.33616,1.33614,2.25,1.5
2014.08.15,00:08:22.505,1.33616,1.33613,1.5,1.69
2014.08.15,00:08:23.070,1.33616,1.33614,2.25,1.5
2014.08.15,00:08:23.424,1.33614,1.33612,1.5,1.88
2014.08.15,00:08:23.929,1.33614,1.33611,3.6,2.25
2014.08.15,00:08:32.809,1.33614,1.33612,2.25,1
2014.08.15,00:08:37.117,1.33614,1.33611,1.5,2.25
2014.08.15,00:08:43.959,1.33613,1.33611,1,1.5
2014.08.15,00:08:44.261,1.33614,1.33612,1.5,8.25
2014.08.15,00:08:44.771,1.33615,1.33612,1,7.5
2014.08.15,00:08:45.276,1.33615,1.33613,1,5.25
2014.08.15,00:08:45.377,1.33615,1.33613,1,5.25
2014.08.15,00:08:45.912,1.33615,1.33612,1,7.88
2014.08.15,00:08:46.443,1.33615,1.33613,1,5.25
2014.08.15,00:08:46.778,1.33614,1.33612,1.88,5.63
2014.08.15,00:08:47.395,1.33614,1.33612,1.88,6.38
2014.08.15,00:08:47.933,1.33616,1.33613,4.5,4.5
2014.08.15,00:08:48.484,1.33614,1.33612,1.88,6.38
2014.08.15,00:08:48.840,1.33616,1.33614,3,1.5
2014.08.15,00:08:49.193,1.33615,1.33614,1.88,1.5
2014.08.15,00:08:50.515,1.33615,1.33612,3.38,5.07
2014.08.15,00:08:51.053,1.33615,1.33613,3.38,4.5
2014.08.15,00:08:51.693,1.33615,1.33612,3.38,5.07
2014.08.15,00:08:52.206,1.33615,1.33613,3.38,4.5
2014.08.15,00:08:52.820,1.33615,1.33612,3.38,5.07
2014.08.15,00:08:53.328,1.33615,1.33613,3.38,4.5
2014.08.15,00:08:53.950,1.33614,1.33613,1,4.5
2014.08.15,00:08:54.925,1.33615,1.33612,2.25,4.69
2014.08.15,00:08:55.443,1.33614,1.33613,1,4.5
2014.08.15,00:08:56.265,1.33615,1.33612,3,4.69
2014.08.15,00:08:57.403,1.33614,1.33613,1,5.25
2014.08.15,00:08:57.917,1.33615,1.33612,2.25,7.32
2014.08.15,00:08:58.434,1.33614,1.33613,1,5.25
2014.08.15,00:08:59.001,1.33615,1.33612,2.25,8.07
2014.08.15,00:08:59.512,1.33614,1.33613,1,5.44
2014.08.15,00:09:00.077,1.33615,1.33612,3,8.07
2014.08.15,00:09:00.694,1.33614,1.33613,1,5.44
2014.08.15,00:09:01.201,1.33615,1.33612,3,2.93
2014.08.15,00:09:01.779,1.33614,1.33613,1,1.62
2014.08.15,00:09:02.467,1.33615,1.33612,2.25,1.99
2014.08.15,00:09:03.004,1.33614,1.33613,1,1.62
2014.08.15,00:09:04.024,1.33615,1.33612,3,1.99
2014.08.15,00:09:04.557,1.33614,1.33613,1,1.62
2014.08.15,00:09:05.263,1.33615,1.33612,2.25,1.62
2014.08.15,00:09:06.101,1.33614,1.33613,1,1.62
2014.08.15,00:09:06.675,1.33615,1.33612,3,1.62
2014.08.15,00:09:07.416,1.33614,1.33613,1,1.62
2014.08.15,00:09:08.354,1.33615,1.33613,2.25,1
2014.08.15,00:09:08.866,1.33614,1.33613,1,2.37
2014.08.15,00:09:09.589,1.33615,1.33613,3,1
2014.08.15,00:09:10.097,1.33614,1.33613,1,5.37
2014.08.15,00:09:11.025,1.33615,1.33613,3,1.25
2014.08.15,00:09:11.530,1.33614,1.33613,1,6.3
2014.08.15,00:09:12.363,1.33615,1.33613,1.88,1.25
2014.08.15,00:09:12.818,1.33616,1.33615,1.5,1
2014.08.15,00:09:13.071,1.33615,1.33613,1.88,1.25
2014.08.15,00:09:13.576,1.33614,1.33613,1,6.3
2014.08.15,00:09:13.879,1.33616,1.33613,2.1,6.3
2014.08.15,00:09:15.592,1.33617,1.33613,7.92,1.25
2014.08.15,00:09:16.118,1.33616,1.33613,1.5,6.3
2014.08.15,00:09:16.630,1.33617,1.33613,7.92,1.25
2014.08.15,00:09:17.181,1.33616,1.33613,1.5,6.3
2014.08.15,00:09:17.758,1.33615,1.33613,1,1.25
2014.08.15,00:09:18.274,1.33616,1.33613,2.25,6.3
2014.08.15,00:09:18.897,1.33615,1.33612,1,9.3
2014.08.15,00:09:19.874,1.33616,1.33613,3,5.55
2014.08.15,00:09:20.381,1.33615,1.33613,1,5.55
2014.08.15,00:09:20.992,1.33616,1.33612,1.5,9.3
2014.08.15,00:09:21.504,1.33615,1.33613,1,5.55
2014.08.15,00:09:22.039,1.33615,1.33614,1,1
2014.08.15,00:09:22.644,1.33616,1.33614,1,1.5
2014.08.15,00:09:23.424,1.33615,1.33614,1,1
2014.08.15,00:09:23.525,1.33615,1.33612,3,1
2014.08.15,00:09:24.030,1.33614,1.3361,3,4.32
2014.08.15,00:09:25.243,1.33613,1.3361,1.5,3.19
2014.08.15,00:09:25.759,1.33613,1.3361,1,2.44
2014.08.15,00:09:28.640,1.33614,1.33611,3,1
2014.08.15,00:09:28.943,1.33616,1.33612,3.94,2.25
2014.08.15,00:09:29.463,1.33616,1.33613,3.94,2.25
2014.08.15,00:09:29.979,1.33615,1.33613,1,2.25
2014.08.15,00:09:30.497,1.33616,1.33612,2.25,3.75
2014.08.15,00:09:31.061,1.33615,1.33613,1,2.25
2014.08.15,00:09:31.608,1.33616,1.33612,2.25,3.75
2014.08.15,00:09:32.187,1.33615,1.33613,1,2.25
2014.08.15,00:09:32.713,1.33616,1.33612,2.25,4.13
2014.08.15,00:09:33.345,1.33613,1.33612,1,1.5
2014.08.15,00:09:34.152,1.33612,1.3361,1,1.25
2014.08.15,00:09:44.296,1.33612,1.33611,1,1
2014.08.15,00:09:44.801,1.33611,1.3361,1,1.5
2014.08.15,00:09:49.748,1.33612,1.3361,3.57,1.5
2014.08.15,00:09:50.268,1.33611,1.33609,1.69,1.5
2014.08.15,00:09:51.106,1.3361,1.33607,3.38,1.69
2014.08.15,00:09:51.159,1.33609,1.33607,1.13,1.5
2014.08.15,00:09:51.311,1.33608,1.33605,1.13,2.44
2014.08.15,00:09:51.877,1.33607,1.33605,1,3.19
2014.08.15,00:09:52.441,1.33608,1.33605,1.88,2.44
2014.08.15,00:09:52.984,1.33607,1.33605,1,3.94
2014.08.15,00:09:53.716,1.33608,1.33605,1.88,2.44
2014.08.15,00:09:54.324,1.33607,1.33605,1,5.07
2014.08.15,00:09:54.894,1.33608,1.33605,1.88,4.69
2014.08.15,00:09:55.251,1.33608,1.33607,1,1
2014.08.15,00:09:55.755,1.33609,1.33608,1,1
2014.08.15,00:09:55.806,1.33611,1.33609,1.25,1
2014.08.15,00:10:01.656,1.33612,1.3361,1.69,1
2014.08.15,00:10:03.511,1.33613,1.3361,2.25,2.25
2014.08.15,00:10:04.217,1.33612,1.3361,1,1
2014.08.15,00:10:04.719,1.33613,1.3361,3.75,1
2014.08.15,00:10:05.240,1.33612,1.3361,1,1
2014.08.15,00:10:05.747,1.33613,1.3361,3.75,1
2014.08.15,00:10:06.258,1.33612,1.3361,1,1
2014.08.15,00:10:06.824,1.33613,1.3361,3.75,1
2014.08.15,00:10:07.333,1.33612,1.3361,1.69,1
2014.08.15,00:10:07.838,1.33611,1.3361,1,1
2014.08.15,00:10:15.903,1.33611,1.33609,1,1.5
2014.08.15,00:10:28.208,1.33612,1.33609,2.25,1.5
2014.08.15,00:10:41.300,1.33612,1.3361,2.25,1
2014.08.15,00:10:41.554,1.33615,1.33612,6.38,3
2014.08.15,00:10:41.858,1.33617,1.33614,1,3.75
2014.08.15,00:10:42.848,1.33618,1.33614,4.88,1
2014.08.15,00:10:43.376,1.33617,1.33614,1,2.25
2014.08.15,00:10:43.917,1.33618,1.33614,4.88,1
2014.08.15,00:10:44.438,1.33617,1.33614,1,2.25
2014.08.15,00:10:45.002,1.33618,1.33614,4.88,1.5
2014.08.15,00:10:45.615,1.33617,1.33614,1,3.75
2014.08.15,00:10:46.414,1.33618,1.33614,4.88,1.5
2014.08.15,00:10:47.065,1.33617,1.33614,1,3.75
2014.08.15,00:10:47.682,1.33618,1.33614,4.88,1.5
2014.08.15,00:10:48.286,1.33617,1.33614,1,4.13
2014.08.15,00:10:49.414,1.33618,1.33614,4.88,2.07
2014.08.15,00:10:49.920,1.33617,1.33614,1.5,2.82
2014.08.15,00:11:06.743,1.33617,1.33613,1,4.69
2014.08.15,00:11:07.258,1.33617,1.33614,1,1.5
2014.08.15,00:11:07.763,1.33617,1.33613,1,4.69
2014.08.15,00:11:08.288,1.33617,1.33614,1,1.5
2014.08.15,00:11:08.845,1.33617,1.33613,1,4.69
2014.08.15,00:11:09.358,1.33617,1.33614,1,1.5
2014.08.15,00:11:09.874,1.33617,1.33613,1,4.69
2014.08.15,00:11:10.381,1.33617,1.33614,1,1.5
2014.08.15,00:11:11.526,1.33617,1.33613,1,4.69
2014.08.15,00:11:12.038,1.33617,1.33614,1,1.69
2014.08.15,00:11:15.118,1.33617,1.33613,1.5,2.25
2014.08.15,00:11:18.782,1.33615,1.33613,4.54,1
2014.08.15,00:11:19.002,1.33614,1.33611,3.19,2.25
2014.08.15,00:11:19.507,1.33613,1.33611,1.69,1.5
2014.08.15,00:11:20.113,1.33614,1.33611,1.25,2.25
2014.08.15,00:11:20.567,1.33615,1.33613,4.5,1
2014.08.15,00:11:20.870,1.33618,1.33613,6.19,6.38
2014.08.15,00:11:21.374,1.33618,1.33614,5.44,1.69
2014.08.15,00:11:23.459,1.33618,1.33613,4.5,5.07
2014.08.15,00:11:24.064,1.33618,1.33614,5.25,1.5
2014.08.15,00:11:24.568,1.33618,1.33614,4.5,1.19
2014.08.15,00:11:25.380,1.33617,1.33614,1,2.44
2014.08.15,00:11:25.482,1.33617,1.33613,1,4.32
2014.08.15,00:11:25.583,1.33614,1.33613,1.5,1.13
2014.08.15,00:11:25.684,1.33614,1.3361,1.5,6.19
2014.08.15,00:11:26.189,1.33613,1.3361,1.69,1
2014.08.15,00:11:31.753,1.33613,1.3361,2.44,1
2014.08.15,00:11:32.270,1.33614,1.3361,6.57,1.5
2014.08.15,00:11:33.215,1.33614,1.3361,5.82,1.69
2014.08.15,00:11:47.505,1.33613,1.3361,1,1.5
2014.08.15,00:11:56.237,1.33612,1.3361,1.5,1
2014.08.15,00:11:56.755,1.33613,1.3361,3.94,1
2014.08.15,00:11:59.061,1.33613,1.3361,3.94,1
2014.08.15,00:12:06.141,1.33613,1.3361,3.19,1
2014.08.15,00:12:06.662,1.33613,1.33609,3.94,1.5
2014.08.15,00:12:08.337,1.33612,1.33609,1,1.5
2014.08.15,00:12:08.841,1.33612,1.33609,3,1.5
2014.08.15,00:12:10.147,1.33612,1.3361,2.25,1
2014.08.15,00:12:11.392,1.33612,1.3361,2.82,1
2014.08.15,00:12:11.996,1.33612,1.33609,2.07,1.5
2014.08.15,00:12:22.672,1.3361,1.33609,1,1.5
2014.08.15,00:12:23.177,1.3361,1.33608,1,1.5
2014.08.15,00:12:23.531,1.33608,1.33606,1,1.5
2014.08.15,00:12:24.036,1.33609,1.33606,3.94,1.5
2014.08.15,00:12:24.187,1.33609,1.33607,2.44,1
2014.08.15,00:12:28.851,1.3361,1.33608,3.94,1
2014.08.15,00:12:29.531,1.33609,1.33608,1,1
2014.08.15,00:12:30.714,1.3361,1.33608,5.07,1
2014.08.15,00:13:12.961,1.33609,1.33606,1,1.69
2014.08.15,00:13:23.378,1.33609,1.33605,1.5,2.25
2014.08.15,00:13:27.108,1.33609,1.33605,1.5,1.69
2014.08.15,00:13:29.501,1.33609,1.33605,1.5,1.69
2014.08.15,00:13:42.604,1.33608,1.33605,1,1.5
2014.08.15,00:13:47.772,1.33609,1.33605,3,1
2014.08.15,00:13:48.331,1.33608,1.33605,1.25,1
2014.08.15,00:13:50.354,1.33609,1.33604,5.44,4.32
2014.08.15,00:13:50.974,1.33608,1.33605,1,1
2014.08.15,00:13:51.579,1.33609,1.33605,5.44,1
2014.08.15,00:13:52.221,1.33608,1.33605,1,1
2014.08.15,00:13:52.732,1.33608,1.33606,1.25,1
2014.08.15,00:13:53.306,1.33609,1.33606,3,1
2014.08.15,00:13:53.811,1.33609,1.33608,1.25,1
2014.08.15,00:13:57.468,1.33609,1.33606,1,1.5
2014.08.15,00:14:00.484,1.3361,1.33606,5.07,1.09
2014.08.15,00:14:01.705,1.3361,1.33606,1.32,3.79
2014.08.15,00:14:02.275,1.3361,1.33606,1.69,3.79
2014.08.15,00:14:03.552,1.3361,1.33607,2.07,1
2014.08.15,00:14:04.323,1.3361,1.33606,1.32,3.94
2014.08.15,00:14:04.937,1.3361,1.33607,1.32,1
2014.08.15,00:14:05.642,1.3361,1.33606,1.32,3.94
2014.08.15,00:14:06.253,1.3361,1.33607,2.07,1
2014.08.15,00:14:07.629,1.33611,1.33606,2.44,5.44
2014.08.15,00:14:08.715,1.33611,1.33609,3.57,1
2014.08.15,00:14:11.605,1.33612,1.3361,2.07,1
2014.08.15,00:14:30.313,1.33611,1.3361,1,1
2014.08.15,00:14:32.072,1.33612,1.3361,2.44,1
2014.08.15,00:14:32.576,1.33613,1.33611,1.25,1
2014.08.15,00:14:55.587,1.33612,1.3361,1,1
2014.08.15,00:14:56.121,1.33611,1.3361,1,1
2014.08.15,00:14:58.661,1.33612,1.3361,2.25,1
2014.08.15,00:14:58.863,1.33612,1.33609,2.25,2.25
2014.08.15,00:14:59.371,1.33611,1.33609,1,2.25
2014.08.15,00:15:07.517,1.33612,1.33609,4.13,1
2014.08.15,00:15:08.491,1.33612,1.33609,5.82,1
2014.08.15,00:15:09.523,1.33612,1.33609,4.13,1
2014.08.15,00:15:10.028,1.33612,1.33609,4.5,1
2014.08.15,00:15:23.843,1.33612,1.33609,2.82,1.5
2014.08.15,00:15:27.454,1.33612,1.33609,5.07,1.5
2014.08.15,00:15:28.534,1.33612,1.33609,3.57,1.5
2014.08.15,00:15:29.057,1.33612,1.33609,2.44,1.5
2014.08.15,00:15:30.184,1.33612,1.33609,1.69,1.5
2014.08.15,00:15:32.037,1.33611,1.33609,1,1
2014.08.15,00:15:32.391,1.3361,1.33607,2.25,1.25
2014.08.15,00:15:32.895,1.33609,1.33606,1,2.44
2014.08.15,00:15:33.400,1.3361,1.33606,10.17,1.69
2014.08.15,00:15:33.932,1.33609,1.33606,1,1.5
2014.08.15,00:15:39.007,1.3361,1.33606,7.54,1.5
2014.08.15,00:15:39.523,1.33609,1.33606,1,2.25
2014.08.15,00:15:53.216,1.33609,1.33607,1.25,1
2014.08.15,00:15:53.858,1.33608,1.33607,1,1
2014.08.15,00:15:54.496,1.33609,1.33607,3.94,1
2014.08.15,00:15:55.006,1.33608,1.33607,1,1
2014.08.15,00:15:55.591,1.33609,1.33607,3.94,1
2014.08.15,00:15:56.105,1.33608,1.33607,1,1
2014.08.15,00:15:57.143,1.33609,1.33607,3,1
2014.08.15,00:15:57.693,1.33608,1.33606,1,1.5
2014.08.15,00:15:58.896,1.33609,1.33606,3.19,1
2014.08.15,00:15:59.693,1.33608,1.33606,1,1.5
2014.08.15,00:15:59.896,1.33607,1.33605,1,1.5
2014.08.15,00:16:00.047,1.33605,1.33604,2.1,1
2014.08.15,00:16:00.148,1.33605,1.33602,2.1,1.5
2014.08.15,00:16:01.004,1.33606,1.33604,5.1,1.5
2014.08.15,00:16:01.258,1.3361,1.33606,11.07,1.5
2014.08.15,00:16:02.550,1.33609,1.33605,1,4.13
2014.08.15,00:16:03.054,1.33608,1.33605,1,1.13
2014.08.15,00:16:08.382,1.3361,1.33606,13.17,1
2014.08.15,00:16:08.888,1.3361,1.33607,3.19,1
2014.08.15,00:16:19.826,1.33611,1.33609,3.19,1
2014.08.15,00:16:20.230,1.33613,1.3361,1.69,1.5
2014.08.15,00:16:20.735,1.33613,1.3361,1.25,1.5
2014.08.15,00:16:25.678,1.33611,1.33609,2.1,1.5
2014.08.15,00:16:26.183,1.3361,1.33609,2.1,1
2014.08.15,00:16:26.685,1.33611,1.33609,4.73,1
2014.08.15,00:16:27.189,1.33611,1.33608,4.92,2.25
2014.08.15,00:16:28.066,1.33611,1.33609,3.42,1
2014.08.15,00:16:30.483,1.33611,1.33609,2.82,1
2014.08.15,00:16:31.053,1.33612,1.3361,2.07,1.5
2014.08.15,00:16:31.523,1.33613,1.3361,1.25,2.25
2014.08.15,00:16:32.087,1.33613,1.3361,1.69,1.5
2014.08.15,00:16:32.808,1.33613,1.3361,1,1.5
2014.08.15,00:16:33.062,1.33615,1.33612,8.67,1
2014.08.15,00:16:33.588,1.33615,1.33613,4.54,1
2014.08.15,00:16:38.158,1.33614,1.33612,1,1
2014.08.15,00:16:38.209,1.33613,1.33611,1,1
2014.08.15,00:16:38.713,1.33615,1.33612,10.32,1
2014.08.15,00:16:39.552,1.33615,1.33613,10.92,1
2014.08.15,00:16:44.989,1.33615,1.33613,4.54,1
2014.08.15,00:16:46.732,1.33615,1.33614,2.25,2.25
2014.08.15,00:16:46.884,1.33618,1.33616,1,1
2014.08.15,00:16:46.986,1.3362,1.33615,2.44,3
2014.08.15,00:16:47.340,1.3362,1.33617,6.42,1.5
2014.08.15,00:16:47.794,1.33621,1.33619,2.82,1
2014.08.15,00:16:48.450,1.33622,1.33619,1,1.5
2014.08.15,00:16:48.960,1.33623,1.3362,1.69,2.25
2014.08.15,00:16:49.978,1.33623,1.3362,1,2.25
2014.08.15,00:16:50.502,1.33623,1.33621,1,1
2014.08.15,00:16:52.525,1.33623,1.3362,1.5,1.5
2014.08.15,00:17:07.484,1.33623,1.3362,2.44,1.5
2014.08.15,00:17:09.132,1.33623,1.3362,1.69,1.5
2014.08.15,00:17:12.530,1.33623,1.3362,6.19,1.5
2014.08.15,00:17:15.701,1.33623,1.3362,5.44,1.5
2014.08.15,00:17:20.654,1.33621,1.3362,1,1.5
2014.08.15,00:17:20.806,1.33621,1.33618,2.07,2.25
2014.08.15,00:17:20.908,1.33621,1.33619,2.44,1
2014.08.15,00:17:21.413,1.33621,1.33619,4.32,1
2014.08.15,00:17:21.925,1.33621,1.33619,2.07,1
2014.08.15,00:17:22.443,1.33621,1.33618,2.07,2.25
2014.08.15,00:17:22.957,1.33621,1.33619,2.07,1
2014.08.15,00:17:23.472,1.33621,1.33618,2.07,1.5
2014.08.15,00:17:24.089,1.33621,1.33619,2.07,1
2014.08.15,00:17:24.725,1.33622,1.3362,2.44,1
2014.08.15,00:17:25.129,1.33623,1.33621,2.82,1
2014.08.15,00:17:25.655,1.33623,1.3362,3.57,1.5
2014.08.15,00:17:26.197,1.33623,1.3362,5.82,1.5
2014.08.15,00:17:35.860,1.33623,1.3362,3.94,2.25
2014.08.15,00:17:44.703,1.33622,1.3362,4.13,1
2014.08.15,00:17:44.755,1.33621,1.33618,1.5,2.25
2014.08.15,00:17:45.267,1.33621,1.33617,9.19,1
2014.08.15,00:17:46.179,1.3362,1.33617,4.69,1.5
2014.08.15,00:17:47.819,1.3362,1.33618,1.19,1
2014.08.15,00:17:48.071,1.33621,1.33619,3.75,1
2014.08.15,00:17:48.273,1.33622,1.33621,2.25,1
2014.08.15,00:17:49.061,1.33622,1.3362,1,3
2014.08.15,00:17:49.565,1.33622,1.33621,1,1
2014.08.15,00:17:50.215,1.33623,1.33621,1.5,1
2014.08.15,00:18:03.378,1.33625,1.33622,5.07,1.5
2014.08.15,00:18:03.479,1.33625,1.33623,4.32,1
2014.08.15,00:18:03.631,1.33627,1.33625,1,1
2014.08.15,00:18:03.682,1.33627,1.33625,1,1
2014.08.15,00:18:03.834,1.3363,1.33627,9.38,1.5
2014.08.15,00:18:04.137,1.33631,1.33629,3.94,2.5
2014.08.15,00:18:04.288,1.33633,1.33631,1,2.25
2014.08.15,00:18:04.440,1.33635,1.33633,1,6
2014.08.15,00:18:04.542,1.33638,1.33636,1.5,1
2014.08.15,00:18:04.744,1.3364,1.33636,7.32,3.75
2014.08.15,00:18:05.097,1.33641,1.33639,3.19,1
2014.08.15,00:18:05.452,1.33639,1.33636,4.6,1.5
2014.08.15,00:18:05.705,1.3364,1.33638,4.32,1
2014.08.15,00:18:06.210,1.33641,1.33637,2.25,3
2014.08.15,00:18:06.311,1.33641,1.3364,1,1
2014.08.15,00:18:06.412,1.33641,1.33639,1,2.25
2014.08.15,00:18:06.816,1.33643,1.33641,1.5,1.5
2014.08.15,00:18:06.867,1.33645,1.33642,7.69,1
2014.08.15,00:18:07.287,1.33643,1.33642,1,1
2014.08.15,00:18:07.439,1.33643,1.33642,1.25,1
2014.08.15,00:18:07.591,1.33643,1.33642,1.25,1
2014.08.15,00:18:07.642,1.33642,1.33639,2.07,3.38
2014.08.15,00:18:08.146,1.33641,1.33639,1.43,1.5
2014.08.15,00:18:08.712,1.33641,1.33639,2.67,1.5
2014.08.15,00:18:09.231,1.33641,1.33639,1.43,1.5
2014.08.15,00:18:09.736,1.33641,1.33639,1.92,1.5
2014.08.15,00:18:10.240,1.33641,1.33639,1.92,1.5
2014.08.15,00:18:10.878,1.33641,1.33639,1.32,1.5
2014.08.15,00:18:11.729,1.33642,1.33639,6.79,1
2014.08.15,00:18:12.638,1.33641,1.33639,1,1
2014.08.15,00:18:13.277,1.33641,1.33639,1.5,1
2014.08.15,00:18:13.892,1.33641,1.33639,1,1
2014.08.15,00:18:14.514,1.33641,1.33639,1.5,1
2014.08.15,00:18:15.413,1.33641,1.33639,1,1
2014.08.15,00:18:16.264,1.33642,1.33639,7.54,1
2014.08.15,00:18:17.277,1.33641,1.33639,1.5,1
2014.08.15,00:18:18.179,1.33641,1.33639,2.25,1
2014.08.15,00:18:18.696,1.33641,1.33639,2.44,1
2014.08.15,00:18:19.227,1.33641,1.33639,1.69,1
2014.08.15,00:18:20.033,1.33641,1.33639,1.69,1
2014.08.15,00:18:20.545,1.33641,1.33639,2.44,1
2014.08.15,00:18:21.268,1.33641,1.33639,1.69,1
2014.08.15,00:18:21.830,1.33641,1.33639,1.69,1
2014.08.15,00:18:22.401,1.33641,1.33639,1.69,1
2014.08.15,00:18:24.299,1.3364,1.33638,1,1
2014.08.15,00:18:25.588,1.3364,1.33637,1.69,2.25
2014.08.15,00:18:35.791,1.3364,1.33638,1.25,1
2014.08.15,00:18:35.993,1.33641,1.33639,1.5,1
2014.08.15,00:18:36.499,1.33641,1.3364,1.25,1
2014.08.15,00:18:37.341,1.33642,1.3364,3.19,1
2014.08.15,00:18:37.878,1.33641,1.3364,1,1
2014.08.15,00:18:38.398,1.33642,1.3364,3.94,1
2014.08.15,00:18:39.161,1.33641,1.3364,1,1
2014.08.15,00:18:41.582,1.33641,1.33638,2.07,2.25
2014.08.15,00:18:42.124,1.33641,1.3364,2.82,1
2014.08.15,00:18:42.687,1.33642,1.33638,9.42,1.5
2014.08.15,00:18:43.421,1.33641,1.3364,2.82,1
2014.08.15,00:18:43.968,1.33641,1.33638,2.82,2.25
2014.08.15,00:18:44.501,1.33641,1.3364,2.82,1
2014.08.15,00:18:45.013,1.33641,1.33638,2.82,2.25
2014.08.15,00:18:46.304,1.33641,1.3364,2.82,1
2014.08.15,00:18:46.864,1.33642,1.33638,9.42,1.5
2014.08.15,00:18:47.821,1.33641,1.33639,1.17,1
2014.08.15,00:18:48.336,1.33641,1.33639,3.42,1
2014.08.15,00:18:49.502,1.33641,1.33639,1.17,1
2014.08.15,00:18:50.021,1.33641,1.33639,1.43,1
2014.08.15,00:18:50.723,1.33641,1.33639,3.42,1
2014.08.15,00:18:51.561,1.33641,1.33639,3.42,1
2014.08.15,00:18:52.682,1.33641,1.33639,1.17,1
2014.08.15,00:18:53.210,1.33641,1.33639,1.43,1
2014.08.15,00:18:53.863,1.33641,1.33639,3.42,1
2014.08.15,00:18:54.372,1.33641,1.33639,3.42,1
2014.08.15,00:18:55.139,1.33642,1.33639,9.42,1
2014.08.15,00:18:55.649,1.33641,1.33639,2.82,1
2014.08.15,00:18:56.160,1.33641,1.33639,2.82,1
2014.08.15,00:18:56.673,1.33641,1.33639,3.57,1
2014.08.15,00:18:57.286,1.33641,1.33639,1.32,1
2014.08.15,00:18:57.813,1.33641,1.33639,2.07,1
2014.08.15,00:18:58.516,1.33641,1.33639,2.07,1
2014.08.15,00:18:59.080,1.33641,1.33639,2.07,1
2014.08.15,00:18:59.629,1.33641,1.33639,2.07,1
2014.08.15,00:19:00.152,1.3364,1.33639,1.13,1
2014.08.15,00:19:01.737,1.33641,1.33639,2.07,1
2014.08.15,00:19:02.246,1.3364,1.33639,1.13,1
2014.08.15,00:19:02.814,1.33641,1.33639,2.07,1
2014.08.15,00:19:03.473,1.3364,1.33639,1.13,1
2014.08.15,00:19:03.995,1.33641,1.33639,2.44,1
2014.08.15,00:19:04.496,1.3364,1.33639,1,1
2014.08.15,00:19:09.641,1.33641,1.33639,2.07,1
2014.08.15,00:19:10.145,1.3364,1.33639,1.13,1
2014.08.15,00:19:10.933,1.3364,1.33638,1.32,1
2014.08.15,00:19:18.188,1.3364,1.33637,3.94,1.5
2014.08.15,00:19:18.491,1.33636,1.33634,3.98,13.13
2014.08.15,00:19:18.996,1.33635,1.33634,1.69,1
2014.08.15,00:19:19.511,1.33635,1.33633,3.19,1
2014.08.15,00:19:23.468,1.33635,1.33633,4.32,1
2014.08.15,00:19:24.658,1.33636,1.33634,9.42,1
2014.08.15,00:19:25.064,1.33639,1.33636,5.82,1
2014.08.15,00:19:25.283,1.33639,1.33638,1,1
2014.08.15,00:19:25.435,1.33641,1.33638,8.67,1
2014.08.15,00:19:25.990,1.3364,1.33638,1,1
2014.08.15,00:19:26.495,1.33639,1.33638,1.5,1
2014.08.15,00:19:26.647,1.33639,1.33635,2.25,10.32
2014.08.15,00:19:27.717,1.33639,1.33635,2.44,6.19
2014.08.15,00:19:41.815,1.33639,1.33635,2.25,5.44
2014.08.15,00:19:43.627,1.33639,1.33635,2.25,11.82
2014.08.15,00:19:44.388,1.33639,1.33635,2.44,6.94
2014.08.15,00:19:53.586,1.33639,1.33637,2.44,1
2014.08.15,00:20:00.259,1.33639,1.33637,3.19,1
2014.08.15,00:20:00.613,1.33637,1.33634,1,6.94
2014.08.15,00:20:00.765,1.33636,1.33635,8.85,1.5
2014.08.15,00:20:01.277,1.33636,1.33635,1,1
2014.08.15,00:20:01.378,1.33638,1.33636,2.25,1
2014.08.15,00:20:01.479,1.3364,1.33636,5.07,1.5
2014.08.15,00:20:01.732,1.33641,1.33638,7.69,1
2014.08.15,00:20:03.056,1.3364,1.33637,1.92,1.5
2014.08.15,00:20:07.907,1.3364,1.33638,1.54,1
2014.08.15,00:20:08.362,1.33642,1.33639,1.69,1
2014.08.15,00:20:08.666,1.33642,1.3364,2.85,1
2014.08.15,00:20:09.002,1.3364,1.33638,1,5.63
2014.08.15,00:20:09.153,1.3364,1.33638,1,1
2014.08.15,00:20:14.483,1.33641,1.33638,3.94,1.5
2014.08.15,00:20:14.534,1.33641,1.3364,1.5,1
2014.08.15,00:20:15.039,1.33642,1.3364,2.25,1
2014.08.15,00:20:15.343,1.33641,1.33639,1,1.13
2014.08.15,00:20:20.970,1.3364,1.33638,1.13,1
2014.08.15,00:20:21.493,1.3364,1.33637,1.13,1.5
2014.08.15,00:20:24.841,1.3364,1.33638,3.19,1
2014.08.15,00:20:25.094,1.33638,1.33637,1,1
2014.08.15,00:20:26.055,1.33639,1.33637,1.25,1
2014.08.15,00:20:26.509,1.3364,1.33638,2.25,1
2014.08.15,00:20:37.049,1.3364,1.33637,1.69,1
2014.08.15,00:20:38.624,1.3364,1.33636,3.57,2.44
2014.08.15,00:20:38.725,1.33638,1.33636,1,1.69
2014.08.15,00:20:39.029,1.33635,1.33633,1.5,1.5
2014.08.15,00:20:49.903,1.33636,1.33634,8.07,1
2014.08.15,00:20:59.987,1.33637,1.33635,1.25,2.25
2014.08.15,00:21:08.042,1.33635,1.33633,1,3
2014.08.15,00:21:08.144,1.33635,1.33633,3.15,1
2014.08.15,00:21:09.129,1.33633,1.33631,1,1
2014.08.15,00:21:09.180,1.33632,1.3363,1,3.75
2014.08.15,00:21:29.540,1.33633,1.3363,2.25,1
2014.08.15,00:21:31.785,1.33633,1.3363,3.94,1.88
2014.08.15,00:21:32.751,1.33633,1.3363,3.19,1.5
2014.08.15,00:21:36.823,1.33631,1.3363,1.5,1
2014.08.15,00:21:37.429,1.3363,1.33628,1,1.25
2014.08.15,00:21:37.530,1.33631,1.33628,7.69,1
2014.08.15,00:21:37.699,1.33629,1.33627,1.5,1
2014.08.15,00:21:38.205,1.33629,1.33626,3.75,1.5
2014.08.15,00:21:39.977,1.33629,1.33628,1.5,1
2014.08.15,00:22:10.187,1.33631,1.33629,1.69,1
2014.08.15,00:22:10.339,1.33633,1.33631,1.5,1
2014.08.15,00:22:10.440,1.33635,1.33633,10.5,1.5
2014.08.15,00:22:10.592,1.33637,1.33634,1.69,1.5
2014.08.15,00:22:14.520,1.33637,1.33635,1,1
2014.08.15,00:22:15.033,1.33638,1.33635,1.69,1
2014.08.15,00:22:16.502,1.33638,1.33636,2.44,1
2014.08.15,00:22:17.007,1.3364,1.33637,8.44,1
2014.08.15,00:22:17.533,1.3364,1.33636,5.07,3.75
2014.08.15,00:22:18.039,1.3364,1.33636,3.57,3.19
2014.08.15,00:22:18.810,1.3364,1.33637,3.19,1
2014.08.15,00:22:19.113,1.3364,1.33638,1,2.25
2014.08.15,00:22:19.264,1.33643,1.33641,1,1
2014.08.15,00:22:20.883,1.33643,1.33642,1,1
2014.08.15,00:22:22.009,1.33643,1.33641,1,2.44
2014.08.15,00:22:34.143,1.33644,1.33641,1,2.44
2014.08.15,00:22:34.809,1.33643,1.33641,1.5,1.25
2014.08.15,00:22:38.414,1.33643,1.3364,1.69,5.25
2014.08.15,00:22:39.033,1.33643,1.33641,1.5,1
2014.08.15,00:22:39.547,1.33643,1.3364,1.5,7.88
2014.08.15,00:22:40.061,1.33643,1.33641,1.5,1
2014.08.15,00:22:40.624,1.33643,1.3364,1.5,9.57
2014.08.15,00:22:41.552,1.33643,1.33641,1.5,1
2014.08.15,00:22:42.093,1.33643,1.3364,1.5,4.69
2014.08.15,00:22:42.603,1.33643,1.33641,1.5,1
2014.08.15,00:22:43.173,1.33643,1.3364,1.5,5.44
2014.08.15,00:23:10.946,1.33643,1.33641,4.69,1
2014.08.15,00:23:11.300,1.33644,1.33642,1.69,1
2014.08.15,00:23:14.231,1.33643,1.33642,2.25,1.5
2014.08.15,00:23:14.781,1.33646,1.33644,3,1
2014.08.15,00:23:14.983,1.33647,1.33645,1,1
2014.08.15,00:23:15.135,1.33649,1.33646,4.5,1
2014.08.15,00:23:15.640,1.33648,1.33646,1,1
2014.08.15,00:23:15.791,1.33646,1.33645,1,1
2014.08.15,00:23:15.993,1.33644,1.33642,1,3.94
2014.08.15,00:23:16.510,1.33644,1.33643,1.5,1
2014.08.15,00:23:18.958,1.33644,1.33642,1,1
2014.08.15,00:23:20.489,1.33644,1.33641,1,3.94
2014.08.15,00:23:24.448,1.33643,1.33641,1,3.79
2014.08.15,00:23:27.921,1.33644,1.33641,2.44,3
2014.08.15,00:23:28.022,1.33644,1.33643,1.25,1
2014.08.15,00:23:28.325,1.33644,1.33641,1.25,3
2014.08.15,00:23:30.988,1.33644,1.33642,1,1
2014.08.15,00:23:31.802,1.33644,1.33641,1,5.82
2014.08.15,00:23:32.319,1.33644,1.33642,1,1
2014.08.15,00:23:32.917,1.33644,1.33641,1,5.82
2014.08.15,00:23:33.603,1.33644,1.33642,1,1
2014.08.15,00:23:34.284,1.33644,1.33641,1,5.82
2014.08.15,00:23:34.928,1.33644,1.33642,1,1
2014.08.15,00:23:35.436,1.33644,1.33641,1,5.63
2014.08.15,00:23:36.051,1.33644,1.33642,1,1
2014.08.15,00:23:36.566,1.33644,1.33643,1.5,1
2014.08.15,00:23:37.290,1.33644,1.33642,1.5,3.38
2014.08.15,00:23:37.881,1.33644,1.33643,1.5,1
2014.08.15,00:23:38.799,1.33644,1.33642,1.5,3.38
2014.08.15,00:23:39.335,1.33644,1.33643,1.5,1
2014.08.15,00:23:40.934,1.33644,1.33642,1.5,3.38
2014.08.15,00:23:41.493,1.33644,1.33643,1.5,1
2014.08.15,00:23:42.019,1.33644,1.33642,1.5,3.38
2014.08.15,00:23:42.706,1.33644,1.33643,1.5,1
2014.08.15,00:23:44.236,1.33644,1.33642,1.5,3.38
2014.08.15,00:23:44.754,1.33644,1.33643,1.5,1
2014.08.15,00:23:45.767,1.33644,1.33642,1.5,3.38
2014.08.15,00:23:46.444,1.33644,1.33643,1.5,1
2014.08.15,00:23:46.954,1.33644,1.33642,1.5,3.38
2014.08.15,00:23:47.466,1.33644,1.33643,1.5,1
2014.08.15,00:23:47.990,1.33644,1.33642,1.5,3.38
2014.08.15,00:23:48.548,1.33644,1.33643,1.5,1
2014.08.15,00:23:49.198,1.33644,1.33642,1.5,3.38
2014.08.15,00:23:49.716,1.33644,1.33643,1.5,1
2014.08.15,00:23:50.324,1.33644,1.33642,1.5,3.38
2014.08.15,00:23:50.829,1.33644,1.33643,1.5,1
2014.08.15,00:23:51.343,1.33644,1.33642,1.5,3.38
2014.08.15,00:23:51.852,1.33644,1.33643,1.5,1
2014.08.15,00:23:52.370,1.33644,1.33642,1.5,3.38
2014.08.15,00:23:53.115,1.33644,1.33643,1.5,1
2014.08.15,00:23:53.653,1.33644,1.33642,1.5,3.38
2014.08.15,00:23:54.202,1.33644,1.33643,2.25,1
2014.08.15,00:23:54.759,1.33644,1.33642,1.5,3.38
2014.08.15,00:23:55.304,1.33644,1.33643,2.25,1
2014.08.15,00:23:56.135,1.33644,1.33642,1.5,3.38
2014.08.15,00:23:56.665,1.33644,1.33643,2.25,1
2014.08.15,00:23:57.174,1.33644,1.33642,1.5,3.38
2014.08.15,00:23:57.784,1.33644,1.33643,2.25,1
2014.08.15,00:23:58.527,1.33644,1.33642,2.25,1.5
2014.08.15,00:24:02.979,1.33644,1.33641,1.5,1.5
2014.08.15,00:24:03.576,1.33643,1.33641,1,2.25
2014.08.15,00:24:08.784,1.33644,1.33643,1.25,1
2014.08.15,00:24:09.036,1.33644,1.33641,1,3
2014.08.15,00:24:13.407,1.33643,1.33641,1,2.25
2014.08.15,00:24:14.430,1.33644,1.33641,2.44,1.5
2014.08.15,00:24:14.958,1.33643,1.33641,1,2.25
2014.08.15,00:24:15.506,1.33644,1.33641,2.44,1.5
2014.08.15,00:24:16.017,1.33643,1.33641,1,2.25
2014.08.15,00:24:16.640,1.33644,1.33641,2.44,1.5
2014.08.15,00:24:17.190,1.33643,1.33641,1,2.25
2014.08.15,00:24:17.694,1.33644,1.33641,2.44,1.5
2014.08.15,00:24:18.221,1.33643,1.33641,1,2.25
2014.08.15,00:24:18.763,1.33644,1.33641,3.19,2.25
2014.08.15,00:24:45.823,1.33644,1.33642,2.25,1
2014.08.15,00:24:46.633,1.33644,1.33641,1,2.25
2014.08.15,00:24:47.157,1.33643,1.33641,1,2.25
2014.08.15,00:24:47.705,1.33644,1.33641,2.25,1.5
2014.08.15,00:24:48.232,1.33643,1.33641,1,2.25
2014.08.15,00:24:49.076,1.33644,1.33641,2.25,1
2014.08.15,00:24:53.261,1.33645,1.33641,5.63,1
2014.08.15,00:24:53.804,1.33644,1.33641,1,2.25
2014.08.15,00:24:54.699,1.33645,1.33641,7.32,1
2014.08.15,00:24:55.591,1.33644,1.33641,1,2.25
2014.08.15,00:25:42.689,1.33645,1.33642,3.19,1
2014.08.15,00:25:43.202,1.33644,1.33642,1,1.25
2014.08.15,00:26:06.434,1.33645,1.33642,2.63,1.69
2014.08.15,00:26:11.939,1.33645,1.33643,2.25,1.19
2014.08.15,00:26:12.041,1.33647,1.33644,2.25,1.32
2014.08.15,00:26:12.556,1.33646,1.33645,1,1.5
2014.08.15,00:26:17.894,1.33647,1.33645,2.25,1.25
2014.08.15,00:26:21.421,1.33647,1.33646,1.5,1.5
2014.08.15,00:26:21.522,1.33649,1.33646,2.44,1.5
2014.08.15,00:26:42.788,1.3365,1.33646,1.25,3.94
2014.08.15,00:26:43.292,1.3365,1.33647,1.32,1
2014.08.15,00:26:45.371,1.33651,1.33649,3.38,1
2014.08.15,00:26:45.675,1.33653,1.3365,1,3.38
2014.08.15,00:26:46.210,1.33654,1.33651,1.5,1.25
2014.08.15,00:26:46.715,1.33653,1.33651,1,1.25
2014.08.15,00:26:47.293,1.33653,1.3365,1,2.07
2014.08.15,00:26:49.044,1.33653,1.33652,1,1
2014.08.15,00:26:49.560,1.33654,1.33652,1,1
2014.08.15,00:26:50.172,1.33654,1.3365,1.5,6.57
2014.08.15,00:26:50.692,1.33654,1.3365,1.5,4.13
2014.08.15,00:27:03.839,1.33653,1.3365,1,2.07
2014.08.15,00:27:04.368,1.33654,1.3365,3.19,1.69
2014.08.15,00:27:04.873,1.33652,1.3365,1.05,1.5
2014.08.15,00:27:04.975,1.33652,1.33648,2.29,2.82
2014.08.15,00:27:12.310,1.33651,1.33648,1,1.5
2014.08.15,00:27:12.462,1.3365,1.33647,3.94,2.25
2014.08.15,00:27:12.716,1.33646,1.33643,1.25,1.5
2014.08.15,00:27:12.868,1.33645,1.33641,2.44,2.44
2014.08.15,00:27:13.322,1.33645,1.33643,1.25,1.5
2014.08.15,00:27:13.524,1.33647,1.33643,5.44,3
2014.08.15,00:27:14.029,1.33647,1.33644,1.5,1.13
2014.08.15,00:27:21.687,1.33647,1.33646,1,1
2014.08.15,00:27:22.192,1.33648,1.33647,1,1
2014.08.15,00:27:22.858,1.3365,1.33647,6.57,1.5
2014.08.15,00:27:24.478,1.3365,1.33647,7.69,1.5
2014.08.15,00:27:26.870,1.3365,1.33647,6.19,1.5
2014.08.15,00:27:27.074,1.3365,1.33649,1,1.13
2014.08.15,00:27:27.226,1.33652,1.3365,3,1.13
2014.08.15,00:27:27.751,1.33653,1.33649,2.44,1.69
2014.08.15,00:27:32.357,1.33652,1.33649,1.88,1.69
2014.08.15,00:27:32.508,1.3365,1.33647,1.13,3.19
2014.08.15,00:27:39.409,1.33651,1.33647,6.57,3
2014.08.15,00:27:39.922,1.3365,1.33647,2.25,3
2014.08.15,00:27:40.953,1.33651,1.33647,8.67,3
2014.08.15,00:27:41.470,1.3365,1.33647,2.25,3
2014.08.15,00:27:52.764,1.3365,1.33648,1.32,1
2014.08.15,00:27:53.218,1.33652,1.33649,1.32,1
2014.08.15,00:28:13.189,1.33653,1.33649,3.94,2.44
2014.08.15,00:28:19.181,1.33653,1.3365,3.38,1.69
2014.08.15,00:28:19.383,1.33653,1.33652,1.88,1.5
2014.08.15,00:28:19.585,1.33655,1.33653,2.25,1
2014.08.15,00:28:26.958,1.33655,1.33651,2.44,4.69
2014.08.15,00:28:27.008,1.33654,1.33651,2.44,3.75
2014.08.15,00:28:27.059,1.33651,1.3365,2.85,1
2014.08.15,00:28:27.211,1.33651,1.33649,1.69,1.5
2014.08.15,00:28:27.716,1.33651,1.33648,5.44,1.5
2014.08.15,00:28:35.287,1.3365,1.33648,1,1
2014.08.15,00:28:54.967,1.3365,1.33646,6.19,1.69
2014.08.15,00:28:55.475,1.33649,1.33646,1,1.69
2014.08.15,00:28:56.737,1.3365,1.33646,7.69,1.5
2014.08.15,00:28:57.278,1.33649,1.33646,1,1.5
2014.08.15,00:28:57.807,1.3365,1.33646,7.69,1.5
2014.08.15,00:28:58.400,1.33649,1.33646,1,1.5
2014.08.15,00:28:59.009,1.3365,1.33646,6.94,1.5
2014.08.15,00:29:00.234,1.33649,1.33646,1,1.5
2014.08.15,00:29:00.910,1.3365,1.33646,4.32,1.5
2014.08.15,00:29:01.415,1.33649,1.33646,1,1.5
2014.08.15,00:29:02.030,1.3365,1.33646,6.94,1.5
2014.08.15,00:29:02.888,1.33649,1.33646,1,1.5
2014.08.15,00:29:03.660,1.3365,1.33646,3.57,1.5
2014.08.15,00:29:04.166,1.33649,1.33646,1,1.5
2014.08.15,00:29:05.301,1.3365,1.33646,5.67,1.5
2014.08.15,00:29:05.811,1.33649,1.33646,1,1.5
2014.08.15,00:29:13.778,1.33649,1.33646,3.19,1.5
2014.08.15,00:29:16.175,1.33649,1.33646,2.44,1.5
2014.08.15,00:29:16.377,1.33647,1.33646,1.5,1.5
2014.08.15,00:29:16.680,1.33645,1.33643,2.25,1
2014.08.15,00:29:24.784,1.33644,1.33643,1,1
2014.08.15,00:29:25.400,1.33644,1.33642,1.25,1
2014.08.15,00:29:31.873,1.33644,1.33641,1.5,1.5
2014.08.15,00:29:33.159,1.33644,1.33642,1,1
2014.08.15,00:29:33.680,1.33645,1.33642,6.38,1
2014.08.15,00:29:37.589,1.33645,1.33643,1.5,1
2014.08.15,00:29:37.741,1.33647,1.33644,1.5,1.69
2014.08.15,00:29:40.113,1.33647,1.33644,1.5,6.94
2014.08.15,00:29:40.633,1.33648,1.33645,2.25,9.19
2014.08.15,00:29:41.699,1.33648,1.33646,2.25,1
2014.08.15,00:29:47.112,1.3365,1.33647,4.32,1
2014.08.15,00:29:47.163,1.3365,1.33648,2.07,1
2014.08.15,00:29:50.542,1.33651,1.33648,5.82,1
2014.08.15,00:29:51.051,1.3365,1.33648,1.5,1
2014.08.15,00:29:52.027,1.33651,1.33648,5.63,1
2014.08.15,00:29:52.537,1.3365,1.33648,2.25,1
2014.08.15,00:29:53.399,1.33651,1.33648,5.63,1
2014.08.15,00:29:53.909,1.3365,1.33648,1,1
2014.08.15,00:29:57.454,1.33651,1.33648,4.32,1
2014.08.15,00:29:57.956,1.3365,1.33648,4.13,1
2014.08.15,00:29:58.208,1.33649,1.33646,1.5,1.5
2014.08.15,00:29:58.562,1.33647,1.33645,1,1.5
2014.08.15,00:29:59.097,1.33648,1.33645,1.5,1.5
2014.08.15,00:29:59.609,1.33647,1.33645,1,1
2014.08.15,00:30:00.322,1.33648,1.33645,1.69,1
2014.08.15,00:30:00.844,1.33647,1.33645,1,1
2014.08.15,00:30:01.393,1.33648,1.33645,1.69,1
2014.08.15,00:30:01.902,1.33647,1.33645,1,1.25
2014.08.15,00:30:02.408,1.33648,1.33646,1.5,1
2014.08.15,00:30:03.052,1.33647,1.33646,1,1
2014.08.15,00:30:03.591,1.33648,1.33646,1.5,1
2014.08.15,00:30:04.096,1.33647,1.33646,1,1
2014.08.15,00:30:04.701,1.33648,1.33646,1.5,1
2014.08.15,00:30:05.223,1.33647,1.33646,1,1
2014.08.15,00:30:05.727,1.33647,1.33646,1,1
2014.08.15,00:30:06.320,1.33648,1.33647,1.5,1
2014.08.15,00:30:09.420,1.33648,1.33646,1.5,1
2014.08.15,00:30:28.129,1.33648,1.33645,1,4.69
2014.08.15,00:30:40.228,1.33648,1.33645,1.5,5.07
2014.08.15,00:30:40.733,1.33647,1.33646,1.5,1
2014.08.15,00:30:46.216,1.33647,1.33645,1,3.57
2014.08.15,00:30:49.993,1.33648,1.33645,1.5,3
2014.08.15,00:30:50.589,1.33647,1.33645,1,3.94
2014.08.15,00:30:51.128,1.33648,1.33645,1.5,4.32
2014.08.15,00:30:52.173,1.33648,1.33645,1,3.94
2014.08.15,00:31:04.905,1.33648,1.33645,2.25,2.63
2014.08.15,00:31:10.861,1.33647,1.33645,1,2.07
2014.08.15,00:31:11.368,1.33648,1.33645,2.63,1.69
2014.08.15,00:31:11.914,1.33647,1.33645,1,1.69
2014.08.15,00:31:13.624,1.33647,1.33644,1,3.19
2014.08.15,00:31:16.191,1.33647,1.33644,1,3.94
2014.08.15,00:31:21.703,1.33647,1.33644,3,3
2014.08.15,00:31:22.157,1.33644,1.33642,1,1.69
2014.08.15,00:31:22.208,1.33644,1.33641,2.25,1
2014.08.15,00:31:22.410,1.33642,1.33641,1,1.5
2014.08.15,00:31:22.915,1.33642,1.3364,1.5,1.25
2014.08.15,00:31:23.764,1.33642,1.33639,1.5,4.32
2014.08.15,00:31:24.298,1.33642,1.3364,1.5,1.13
2014.08.15,00:31:25.207,1.33642,1.33639,1.5,4.32
2014.08.15,00:31:25.711,1.33642,1.3364,1.5,1.13
2014.08.15,00:31:26.741,1.33642,1.33639,1.5,4.32
2014.08.15,00:31:27.265,1.33642,1.3364,1.5,1.13
2014.08.15,00:31:32.114,1.33642,1.33639,1.5,4.69
2014.08.15,00:31:32.653,1.33642,1.3364,1.5,1.13
2014.08.15,00:31:33.458,1.33642,1.33639,1.5,4.69
2014.08.15,00:31:33.962,1.33642,1.33639,1.5,5.07
2014.08.15,00:31:38.804,1.33642,1.33641,1.5,1
2014.08.15,00:31:47.161,1.33641,1.33639,1,1
2014.08.15,00:31:47.666,1.3364,1.33637,1,2.44
2014.08.15,00:31:48.386,1.33641,1.3364,1,1
2014.08.15,00:31:48.437,1.33642,1.3364,1.5,1
2014.08.15,00:31:48.942,1.33642,1.33639,1.5,3.94
2014.08.15,00:31:49.456,1.33642,1.33639,1.5,5.44
2014.08.15,00:31:53.497,1.33642,1.33639,1.5,1.69
2014.08.15,00:31:54.003,1.33641,1.33638,2.25,2.44
2014.08.15,00:31:54.530,1.33641,1.33638,2.63,1.5
2014.08.15,00:31:57.258,1.33642,1.33638,4.69,2.44
2014.08.15,00:31:57.789,1.3364,1.33638,1,1.69
2014.08.15,00:32:00.447,1.3364,1.33637,1.5,1.5
2014.08.15,00:32:00.957,1.3364,1.33637,4.75,1.25
2014.08.15,00:32:01.527,1.3364,1.33637,3.75,1.25
2014.08.15,00:32:12.353,1.33639,1.33637,1,1
2014.08.15,00:32:12.809,1.33638,1.33635,1.5,1.69
2014.08.15,00:32:13.333,1.33637,1.33635,1,1
2014.08.15,00:32:13.837,1.33637,1.33634,1,2.25
2014.08.15,00:32:14.858,1.33637,1.33635,1,1
2014.08.15,00:32:16.872,1.33637,1.33634,1,2.44
2014.08.15,00:32:32.342,1.33637,1.33635,1,1
2014.08.15,00:33:05.809,1.33637,1.33634,1,1.5
2014.08.15,00:33:14.178,1.33636,1.33634,1,1
2014.08.15,00:33:27.445,1.33636,1.33635,1,1
2014.08.15,00:33:32.856,1.33637,1.33635,1,1
2014.08.15,00:33:33.360,1.33638,1.33635,1.69,1
2014.08.15,00:33:48.158,1.33638,1.33634,1.25,4.32
2014.08.15,00:34:04.747,1.33638,1.33636,2.44,1
2014.08.15,00:34:20.950,1.33638,1.33634,4.69,2.07
2014.08.15,00:34:47.974,1.33638,1.33635,1.5,1.5
2014.08.15,00:34:51.253,1.33639,1.33635,4.69,3
2014.08.15,00:34:51.405,1.33639,1.33637,5.44,1
2014.08.15,00:34:51.708,1.33641,1.33639,3.19,2.5
2014.08.15,00:34:51.809,1.33643,1.33641,1,6.75
2014.08.15,00:34:51.961,1.33644,1.33642,1,1.5
2014.08.15,00:34:52.417,1.33642,1.33641,1,1
2014.08.15,00:34:52.720,1.33641,1.33639,2.25,1
2014.08.15,00:34:53.334,1.33641,1.33638,3,1.5
2014.08.15,00:34:55.475,1.3364,1.33638,1,1.5
2014.08.15,00:34:56.332,1.33641,1.33638,3.19,1.5
2014.08.15,00:34:58.570,1.33642,1.33639,7.69,1
2014.08.15,00:34:59.276,1.33642,1.33639,4.5,1
2014.08.15,00:35:00.234,1.33642,1.33638,3.75,1.5
2014.08.15,00:35:00.747,1.3364,1.33638,1,1.5
2014.08.15,00:35:01.265,1.3364,1.33637,3.38,1.5
2014.08.15,00:35:03.360,1.33639,1.33637,1.5,1
2014.08.15,00:35:03.882,1.3364,1.33637,4.5,1.5
2014.08.15,00:35:06.862,1.3364,1.33638,3,1
2014.08.15,00:35:07.366,1.33641,1.33639,1.25,1
2014.08.15,00:35:09.130,1.3364,1.33637,1,3
2014.08.15,00:35:10.835,1.33639,1.33637,1,1
2014.08.15,00:35:14.247,1.3364,1.33637,3.94,1
2014.08.15,00:35:14.785,1.33639,1.33637,1,1
2014.08.15,00:35:15.371,1.3364,1.33637,4.69,1
2014.08.15,00:35:16.095,1.33639,1.33637,1,1
2014.08.15,00:35:17.525,1.3364,1.33637,5.82,1
2014.08.15,00:35:18.047,1.3364,1.33637,5.07,1
2014.08.15,00:35:26.884,1.3364,1.33637,6.94,1
2014.08.15,00:35:27.450,1.33639,1.33637,1,1
2014.08.15,00:35:34.071,1.33639,1.33636,1.25,1.5
2014.08.15,00:35:53.500,1.33638,1.33636,1,1.5
2014.08.15,00:36:00.985,1.33637,1.33636,1,2.25
2014.08.15,00:36:01.503,1.33638,1.33636,3,1
2014.08.15,00:36:01.706,1.33637,1.33634,3,1.69
2014.08.15,00:36:02.243,1.33636,1.33634,1.5,1.69
2014.08.15,00:36:02.788,1.33637,1.33634,1.69,1.5
2014.08.15,00:36:11.864,1.33638,1.33634,4.13,1.5
2014.08.15,00:36:12.409,1.33637,1.33634,1,1.5
2014.08.15,00:36:13.005,1.33638,1.33634,2.82,1.69
2014.08.15,00:36:51.549,1.33638,1.33635,1.69,1
2014.08.15,00:36:52.538,1.33639,1.33635,3.19,3.19
2014.08.15,00:36:57.276,1.3364,1.33635,4.69,5.25
2014.08.15,00:36:59.264,1.3364,1.33635,2.82,8.44
2014.08.15,00:37:12.223,1.33639,1.33635,1.5,8.44
2014.08.15,00:37:17.806,1.33638,1.33635,1,5.07
2014.08.15,00:37:18.312,1.33638,1.33635,1.5,2.44
2014.08.15,00:37:27.490,1.33638,1.33635,1.69,1.5
2014.08.15,00:37:28.603,1.33638,1.33635,1.25,1.5
2014.08.15,00:37:31.121,1.33637,1.33635,1,1.5
2014.08.15,00:37:33.535,1.33638,1.33635,1.25,1.5
2014.08.15,00:37:35.486,1.33637,1.33635,1,1.5
2014.08.15,00:37:35.991,1.33638,1.33635,2.44,1.5
2014.08.15,00:37:36.796,1.33637,1.33635,1,1.5
2014.08.15,00:37:37.812,1.33638,1.33635,2.44,1.5
2014.08.15,00:37:38.328,1.33637,1.33635,1,1.5
2014.08.15,00:37:38.978,1.33638,1.33635,2.44,1.5
2014.08.15,00:37:39.506,1.33637,1.33635,1,1.5
2014.08.15,00:37:40.017,1.33638,1.33635,2.44,1.5
2014.08.15,00:37:40.683,1.33637,1.33635,1,1.5
2014.08.15,00:37:41.197,1.33638,1.33635,2.44,1.5
2014.08.15,00:37:50.735,1.33637,1.33635,1,1.5
2014.08.15,00:38:00.284,1.33638,1.33635,1,2.25
2014.08.15,00:38:00.903,1.33637,1.33635,1,2.25
2014.08.15,00:38:12.992,1.33639,1.33635,6.19,1
2014.08.15,00:38:13.516,1.33639,1.33635,3.94,3.19
2014.08.15,00:38:22.609,1.33639,1.33636,1.69,1
2014.08.15,00:38:23.113,1.33639,1.33636,2.44,1
2014.08.15,00:38:25.495,1.33639,1.33636,1.69,1
2014.08.15,00:38:27.768,1.33638,1.33636,1,1
2014.08.15,00:38:28.020,1.33638,1.33634,1.5,3
2014.08.15,00:38:47.552,1.33637,1.33634,1,2.25
2014.08.15,00:39:19.708,1.33635,1.33634,1,1.5
2014.08.15,00:39:19.860,1.33634,1.33632,1,1.5
2014.08.15,00:39:20.113,1.33632,1.33631,1,1.5
2014.08.15,00:39:20.214,1.33632,1.3363,1.69,2.25
2014.08.15,00:39:20.467,1.33631,1.33628,1.5,2.44
2014.08.15,00:39:24.975,1.3363,1.33628,1,1.5
2014.08.15,00:39:25.692,1.3363,1.33626,5.82,6.94
2014.08.15,00:39:25.793,1.3363,1.33628,2.82,1
2014.08.15,00:39:26.320,1.33631,1.33628,1,2.25
2014.08.15,00:39:26.838,1.3363,1.33628,1,1
2014.08.15,00:39:27.984,1.33631,1.33628,2.82,1.5
2014.08.15,00:39:28.843,1.3363,1.33628,1,1
2014.08.15,00:39:29.354,1.33631,1.33628,4.32,1
2014.08.15,00:39:30.375,1.3363,1.33628,1,1
2014.08.15,00:39:30.895,1.33631,1.33628,2.82,1
2014.08.15,00:39:31.519,1.3363,1.33628,1,1
2014.08.15,00:39:32.055,1.3363,1.33629,1,1
2014.08.15,00:39:32.739,1.33631,1.33629,5.82,1
2014.08.15,00:39:33.877,1.3363,1.33629,1,1
2014.08.15,00:39:34.700,1.33631,1.33629,4.32,1
2014.08.15,00:39:35.223,1.3363,1.33629,1,1
2014.08.15,00:39:35.992,1.33631,1.33629,5.07,1
2014.08.15,00:39:36.507,1.3363,1.33629,1,1
2014.08.15,00:39:37.532,1.33631,1.33629,5.07,1
2014.08.15,00:39:38.238,1.3363,1.33629,1,1
2014.08.15,00:39:38.870,1.33631,1.33629,2.07,1
2014.08.15,00:39:39.484,1.3363,1.33629,1,1
2014.08.15,00:39:40.308,1.33631,1.33629,4.5,1
2014.08.15,00:39:40.882,1.3363,1.33629,1,1
2014.08.15,00:39:41.483,1.33631,1.33629,3.75,1
2014.08.15,00:39:41.994,1.3363,1.33629,1,1
2014.08.15,00:39:42.508,1.33631,1.33629,3.19,1
2014.08.15,00:39:43.067,1.3363,1.33629,1,1
2014.08.15,00:39:43.371,1.33632,1.33629,3.57,1
2014.08.15,00:39:43.915,1.33631,1.33629,1,1
2014.08.15,00:39:47.256,1.33632,1.33629,1.69,1.5
2014.08.15,00:39:53.554,1.33632,1.33629,1.25,2.63
2014.08.15,00:39:53.857,1.33633,1.33632,1.25,1
2014.08.15,00:39:54.125,1.33635,1.33631,3,3.75
2014.08.15,00:39:54.277,1.33635,1.33633,1.5,1
2014.08.15,00:39:54.681,1.33633,1.33631,1,8.25
2014.08.15,00:39:55.186,1.33633,1.33631,1,1.5
2014.08.15,00:39:56.231,1.33632,1.3363,1.5,1
2014.08.15,00:39:56.736,1.33631,1.33628,1,2.25
2014.08.15,00:39:59.349,1.33631,1.33628,1,1.25
2014.08.15,00:40:08.633,1.33632,1.33629,1.25,1.5
2014.08.15,00:40:09.150,1.33632,1.3363,1.25,1
2014.08.15,00:40:09.766,1.33632,1.33629,1,3.75
2014.08.15,00:40:10.271,1.33632,1.3363,1,1
2014.08.15,00:40:18.829,1.33632,1.33629,1,1.88
2014.08.15,00:40:20.063,1.33631,1.33629,1,1.88
2014.08.15,00:40:29.038,1.3363,1.33628,1,2.44
2014.08.15,00:40:40.772,1.33631,1.33628,1,3.19
2014.08.15,00:40:41.842,1.3363,1.33628,1,3.19
2014.08.15,00:40:42.347,1.33629,1.33628,1,3.19
2014.08.15,00:40:49.912,1.33629,1.33627,2.69,1.13
2014.08.15,00:40:50.064,1.33625,1.33622,1,9.75
2014.08.15,00:40:50.570,1.33622,1.33621,1,6
2014.08.15,00:40:50.672,1.33621,1.3362,1,1.88
2014.08.15,00:40:50.875,1.33623,1.33619,5.44,1.5
2014.08.15,00:40:51.466,1.33623,1.33619,4.69,1.5
2014.08.15,00:40:52.172,1.33623,1.33619,3.19,2.44
2014.08.15,00:40:52.677,1.33623,1.3362,2.44,1.13
2014.08.15,00:40:54.808,1.33623,1.33622,2.25,1
2014.08.15,00:40:55.061,1.33625,1.33623,1.5,4.69
2014.08.15,00:40:55.112,1.33627,1.33623,1.5,5.44
2014.08.15,00:40:55.740,1.33627,1.33624,1.5,7.69
2014.08.15,00:40:59.227,1.33626,1.33624,1,1.5
2014.08.15,00:40:59.329,1.33625,1.33622,2.25,1
2014.08.15,00:40:59.481,1.33623,1.33622,1,1.5
2014.08.15,00:40:59.733,1.33623,1.3362,2.25,1.5
2014.08.15,00:41:00.238,1.33622,1.33619,1,1
2014.08.15,00:41:00.764,1.33621,1.33618,1.5,2.07
2014.08.15,00:41:05.483,1.33622,1.33619,1.25,1
2014.08.15,00:41:07.782,1.33622,1.33619,1,2.25
2014.08.15,00:41:08.286,1.33623,1.3362,1.69,2.63
2014.08.15,00:41:13.712,1.33623,1.33622,1,1
2014.08.15,00:41:14.015,1.33625,1.33624,1,1
2014.08.15,00:41:14.116,1.33628,1.33624,3.75,3
2014.08.15,00:41:14.469,1.33626,1.33624,1.5,9.75
2014.08.15,00:41:15.078,1.33626,1.33623,1,9.94
2014.08.15,00:41:15.583,1.33626,1.33624,1.5,3
2014.08.15,00:41:16.102,1.33626,1.33623,1,14.44
2014.08.15,00:41:16.524,1.33628,1.33624,3.75,3.75
2014.08.15,00:41:17.175,1.33628,1.33624,3.75,9.75
2014.08.15,00:41:19.723,1.33628,1.33624,3.75,4.5
2014.08.15,00:41:23.548,1.33628,1.33624,3.75,5.44
2014.08.15,00:41:29.571,1.33628,1.33624,3.94,5.07
2014.08.15,00:41:33.464,1.33628,1.33624,3.75,5.82
2014.08.15,00:41:34.539,1.33626,1.33625,1,1.25
2014.08.15,00:41:36.442,1.33628,1.33625,2.25,1
2014.08.15,00:41:39.191,1.33626,1.33625,1,1
2014.08.15,00:41:55.246,1.33626,1.33624,1,3.94
2014.08.15,00:42:01.421,1.33626,1.33624,1,4.69
2014.08.15,00:42:05.951,1.33626,1.33624,1,3.57
2014.08.15,00:42:30.445,1.33627,1.33624,1,4.69
2014.08.15,00:42:33.681,1.33627,1.33624,1,6.57
2014.08.15,00:42:34.907,1.33627,1.33624,1,2.82
2014.08.15,00:42:39.711,1.33627,1.33624,1,6.19
2014.08.15,00:42:42.323,1.33627,1.33624,1,5.44
2014.08.15,00:42:50.102,1.33627,1.33624,1,6.19
2014.08.15,00:42:56.057,1.33627,1.33624,1,2.44
2014.08.15,00:42:57.130,1.33627,1.33624,2.25,6.19
2014.08.15,00:43:07.175,1.33627,1.33624,1.5,3
2014.08.15,00:43:08.130,1.33627,1.33624,1.5,6.94
2014.08.15,00:43:09.139,1.33627,1.33624,2.25,3.19
2014.08.15,00:43:33.578,1.33627,1.33625,1,1
2014.08.15,00:43:49.994,1.33627,1.33624,1,4.69
2014.08.15,00:43:50.505,1.33627,1.33625,1,1.5
2014.08.15,00:43:51.378,1.33627,1.33624,1,4.69
2014.08.15,00:43:51.905,1.33627,1.33625,1,1
2014.08.15,00:43:58.810,1.33627,1.33624,1,5.44
2014.08.15,00:43:59.323,1.33627,1.33625,1,1.5
2014.08.15,00:44:00.341,1.33627,1.33624,1,5.44
2014.08.15,00:44:00.849,1.33627,1.33625,1,1
2014.08.15,00:44:01.758,1.33627,1.33624,1,5.44
2014.08.15,00:44:02.734,1.33627,1.33625,1,1
2014.08.15,00:44:04.372,1.33627,1.33624,1,5.44
2014.08.15,00:44:04.887,1.33627,1.33625,1,1
2014.08.15,00:44:07.040,1.33627,1.33624,1,4.13
2014.08.15,00:44:29.781,1.33627,1.33624,1,2.07
2014.08.15,00:44:30.341,1.33628,1.33624,2.25,5.07
2014.08.15,00:44:33.912,1.33628,1.33624,1.5,4.13
2014.08.15,00:44:34.686,1.33629,1.33624,1.69,1.88
2014.08.15,00:44:35.230,1.33628,1.33624,1,4.88
2014.08.15,00:44:36.636,1.33629,1.33624,1.69,1.88
2014.08.15,00:44:37.152,1.33628,1.33624,1.25,5.07
2014.08.15,00:44:38.185,1.33628,1.33624,1,5.82
2014.08.15,00:44:38.786,1.33629,1.33625,1.69,1.25
2014.08.15,00:44:46.172,1.33629,1.33626,1.25,1
2014.08.15,00:44:46.677,1.3363,1.33627,6.94,1
2014.08.15,00:44:47.232,1.3363,1.33626,3.75,3
2014.08.15,00:44:47.946,1.3363,1.33628,3.38,1
2014.08.15,00:44:48.249,1.33635,1.33633,1,6.75
2014.08.15,00:44:48.351,1.33637,1.33634,2.44,1.5
2014.08.15,00:44:48.856,1.33637,1.33635,2.44,1
2014.08.15,00:44:49.159,1.33637,1.33633,3.19,6.57
2014.08.15,00:44:49.210,1.33635,1.33633,1.69,4.5
2014.08.15,00:44:49.463,1.33634,1.33631,2.25,1.25
2014.08.15,00:44:49.615,1.33632,1.3363,1.5,1.13
2014.08.15,00:44:50.121,1.33633,1.3363,4.69,1
2014.08.15,00:44:51.583,1.33633,1.33631,5.44,1
2014.08.15,00:44:53.115,1.33633,1.33631,5.44,1
2014.08.15,00:44:56.912,1.33633,1.33631,5.44,1
2014.08.15,00:45:00.249,1.33633,1.33632,1.5,1
2014.08.15,00:45:00.504,1.33637,1.33635,1.5,1
2014.08.15,00:45:02.583,1.33637,1.33634,1.5,1.88
2014.08.15,00:45:03.099,1.33637,1.33635,1.5,1.5
2014.08.15,00:45:03.710,1.33637,1.33634,1.5,1.88
2014.08.15,00:45:04.239,1.33637,1.33635,1.5,1
2014.08.15,00:45:04.859,1.33637,1.33634,1.5,2.25
2014.08.15,00:45:05.384,1.33637,1.33635,1.5,2.25
2014.08.15,00:45:06.611,1.33637,1.33634,1.5,3.38
2014.08.15,00:45:06.817,1.33638,1.33636,1.5,1
2014.08.15,00:45:07.342,1.33638,1.33635,1,2.63
2014.08.15,00:45:15.685,1.33637,1.33635,1,1.69
2014.08.15,00:45:16.945,1.33637,1.33634,1,5.44
2014.08.15,00:45:25.867,1.33636,1.33634,1,1.69
2014.08.15,00:45:26.372,1.33636,1.33634,1.88,1.5
2014.08.15,00:45:26.876,1.33636,1.33633,1.13,2.44
2014.08.15,00:45:27.437,1.33636,1.33634,1.88,1.5
2014.08.15,00:45:27.935,1.33634,1.33632,1.5,1.5
2014.08.15,00:45:28.189,1.33632,1.33629,1.5,1.5
2014.08.15,00:45:29.198,1.33632,1.3363,2.25,1
2014.08.15,00:45:29.803,1.33631,1.33629,1.69,1
2014.08.15,00:45:29.854,1.3363,1.33628,1,2.25
2014.08.15,00:45:29.955,1.33632,1.33629,4.5,1
2014.08.15,00:45:30.474,1.33632,1.3363,2.25,1
2014.08.15,00:45:31.817,1.3363,1.33629,1,1
2014.08.15,00:45:32.121,1.33632,1.3363,2.25,1
2014.08.15,00:45:33.807,1.33631,1.3363,2.25,1
2014.08.15,00:45:34.009,1.33631,1.33628,3.94,1.5
2014.08.15,00:45:50.214,1.3363,1.33629,2.25,1
2014.08.15,00:45:54.928,1.3363,1.33628,1,2.63
2014.08.15,00:45:55.447,1.3363,1.33629,1.32,1
2014.08.15,00:45:57.543,1.33631,1.33629,2.82,1
2014.08.15,00:45:57.751,1.3363,1.33628,1,2.63
2014.08.15,00:46:00.955,1.33629,1.33628,1,1
2014.08.15,00:46:33.246,1.3363,1.33628,4.13,1
2014.08.15,00:46:38.155,1.3363,1.33627,4.69,1.5
2014.08.15,00:46:42.219,1.3363,1.33628,1,1
2014.08.15,00:46:42.372,1.33632,1.33629,1.5,1
2014.08.15,00:46:42.877,1.33631,1.33629,1,1
2014.08.15,00:46:43.382,1.33632,1.33628,1.5,3
2014.08.15,00:46:43.886,1.33633,1.33629,1.69,2.07
2014.08.15,00:46:44.806,1.33632,1.33629,1.5,2.07
2014.08.15,00:46:45.311,1.33631,1.3363,1.5,1
2014.08.15,00:46:46.537,1.33632,1.3363,1.69,1
2014.08.15,00:46:47.046,1.33631,1.33627,3.75,3
2014.08.15,00:46:49.050,1.33631,1.33627,6.94,3
2014.08.15,00:46:50.044,1.33631,1.33627,6,3
2014.08.15,00:46:51.964,1.33631,1.33627,3.19,1.5
2014.08.15,00:46:57.376,1.33631,1.33627,3.19,1.5
2014.08.15,00:46:58.048,1.3363,1.33627,1,2.25
2014.08.15,00:47:00.091,1.33631,1.33627,7.69,2.25
2014.08.15,00:47:00.609,1.3363,1.33627,1.5,1.5
2014.08.15,00:47:01.479,1.33631,1.33627,6.94,2.25
2014.08.15,00:47:02.021,1.3363,1.33627,1,2.25
2014.08.15,00:47:05.185,1.33631,1.33627,3.94,1.69
2014.08.15,00:47:05.700,1.3363,1.33627,1,1.69
2014.08.15,00:47:06.281,1.33631,1.33627,6.19,2.44
2014.08.15,00:47:07.224,1.3363,1.33627,1,1.69
2014.08.15,00:47:18.394,1.3363,1.33628,1,1
2014.08.15,00:47:18.766,1.33631,1.3363,1,1
2014.08.15,00:47:18.867,1.33632,1.3363,2.25,1
2014.08.15,00:47:19.843,1.33632,1.33629,2.44,1
2014.08.15,00:47:19.893,1.3363,1.33629,1,1
2014.08.15,00:47:20.045,1.33632,1.3363,2.44,1
2014.08.15,00:47:20.852,1.33632,1.33628,1.5,4.69
2014.08.15,00:47:21.863,1.3363,1.33628,1,3.19
2014.08.15,00:47:22.368,1.3363,1.33628,1.5,1.25
2014.08.15,00:47:39.759,1.3363,1.33627,2.63,1.5
2014.08.15,00:47:42.255,1.33629,1.33627,1.5,1.5
2014.08.15,00:47:53.808,1.33629,1.33628,1.5,1
2014.08.15,00:47:55.607,1.3363,1.33628,6.19,1
2014.08.15,00:48:03.181,1.33629,1.33628,1.5,1
2014.08.15,00:48:23.141,1.3363,1.33628,4.88,1
2014.08.15,00:48:26.405,1.3363,1.33628,6,1
2014.08.15,00:48:28.713,1.33631,1.33629,3,1
2014.08.15,00:48:28.915,1.33633,1.33632,1.5,1
2014.08.15,00:48:29.017,1.33635,1.33632,1.5,4.69
2014.08.15,00:48:29.118,1.33635,1.33634,1.5,1
2014.08.15,00:48:29.219,1.33637,1.33634,1.5,1
2014.08.15,00:48:29.774,1.33637,1.33634,2.25,2.82
2014.08.15,00:48:30.784,1.33637,1.33636,1.5,1
2014.08.15,00:48:30.986,1.33639,1.33636,1.5,3
2014.08.15,00:48:31.239,1.33639,1.33638,1.5,1
2014.08.15,00:48:46.610,1.33639,1.33636,2.82,1
2014.08.15,00:48:47.115,1.33638,1.33635,3.75,1.5
2014.08.15,00:48:48.354,1.33639,1.33635,4.32,2.25
2014.08.15,00:48:51.226,1.33638,1.33635,1,1.25
2014.08.15,00:48:55.461,1.33638,1.33636,1,1
2014.08.15,00:48:55.965,1.33639,1.33636,1.25,2.25
2014.08.15,00:49:39.842,1.33637,1.33636,1,1.5
2014.08.15,00:49:40.349,1.33638,1.33635,1,1
2014.08.15,00:49:40.675,1.33635,1.33633,1.5,4.32
2014.08.15,00:49:40.927,1.33634,1.33631,1.5,2.63
2014.08.15,00:49:41.432,1.33633,1.3363,2.25,2.07
2014.08.15,00:49:41.937,1.33632,1.3363,1.5,2.82
2014.08.15,00:49:44.044,1.33633,1.3363,2.44,2.25
2014.08.15,00:49:44.550,1.33634,1.3363,3.38,5.25
2014.08.15,00:49:44.602,1.33634,1.33632,3.38,1
2014.08.15,00:49:47.137,1.33633,1.33631,1,1
2014.08.15,00:49:47.440,1.33631,1.33629,2.25,1.5
2014.08.15,00:49:48.819,1.3363,1.33629,1,1
2014.08.15,00:49:49.173,1.33629,1.33627,1.5,1.5
2014.08.15,00:49:49.678,1.33629,1.33628,1.5,1
2014.08.15,00:49:50.184,1.33629,1.33627,1.5,1
2014.08.15,00:49:54.644,1.33629,1.33626,1.5,4.69
2014.08.15,00:49:56.759,1.33628,1.33626,1,1.5
2014.08.15,00:49:57.264,1.33629,1.33627,2.25,1
2014.08.15,00:49:57.718,1.33629,1.33625,2.25,6.19
2014.08.15,00:49:58.222,1.33629,1.33626,3,2.63
2014.08.15,00:49:58.733,1.33629,1.33627,1.5,1.69
2014.08.15,00:50:01.554,1.33629,1.33626,1.5,4.69
2014.08.15,00:50:11.492,1.33628,1.33626,1,1.5
2014.08.15,00:50:12.148,1.33629,1.33625,3,5.82
2014.08.15,00:50:12.676,1.33628,1.33626,1,1
2014.08.15,00:50:13.252,1.33629,1.33625,3,7.32
2014.08.15,00:50:13.766,1.33628,1.33626,1,1
2014.08.15,00:50:14.270,1.33629,1.33625,3.19,7.32
2014.08.15,00:50:14.796,1.33628,1.33626,1.5,1
2014.08.15,00:50:15.301,1.33629,1.33625,3,5.63
2014.08.15,00:50:16.021,1.33628,1.33626,1,1
2014.08.15,00:50:16.635,1.33629,1.33625,3.19,6.57
2014.08.15,00:50:17.296,1.33628,1.33626,1,1
2014.08.15,00:50:18.514,1.33629,1.33625,3.57,7.69
2014.08.15,00:50:19.030,1.33628,1.33626,1,1.88
2014.08.15,00:50:20.108,1.33629,1.33626,5.07,1.88
2014.08.15,00:50:20.613,1.33628,1.33626,1,1.88
2014.08.15,00:50:21.118,1.33627,1.33625,1,4.88
2014.08.15,00:50:21.622,1.33627,1.33624,2.25,1.69
2014.08.15,00:50:25.969,1.33627,1.33625,1.13,1.5
2014.08.15,00:50:30.394,1.33627,1.33623,1.5,5.44
2014.08.15,00:50:30.911,1.33627,1.33624,1,1
2014.08.15,00:50:33.197,1.33627,1.33624,1,1.69
2014.08.15,00:50:35.432,1.33627,1.33624,1,1.25
2014.08.15,00:50:36.297,1.33625,1.33623,1,8.44
2014.08.15,00:50:36.499,1.33624,1.33621,1.5,1.5
2014.08.15,00:50:36.802,1.33622,1.33621,1,1
2014.08.15,00:50:37.004,1.33622,1.33619,2.25,1
2014.08.15,00:50:37.408,1.3362,1.33618,3,1.69
2014.08.15,00:50:37.953,1.3362,1.33617,2.44,1
2014.08.15,00:50:38.813,1.33621,1.33617,5.44,3.19
2014.08.15,00:50:39.317,1.3362,1.33617,1,3.94
2014.08.15,00:50:43.322,1.3362,1.33617,3.75,1
2014.08.15,00:50:44.376,1.3362,1.33618,5.25,1
2014.08.15,00:50:47.575,1.33619,1.33617,1,1
2014.08.15,00:50:47.884,1.33618,1.33616,2.5,1.69
2014.08.15,00:50:48.037,1.33619,1.33617,3,1
2014.08.15,00:50:51.412,1.33617,1.33616,1,1.5
2014.08.15,00:50:51.917,1.33616,1.33614,2.25,1.25
2014.08.15,00:51:02.225,1.33617,1.33615,3,1
2014.08.15,00:51:02.731,1.33616,1.33615,1.5,1
2014.08.15,00:51:03.873,1.33616,1.33613,1.88,2.25
2014.08.15,00:51:04.409,1.33616,1.33615,1.88,1
2014.08.15,00:51:05.153,1.33616,1.33613,1.88,2.25
2014.08.15,00:51:05.671,1.33616,1.33615,1.5,1
2014.08.15,00:51:09.014,1.33616,1.33614,1.5,1
2014.08.15,00:51:09.530,1.33616,1.33614,1.88,1
2014.08.15,00:51:10.062,1.33616,1.33612,6,12.57
2014.08.15,00:51:10.163,1.33614,1.33613,1,4.88
2014.08.15,00:51:10.467,1.33613,1.33611,1,2.44
2014.08.15,00:51:10.568,1.33614,1.33613,1,1
2014.08.15,00:51:10.821,1.33616,1.33613,2.44,1
2014.08.15,00:51:12.476,1.33616,1.33613,4.69,1.5
2014.08.15,00:51:14.646,1.33614,1.33613,1.5,1.5
2014.08.15,00:51:15.164,1.33613,1.33612,1,1.5
2014.08.15,00:51:15.780,1.33614,1.33612,3.75,1
2014.08.15,00:51:16.294,1.33613,1.33612,1,1.5
2014.08.15,00:51:17.581,1.33613,1.33612,1,1.5
2014.08.15,00:51:18.193,1.33613,1.33612,1.5,1
2014.08.15,00:51:19.029,1.33613,1.33611,1,1
2014.08.15,00:51:20.129,1.33613,1.33612,1,1
2014.08.15,00:51:20.654,1.33613,1.33611,1,1
2014.08.15,00:51:21.465,1.33613,1.33611,1.95,1
2014.08.15,00:51:21.970,1.33614,1.33611,2.63,1.5
2014.08.15,00:51:22.123,1.33614,1.33613,1.5,1
2014.08.15,00:51:22.628,1.33613,1.33611,1,1.25
2014.08.15,00:51:23.152,1.33613,1.33611,2.1,1
2014.08.15,00:51:25.185,1.33613,1.3361,1.5,1.88
2014.08.15,00:51:25.698,1.33612,1.33611,1,1
2014.08.15,00:51:26.466,1.33613,1.3361,2.25,2.63
2014.08.15,00:51:26.824,1.33612,1.33611,1,1
2014.08.15,00:51:27.587,1.33613,1.3361,2.25,4.32
2014.08.15,00:51:28.205,1.33612,1.33611,1,1
2014.08.15,00:51:28.928,1.33613,1.3361,2.25,4.32
2014.08.15,00:51:29.490,1.33612,1.33611,1,1
2014.08.15,00:51:30.460,1.33613,1.3361,2.44,3.38
2014.08.15,00:51:31.074,1.33612,1.33611,1,1
2014.08.15,00:51:31.888,1.33614,1.3361,3.94,4.88
2014.08.15,00:51:32.420,1.33613,1.33611,1.25,1
2014.08.15,00:51:33.704,1.33614,1.3361,3.19,5.82
2014.08.15,00:51:34.316,1.33613,1.33611,1,1
2014.08.15,00:51:34.841,1.33613,1.33612,1,1
2014.08.15,00:51:35.659,1.33614,1.33612,3.75,1
2014.08.15,00:51:36.484,1.33613,1.33612,1,1
2014.08.15,00:51:37.310,1.33614,1.33612,3.75,1
2014.08.15,00:51:37.821,1.33613,1.33612,1,1
2014.08.15,00:51:38.336,1.33614,1.33612,3.75,1
2014.08.15,00:51:39.110,1.33613,1.33612,1,1
2014.08.15,00:51:39.720,1.33614,1.33612,3.94,1
2014.08.15,00:51:40.229,1.33613,1.33612,1,1
2014.08.15,00:51:40.759,1.33614,1.33612,3.94,1
2014.08.15,00:51:40.861,1.33613,1.3361,1,3.19
2014.08.15,00:51:41.655,1.33614,1.3361,2.44,3.94
2014.08.15,00:51:42.161,1.33613,1.3361,1,4.69
2014.08.15,00:51:42.664,1.33613,1.33611,1,1
2014.08.15,00:51:43.178,1.33614,1.3361,2.44,5.82
2014.08.15,00:51:43.684,1.33613,1.33611,1,1.5
2014.08.15,00:51:44.315,1.33614,1.33611,2.44,1
2014.08.15,00:51:45.115,1.33613,1.33611,1,1.5
2014.08.15,00:51:45.834,1.33614,1.33611,2.44,1
2014.08.15,00:51:46.554,1.33613,1.33611,1,1.5
2014.08.15,00:51:48.091,1.33614,1.33611,2.44,1
2014.08.15,00:51:48.704,1.33613,1.33611,1,1.5
2014.08.15,00:51:49.216,1.33614,1.33611,2.44,1
2014.08.15,00:51:49.732,1.33613,1.33611,1,1.5
2014.08.15,00:51:50.442,1.33614,1.33611,2.44,1
2014.08.15,00:51:51.123,1.33613,1.33611,1,1.5
2014.08.15,00:51:51.683,1.33614,1.33611,2.44,1
2014.08.15,00:51:52.435,1.33613,1.33611,1,1.5
2014.08.15,00:51:52.983,1.33614,1.33611,2.44,1
2014.08.15,00:51:53.512,1.33613,1.33611,1,1.5
2014.08.15,00:51:54.175,1.33614,1.33611,2.44,1
2014.08.15,00:51:54.688,1.33613,1.33611,1.5,1.5
2014.08.15,00:51:55.200,1.33614,1.33611,3.19,1
2014.08.15,00:51:55.745,1.33613,1.33611,1.5,1.5
2014.08.15,00:51:56.478,1.33614,1.33611,2.44,1
2014.08.15,00:51:57.088,1.33613,1.33611,1.5,1.5
2014.08.15,00:51:57.624,1.33614,1.33611,2.44,1
2014.08.15,00:51:58.158,1.33613,1.33611,1.5,1.5
2014.08.15,00:51:58.947,1.33614,1.33611,2.44,1
2014.08.15,00:51:59.540,1.33613,1.33611,1.5,1.5
2014.08.15,00:52:00.153,1.33614,1.33611,5.44,1
2014.08.15,00:52:00.845,1.33613,1.33611,1.5,1.5
2014.08.15,00:52:01.384,1.33615,1.33612,2.25,5.85
2014.08.15,00:52:01.990,1.33615,1.33613,1.5,2.25
2014.08.15,00:52:02.600,1.33615,1.33612,1.88,4.5
2014.08.15,00:52:03.108,1.33615,1.33613,2.63,3.75
2014.08.15,00:52:04.154,1.33615,1.33613,2.48,1.69
2014.08.15,00:52:05.080,1.33615,1.33614,1.35,1.5
2014.08.15,00:52:05.793,1.33615,1.33613,1.35,1.69
2014.08.15,00:52:06.403,1.33616,1.33614,4.17,1.5
2014.08.15,00:52:06.908,1.33616,1.33613,2.48,2.25
2014.08.15,00:52:07.500,1.33616,1.33614,3.98,1.5
2014.08.15,00:52:08.133,1.33616,1.33614,3.98,1.5
2014.08.15,00:52:08.707,1.33615,1.33614,1.3,1.5
2014.08.15,00:52:09.267,1.33616,1.33614,3.98,1.5
2014.08.15,00:52:09.775,1.33615,1.33614,1.3,1.5
2014.08.15,00:52:10.350,1.33616,1.33613,2.48,2.44
2014.08.15,00:52:10.895,1.33616,1.33614,3.98,1.5
2014.08.15,00:52:11.234,1.33614,1.33612,1,2.63
2014.08.15,00:52:11.738,1.33613,1.33611,1.5,1.5
2014.08.15,00:52:12.275,1.33614,1.33611,5.25,1
2014.08.15,00:52:12.887,1.33613,1.33611,1.5,1.5
2014.08.15,00:52:14.112,1.33614,1.33611,6,1
2014.08.15,00:52:14.617,1.33613,1.33611,1.5,1.5
2014.08.15,00:52:21.147,1.33612,1.33611,1,1
2014.08.15,00:52:21.684,1.33613,1.33611,1.5,1
2014.08.15,00:52:23.300,1.33612,1.33611,1,1
2014.08.15,00:52:23.805,1.33613,1.33611,1.5,1.5
2014.08.15,00:52:31.026,1.33614,1.33611,3.19,1.5
2014.08.15,00:52:31.333,1.33614,1.33613,1,1
2014.08.15,00:52:31.384,1.33616,1.33613,6.94,4.5
2014.08.15,00:52:31.536,1.33616,1.33615,1.5,1
2014.08.15,00:52:32.040,1.33617,1.33615,1,3
2014.08.15,00:52:32.627,1.33618,1.33615,1.25,3
2014.08.15,00:52:37.113,1.33617,1.33615,1,3.19
2014.08.15,00:52:37.619,1.33618,1.33616,1.5,1
2014.08.15,00:52:54.282,1.33619,1.33616,2.82,2.25
2014.08.15,00:52:54.586,1.33619,1.33618,1.13,1.5
2014.08.15,00:52:54.687,1.33621,1.33619,3.75,1
2014.08.15,00:52:58.508,1.33621,1.33618,6.19,1.5
2014.08.15,00:52:59.025,1.3362,1.33618,1.69,1
2014.08.15,00:53:08.570,1.3362,1.33619,3.94,1
2014.08.15,00:53:09.075,1.3362,1.33616,3.94,2.07
2014.08.15,00:53:09.580,1.33619,1.33615,2.25,8.44
2014.08.15,00:53:11.025,1.33619,1.33615,2.63,6.19
2014.08.15,00:53:12.706,1.33619,1.33616,1.13,1
2014.08.15,00:53:13.267,1.33619,1.33617,1,1
2014.08.15,00:53:46.235,1.33621,1.33617,3.75,1.5
2014.08.15,00:53:47.933,1.33621,1.33617,4.69,2.25
2014.08.15,00:53:52.702,1.33621,1.33617,3.19,1.5
2014.08.15,00:53:54.406,1.33621,1.33617,3.94,1.5
2014.08.15,00:53:58.000,1.33621,1.33618,3.19,1
2014.08.15,00:53:58.152,1.33622,1.33618,3.19,2.44
2014.08.15,00:54:04.121,1.33622,1.33619,1.5,1
2014.08.15,00:54:09.796,1.33622,1.33618,2.25,4.5
2014.08.15,00:54:18.831,1.33622,1.33619,1.54,1
2014.08.15,00:54:18.983,1.33621,1.33617,1,2.25
2014.08.15,00:54:19.487,1.3362,1.33617,1,1
2014.08.15,00:54:22.274,1.33621,1.33617,3.19,2.44
2014.08.15,00:54:22.795,1.3362,1.33618,1,1
2014.08.15,00:54:23.305,1.3362,1.33617,1.5,2.44
2014.08.15,00:54:24.030,1.33621,1.33617,2.44,2.44
2014.08.15,00:54:24.392,1.33619,1.33617,1,1.5
2014.08.15,00:54:24.695,1.33617,1.33615,2.5,2.44
2014.08.15,00:54:25.200,1.33619,1.33616,2.44,2.25
2014.08.15,00:54:33.764,1.33618,1.33616,1.5,1.5
2014.08.15,00:54:34.277,1.33617,1.33614,1,1
2014.08.15,00:54:36.932,1.33615,1.33613,2.63,1.5
2014.08.15,00:54:37.437,1.33616,1.33614,1,1
2014.08.15,00:54:41.561,1.33616,1.33615,1,1
2014.08.15,00:54:47.609,1.33616,1.33614,1,2.25
2014.08.15,00:54:55.091,1.33616,1.33613,1,3.75
2014.08.15,00:54:55.560,1.33614,1.33613,1.5,1.5
2014.08.15,00:54:57.965,1.33613,1.33611,2.25,3
2014.08.15,00:54:58.319,1.33612,1.3361,1,3.95
2014.08.15,00:54:58.824,1.33612,1.33611,1.5,1
2014.08.15,00:54:59.133,1.33612,1.33609,5.44,1.2
2014.08.15,00:55:00.267,1.3361,1.33609,1,1
2014.08.15,00:55:01.573,1.33612,1.3361,1.5,1
2014.08.15,00:55:02.140,1.3361,1.33609,1,1
2014.08.15,00:55:02.646,1.33612,1.3361,1.5,1.88
2014.08.15,00:55:02.696,1.33612,1.3361,1,2.63
2014.08.15,00:55:03.201,1.33614,1.33611,5.44,1
2014.08.15,00:55:03.605,1.33612,1.3361,1,2.25
2014.08.15,00:55:03.908,1.33613,1.3361,2.07,2.25
2014.08.15,00:55:04.060,1.33611,1.3361,1,2.25
2014.08.15,00:55:04.263,1.33613,1.3361,2.82,2.25
2014.08.15,00:55:04.313,1.33613,1.33611,1.32,1
2014.08.15,00:55:04.414,1.33613,1.3361,1.13,8.07
2014.08.15,00:55:04.566,1.33612,1.3361,1,6.57
2014.08.15,00:55:05.022,1.33614,1.33612,1.13,5.25
2014.08.15,00:55:05.224,1.33615,1.33614,1,1.5
2014.08.15,00:55:06.840,1.33617,1.33615,2.25,1
2014.08.15,00:55:06.891,1.33617,1.33615,1,1
2014.08.15,00:55:08.909,1.33619,1.33615,3.19,1.69
2014.08.15,00:55:10.840,1.33619,1.33616,2.44,1
2014.08.15,00:55:11.042,1.33619,1.33618,1.25,1
2014.08.15,00:55:11.195,1.33621,1.33618,1.5,1.5
2014.08.15,00:55:12.125,1.33621,1.33619,1.73,1.5
2014.08.15,00:55:12.479,1.33621,1.33617,3,4.5
2014.08.15,00:55:12.580,1.33621,1.33619,3.23,1
2014.08.15,00:55:13.342,1.33621,1.33618,3.23,1
2014.08.15,00:55:13.948,1.3362,1.33618,1,1.13
2014.08.15,00:55:14.452,1.33619,1.33617,1.25,6.75
2014.08.15,00:55:14.957,1.3362,1.33617,5.82,1.5
2014.08.15,00:55:16.805,1.3362,1.33619,4.5,1.5
2014.08.15,00:55:17.209,1.33622,1.33619,3.98,1
2014.08.15,00:55:17.878,1.33622,1.33619,3.98,1
2014.08.15,00:55:18.435,1.33622,1.33619,4.17,1
2014.08.15,00:55:19.045,1.33622,1.33619,4.17,1
2014.08.15,00:55:21.988,1.33621,1.33619,3.19,1
2014.08.15,00:55:22.241,1.33618,1.33615,1,3.57
2014.08.15,00:55:22.393,1.33617,1.33614,1.5,3.94
2014.08.15,00:55:24.565,1.33616,1.33614,1,1.25
2014.08.15,00:55:24.768,1.33614,1.33613,1,1.5
2014.08.15,00:55:26.690,1.33613,1.3361,1,5.82
2014.08.15,00:55:30.640,1.33612,1.3361,1.69,5.25
2014.08.15,00:55:30.690,1.33612,1.3361,1.69,3
2014.08.15,00:55:31.195,1.33612,1.33611,1.25,1
2014.08.15,00:55:33.678,1.33612,1.3361,1,2.25
2014.08.15,00:55:36.116,1.33612,1.3361,3,2.25
2014.08.15,00:55:36.218,1.3361,1.33608,1,1.5
2014.08.15,00:55:36.722,1.33609,1.33608,1,1
2014.08.15,00:55:40.438,1.3361,1.33608,1.88,1
2014.08.15,00:55:47.068,1.33611,1.33608,1.13,1.5
2014.08.15,00:55:47.320,1.33613,1.33611,2.25,1
2014.08.15,00:55:47.825,1.33613,1.33611,1,1
2014.08.15,00:55:48.197,1.33614,1.33613,1,1
2014.08.15,00:55:48.349,1.33615,1.33613,1,2.25
2014.08.15,00:55:48.401,1.33616,1.33614,1.88,4
2014.08.15,00:55:48.502,1.33618,1.33615,1.25,3
2014.08.15,00:55:49.159,1.33618,1.33614,3.75,3.57
2014.08.15,00:55:49.260,1.33617,1.33615,1,1.5
2014.08.15,00:55:49.462,1.33615,1.33613,2.82,2.44
2014.08.15,00:55:49.563,1.33614,1.33611,1,3.19
2014.08.15,00:55:50.068,1.33613,1.33611,1,1
2014.08.15,00:55:50.774,1.33614,1.33611,5.07,1
2014.08.15,00:55:56.666,1.33613,1.33611,1.88,3
2014.08.15,00:55:57.431,1.33614,1.33611,1,3
2014.08.15,00:56:19.794,1.33614,1.33612,1.25,1
2014.08.15,00:56:20.248,1.33616,1.33614,1.5,1
2014.08.15,00:56:20.753,1.33617,1.33614,1.69,1
2014.08.15,00:56:31.156,1.33617,1.33613,1.5,8.82
2014.08.15,00:56:31.669,1.33617,1.33614,1.5,1.5
2014.08.15,00:56:32.207,1.33617,1.33613,1.5,6.19
2014.08.15,00:56:33.108,1.33617,1.33614,1.5,1
2014.08.15,00:56:33.731,1.33617,1.33613,1.5,6.19
2014.08.15,00:56:34.267,1.33617,1.33614,1.5,1
2014.08.15,00:56:35.736,1.33618,1.33614,1,3.75
2014.08.15,00:56:56.976,1.33617,1.33614,1.99,1.69
2014.08.15,00:56:57.603,1.33617,1.33614,1.99,1.5
2014.08.15,00:56:58.165,1.33617,1.33614,1.49,1.5
2014.08.15,00:56:59.030,1.33617,1.33614,1.49,1.5
2014.08.15,00:56:59.557,1.33617,1.33614,1.99,1.25
2014.08.15,00:57:00.105,1.33617,1.33614,1.49,1.25
2014.08.15,00:57:00.426,1.33615,1.33612,2.85,3.75
2014.08.15,00:57:00.729,1.33613,1.33612,1,1
2014.08.15,00:57:00.931,1.33613,1.3361,1,4.5
2014.08.15,00:57:03.797,1.33612,1.3361,1,3
2014.08.15,00:57:25.688,1.33612,1.33609,1.69,1.5
2014.08.15,00:57:25.900,1.3361,1.33608,1.65,1.5
2014.08.15,00:57:26.205,1.33608,1.33607,1.5,1
2014.08.15,00:57:27.325,1.33609,1.33607,2.44,1
2014.08.15,00:57:28.885,1.33608,1.33607,1.5,1
2014.08.15,00:57:29.038,1.33608,1.33605,1,2.82
2014.08.15,00:57:29.088,1.33608,1.33604,3.38,1.88
2014.08.15,00:57:29.594,1.33606,1.33604,2.25,1
2014.08.15,00:57:30.099,1.33604,1.33603,1,3
2014.08.15,00:57:30.603,1.33603,1.33602,1,1.5
2014.08.15,00:57:31.411,1.33603,1.33601,1,2.25
2014.08.15,00:57:32.170,1.33603,1.33602,1,1
2014.08.15,00:57:33.490,1.33602,1.336,1,4.13
2014.08.15,00:57:34.674,1.33602,1.336,1,3.75
2014.08.15,00:57:34.827,1.33603,1.33602,1.5,1
2014.08.15,00:57:35.382,1.33604,1.33602,3,1.5
2014.08.15,00:57:37.214,1.33602,1.336,1,5.82
2014.08.15,00:57:37.467,1.33604,1.33602,3.94,1
2014.08.15,00:57:37.669,1.33603,1.33601,1,1
2014.08.15,00:57:42.378,1.33603,1.33602,1,1
2014.08.15,00:57:42.990,1.33604,1.33602,2.44,1
2014.08.15,00:57:43.499,1.33605,1.33604,1,1
2014.08.15,00:57:43.650,1.33608,1.33606,2.25,1
2014.08.15,00:57:47.714,1.33608,1.33607,1.5,1
2014.08.15,00:57:48.801,1.33608,1.33606,1,1.69
2014.08.15,00:57:49.313,1.33608,1.33607,1.5,1
2014.08.15,00:57:49.826,1.33608,1.33606,1.5,2.25
2014.08.15,00:57:54.451,1.33608,1.33607,1,1
2014.08.15,00:57:54.603,1.3361,1.33607,3.57,1.5
2014.08.15,00:58:02.123,1.3361,1.33608,1.32,1
2014.08.15,00:58:08.188,1.33611,1.33608,3.04,1
2014.08.15,00:58:08.707,1.3361,1.33608,1.05,1
2014.08.15,00:58:09.637,1.33611,1.33608,4.95,1
2014.08.15,00:58:10.144,1.3361,1.33608,1.05,1
2014.08.15,00:58:10.708,1.33611,1.33608,4.95,1
2014.08.15,00:58:11.259,1.3361,1.33608,1.17,1
2014.08.15,00:58:14.105,1.33611,1.33608,6.45,1
2014.08.15,00:58:14.648,1.3361,1.33608,1.05,1
2014.08.15,00:58:15.222,1.33611,1.33608,5.7,1
2014.08.15,00:58:15.726,1.3361,1.33608,1.05,1
2014.08.15,00:58:16.571,1.33611,1.33608,4.95,1
2014.08.15,00:58:17.153,1.3361,1.33608,1.54,1
2014.08.15,00:58:37.313,1.33611,1.33608,2.07,1
2014.08.15,00:58:37.894,1.33611,1.33608,2.07,1
2014.08.15,00:58:38.412,1.33611,1.33608,2.07,1
2014.08.15,00:58:39.039,1.33611,1.33608,2.07,1
2014.08.15,00:58:39.599,1.33611,1.33608,3.19,1
2014.08.15,00:58:40.216,1.33611,1.33608,1.69,1
2014.08.15,00:58:52.806,1.33611,1.33608,2.55,2.25
2014.08.15,00:58:53.722,1.3361,1.33608,1.15,2.25
2014.08.15,00:59:00.620,1.33611,1.33608,2.4,2.25
2014.08.15,00:59:01.267,1.33611,1.33608,2.4,2.25
2014.08.15,00:59:02.177,1.33611,1.33608,1.65,2.25
2014.08.15,00:59:02.683,1.33611,1.33608,2.78,2.25
2014.08.15,00:59:03.402,1.33611,1.33608,1.28,2.25
2014.08.15,00:59:03.914,1.33611,1.33608,2.78,2.25
2014.08.15,00:59:04.736,1.33611,1.33608,1.28,2.25
2014.08.15,00:59:05.251,1.33611,1.33608,2.03,3
2014.08.15,00:59:09.164,1.33611,1.33609,3.53,1
2014.08.15,00:59:11.161,1.33611,1.33608,3.9,3
2014.08.15,00:59:13.628,1.33611,1.33608,1.65,3
2014.08.15,00:59:14.193,1.33611,1.33608,2.78,3
2014.08.15,00:59:14.935,1.33611,1.33608,2.78,3
2014.08.15,00:59:15.542,1.33611,1.33608,2.78,3
2014.08.15,00:59:16.188,1.33611,1.33608,1.28,3
2014.08.15,00:59:16.803,1.33611,1.33608,2.78,3
2014.08.15,00:59:17.393,1.33611,1.33608,1.28,3
2014.08.15,00:59:18.196,1.33611,1.33608,2.78,3
2014.08.15,00:59:18.706,1.33611,1.33609,2.78,1
2014.08.15,00:59:19.218,1.33611,1.33609,1.43,1
2014.08.15,00:59:20.092,1.33611,1.33609,2.18,1
2014.08.15,00:59:20.601,1.33611,1.33609,2.18,1
2014.08.15,00:59:21.135,1.33611,1.33609,1.74,1
2014.08.15,00:59:21.650,1.33612,1.33609,10.28,1
2014.08.15,00:59:22.171,1.33612,1.33609,10.28,1
2014.08.15,00:59:22.676,1.33611,1.33609,2.18,1
2014.08.15,00:59:23.191,1.33611,1.33609,2.93,1
2014.08.15,00:59:23.704,1.33611,1.33609,1.43,1
2014.08.15,00:59:24.223,1.33611,1.33609,1.74,1
2014.08.15,00:59:25.045,1.33611,1.33609,2.74,1
2014.08.15,00:59:25.561,1.33611,1.33609,2.74,1
2014.08.15,00:59:26.064,1.33611,1.33609,1.24,1
2014.08.15,00:59:26.573,1.33612,1.33609,9.53,1
2014.08.15,00:59:26.879,1.33612,1.33608,7.43,6.38
2014.08.15,00:59:26.993,1.33612,1.3361,2.07,1
2014.08.15,00:59:27.550,1.33613,1.3361,1.69,2.25
2014.08.15,00:59:28.131,1.33613,1.3361,1.32,2.25
2014.08.15,00:59:32.300,1.33614,1.33612,3.75,1
2014.08.15,00:59:32.604,1.33615,1.33614,6,3.75
2014.08.15,00:59:32.756,1.33618,1.33615,1.25,2.25
2014.08.15,00:59:32.857,1.33619,1.33617,1.32,1
2014.08.15,00:59:33.280,1.33621,1.33618,3,1
2014.08.15,00:59:34.541,1.3362,1.33618,1.5,1
2014.08.15,00:59:35.251,1.33619,1.33618,1,1
2014.08.15,00:59:35.806,1.3362,1.33618,1.5,1
2014.08.15,00:59:36.331,1.33619,1.33617,1,3
2014.08.15,00:59:38.019,1.3362,1.33617,1.69,2.25
2014.08.15,00:59:38.570,1.33619,1.33617,1,2.25
2014.08.15,00:59:47.151,1.33618,1.33617,1,1
2014.08.15,00:59:47.253,1.33618,1.33615,1,2.25
2014.08.15,00:59:47.876,1.33618,1.33616,1,1
2014.08.15,00:59:48.386,1.33618,1.33617,1,1
2014.08.15,00:59:48.891,1.33619,1.33616,3,1.5
2014.08.15,00:59:49.395,1.33618,1.33616,1,1
2014.08.15,00:59:49.900,1.33617,1.33616,1,1.5
2014.08.15,00:59:50.427,1.33619,1.33616,3,1
2014.08.15,00:59:50.932,1.33618,1.33616,1,1
2014.08.15,00:59:51.587,1.33619,1.33616,3,1
2014.08.15,00:59:52.102,1.33618,1.33616,1,1
2014.08.15,00:59:52.708,1.33619,1.33616,3,1.5
2014.08.15,00:59:53.240,1.33618,1.33616,1,1.5
2014.08.15,00:59:54.440,1.33619,1.33616,3,1.5
2014.08.15,00:59:55.027,1.33618,1.33616,1,1.5
2014.08.15,00:59:55.640,1.33619,1.33616,3,1.5
2014.08.15,00:59:56.152,1.33618,1.33616,1,1.5
2014.08.15,00:59:57.295,1.33619,1.33616,3,1.5
2014.08.15,00:59:57.843,1.33618,1.33616,1,1.5
2014.08.15,00:59:58.356,1.33619,1.33616,3,1.5
2014.08.15,00:59:58.458,1.33617,1.33615,1,5.25
2014.08.15,00:59:58.761,1.33615,1.33613,2.25,1
2014.08.15,00:59:59.064,1.33614,1.3361,2.25,10.32
2014.08.15,00:59:59.266,1.33612,1.3361,1,1.5
2014.08.15,00:59:59.771,1.33613,1.3361,3,1.5
2014.08.15,01:00:00.248,1.33611,1.3361,1,1
2014.08.15,01:00:02.583,1.33611,1.33609,1,1
2014.08.15,01:00:03.108,1.33611,1.33609,1.5,1.5
2014.08.15,01:00:04.437,1.33612,1.33609,1.69,2.25
2014.08.15,01:00:05.655,1.33613,1.3361,1.69,1.5
2014.08.15,01:00:05.907,1.33615,1.33612,3.75,1.5
2014.08.15,01:00:06.210,1.33616,1.33614,1,2.25
2014.08.15,01:00:07.395,1.33618,1.33614,2.25,2.25
2014.08.15,01:00:08.697,1.33618,1.33616,1.69,1
2014.08.15,01:00:09.238,1.33618,1.33617,1.5,1.5
2014.08.15,01:00:15.914,1.33619,1.33617,2.44,1
2014.08.15,01:00:16.469,1.33619,1.33618,1.25,1
2014.08.15,01:00:18.005,1.33619,1.33617,1,1
2014.08.15,01:00:39.084,1.33618,1.33616,1,2.44
2014.08.15,01:00:40.169,1.33618,1.33617,1,1
2014.08.15,01:00:47.595,1.33618,1.33616,1.5,1.5
2014.08.15,01:00:48.100,1.33617,1.33615,1,1.25
2014.08.15,01:00:49.302,1.33617,1.33614,1,3.38
2014.08.15,01:00:53.791,1.33617,1.33614,1,2.82
2014.08.15,01:00:55.186,1.33617,1.33614,1,1.69
2014.08.15,01:00:55.786,1.33618,1.33614,2.44,3.94
2014.08.15,01:00:59.369,1.33618,1.33614,1.5,3.19
2014.08.15,01:00:59.927,1.33618,1.33616,1.5,1
2014.08.15,01:01:00.432,1.33619,1.33616,1.69,3
2014.08.15,01:01:10.250,1.33619,1.33617,1.5,1
2014.08.15,01:01:10.773,1.33619,1.33616,1.5,2.63
2014.08.15,01:01:11.813,1.33618,1.33616,1,2.63
2014.08.15,01:01:15.290,1.33618,1.33617,1,1
2014.08.15,01:01:19.342,1.33619,1.33617,2.25,1
2014.08.15,01:01:57.977,1.33618,1.33617,1,1
2014.08.15,01:01:58.482,1.33619,1.33617,1.69,1
2014.08.15,01:02:01.441,1.33618,1.33617,1,1
2014.08.15,01:02:08.706,1.33617,1.33615,1,2.44
2014.08.15,01:02:11.387,1.33617,1.33615,1,6.34
2014.08.15,01:02:14.157,1.33617,1.33615,1,4.84
2014.08.15,01:02:19.169,1.33617,1.33616,1,1
2014.08.15,01:02:22.571,1.33619,1.33616,2.25,1
2014.08.15,01:02:23.107,1.33618,1.33616,1,1
2014.08.15,01:02:23.780,1.33618,1.33615,1,3
2014.08.15,01:02:24.284,1.33618,1.33616,2.25,1
2014.08.15,01:02:28.386,1.33617,1.33614,4.98,8.07
2014.08.15,01:02:28.539,1.33615,1.33613,6.19,1
2014.08.15,01:02:29.100,1.33614,1.33613,1,1
2014.08.15,01:02:30.407,1.33613,1.33612,1.5,1.5
2014.08.15,01:02:30.458,1.33613,1.3361,2.25,3.19
2014.08.15,01:02:30.980,1.33613,1.3361,1.69,2.25
2014.08.15,01:02:31.131,1.33611,1.3361,1,2.25
2014.08.15,01:02:31.895,1.3361,1.33609,1,1
2014.08.15,01:02:32.411,1.33611,1.33608,3.19,1
2014.08.15,01:02:32.985,1.3361,1.33608,1.5,1
2014.08.15,01:02:33.288,1.33607,1.33605,3.94,1.5
2014.08.15,01:02:34.217,1.33607,1.33605,2.07,2.5
2014.08.15,01:02:34.735,1.33606,1.33605,1,1.5
2014.08.15,01:02:38.460,1.33607,1.33605,1.88,2.5
2014.08.15,01:02:39.024,1.33606,1.33605,1,1.5
2014.08.15,01:02:39.532,1.33607,1.33605,1,1.5
2014.08.15,01:02:40.149,1.33608,1.33605,4.88,1
2014.08.15,01:02:40.685,1.33608,1.33605,6.57,1
2014.08.15,01:02:41.343,1.33606,1.33605,1,1
2014.08.15,01:02:41.849,1.33607,1.33605,1.25,1
2014.08.15,01:02:43.135,1.33606,1.33605,1,1
2014.08.15,01:02:45.912,1.33607,1.33605,2.07,1
2014.08.15,01:02:53.180,1.33607,1.33606,3.38,1
2014.08.15,01:02:56.149,1.33606,1.33605,1,1
2014.08.15,01:02:59.016,1.33607,1.33606,3.38,1
2014.08.15,01:03:01.890,1.33606,1.33605,1,1
2014.08.15,01:03:12.761,1.33606,1.33605,1.5,1.5
2014.08.15,01:03:18.413,1.33606,1.33604,3,1.5
2014.08.15,01:03:21.354,1.33606,1.33605,1.69,1
2014.08.15,01:03:24.259,1.33605,1.33603,1,2.25
2014.08.15,01:03:25.466,1.33606,1.33604,1.32,1.5
2014.08.15,01:03:27.511,1.33605,1.33603,1,1
2014.08.15,01:03:27.663,1.33605,1.33603,3,1
2014.08.15,01:03:28.228,1.33604,1.33603,1,1
2014.08.15,01:03:30.341,1.33604,1.33602,2.25,3
2014.08.15,01:03:33.405,1.33603,1.33602,1,1
2014.08.15,01:03:39.436,1.33603,1.336,1,2.44
2014.08.15,01:03:40.700,1.33601,1.336,1,1
2014.08.15,01:03:41.003,1.336,1.33598,1,1.88
2014.08.15,01:03:41.331,1.33599,1.33596,1,3.75
2014.08.15,01:03:43.331,1.33599,1.33597,1,1
2014.08.15,01:03:43.889,1.336,1.33597,3.57,1.5
2014.08.15,01:03:52.626,1.336,1.33598,1.5,1.5
2014.08.15,01:03:56.329,1.33601,1.33598,4.69,1.5
2014.08.15,01:03:58.598,1.336,1.33598,1.25,1.5
2014.08.15,01:03:59.254,1.33599,1.33597,1,1.5
2014.08.15,01:03:59.558,1.33598,1.33596,1.5,2.44
2014.08.15,01:04:04.074,1.33599,1.33596,1.25,2.25
2014.08.15,01:04:17.420,1.336,1.33596,3.94,3.94
2014.08.15,01:04:18.604,1.336,1.33597,2.63,1.5
2014.08.15,01:04:27.549,1.336,1.33596,3,4.5
2014.08.15,01:04:40.770,1.336,1.33597,4.13,1
2014.08.15,01:04:43.481,1.33601,1.33597,3,3.75
2014.08.15,01:04:43.987,1.336,1.33597,3,1
2014.08.15,01:04:50.867,1.336,1.33598,2.63,1
2014.08.15,01:04:51.381,1.33601,1.33598,7.54,1
2014.08.15,01:04:52.710,1.33601,1.336,1.88,1
2014.08.15,01:04:53.013,1.33604,1.33601,3.38,6.75
2014.08.15,01:04:53.114,1.33605,1.33602,6,6.19
2014.08.15,01:04:53.619,1.33606,1.33604,1.5,1.88
2014.08.15,01:05:01.713,1.33606,1.33603,1.5,2.82
2014.08.15,01:05:17.016,1.33607,1.33603,4.32,3.19
2014.08.15,01:05:30.808,1.33607,1.33604,3.19,1.5
2014.08.15,01:05:32.113,1.33607,1.33603,2.44,6.94
2014.08.15,01:05:32.635,1.33607,1.33604,3.19,1.5
2014.08.15,01:05:33.191,1.33607,1.33603,2.44,6.94
2014.08.15,01:05:33.712,1.33607,1.33603,2.25,7.69
2014.08.15,01:05:44.548,1.33607,1.33605,1.69,1
2014.08.15,01:05:57.056,1.33607,1.33604,1.5,3.19
2014.08.15,01:06:01.351,1.33607,1.33604,1.5,4.69
2014.08.15,01:06:26.056,1.33607,1.33604,1,3
2014.08.15,01:06:37.142,1.33608,1.33604,3.94,2.44
2014.08.15,01:06:52.813,1.33608,1.33604,3,4.69
2014.08.15,01:06:57.009,1.33608,1.33604,3.94,5.44
2014.08.15,01:07:15.942,1.33608,1.33604,4.69,4.5
2014.08.15,01:07:17.023,1.33608,1.33604,3.94,4.69
2014.08.15,01:07:20.229,1.33608,1.33604,4.5,6.94
2014.08.15,01:07:25.345,1.33608,1.33604,3.75,4.5
2014.08.15,01:07:38.049,1.33608,1.33604,1.5,5.44
2014.08.15,01:07:53.030,1.33608,1.33607,2.25,1
2014.08.15,01:07:53.544,1.33609,1.33607,3.19,1
2014.08.15,01:07:54.621,1.33609,1.33607,3.94,1
2014.08.15,01:07:56.276,1.33609,1.33607,2.44,1
2014.08.15,01:08:00.143,1.33609,1.33606,3.19,1
2014.08.15,01:08:00.451,1.33607,1.33606,1.5,1
2014.08.15,01:08:03.772,1.33607,1.33605,1.5,2.82
2014.08.15,01:08:04.850,1.33608,1.33605,1,2.63
2014.08.15,01:08:28.750,1.33608,1.33604,3.19,6.94
2014.08.15,01:08:45.360,1.33607,1.33604,1,3.94
2014.08.15,01:08:57.408,1.33607,1.33605,1.5,1.13
2014.08.15,01:08:57.921,1.33607,1.33604,1,5.07
2014.08.15,01:08:58.482,1.33608,1.33604,3.75,3.38
2014.08.15,01:08:59.008,1.33607,1.33604,1,5.07
2014.08.15,01:09:00.864,1.33608,1.33604,3.94,3.57
2014.08.15,01:09:01.202,1.33606,1.33604,1,3.57
2014.08.15,01:09:05.181,1.33606,1.33605,1,1
2014.08.15,01:09:35.323,1.33607,1.33605,1,2.63
2014.08.15,01:09:47.176,1.33607,1.33606,1,1
2014.08.15,01:10:07.467,1.33608,1.33606,1.5,1
2014.08.15,01:10:15.350,1.33608,1.33607,2.25,1
2014.08.15,01:10:28.220,1.33608,1.33606,1.5,1.5
2014.08.15,01:11:03.188,1.33609,1.33606,3,3
2014.08.15,01:11:10.533,1.33608,1.33606,1,2.25
2014.08.15,01:11:30.453,1.33609,1.33606,3.57,1.5
2014.08.15,01:11:31.422,1.33608,1.33606,3.19,1.5
2014.08.15,01:11:45.680,1.33607,1.33606,1,1.5
2014.08.15,01:11:46.501,1.33608,1.33606,2.25,1
2014.08.15,01:11:47.327,1.33607,1.33606,1,1.5
2014.08.15,01:11:48.353,1.33608,1.33606,2.25,1
2014.08.15,01:11:48.897,1.33607,1.33606,1,1.5
2014.08.15,01:11:49.409,1.33608,1.33606,2.25,1
2014.08.15,01:11:50.022,1.33607,1.33606,1,1.5
2014.08.15,01:11:50.532,1.33608,1.33606,2.25,1
2014.08.15,01:11:51.043,1.33607,1.33606,1,1.5
2014.08.15,01:11:51.547,1.33608,1.33606,2.25,1
2014.08.15,01:11:52.065,1.33607,1.33606,1,1.5
2014.08.15,01:11:52.920,1.33608,1.33606,3,1
2014.08.15,01:11:53.440,1.33607,1.33606,1,1.5
2014.08.15,01:11:53.956,1.33608,1.33606,3,1
2014.08.15,01:11:54.490,1.33607,1.33606,1,1.5
2014.08.15,01:11:55.433,1.33608,1.33606,2.25,1
2014.08.15,01:11:56.040,1.33607,1.33606,1,1.5
2014.08.15,01:11:56.602,1.33608,1.33606,2.25,1
2014.08.15,01:11:57.264,1.33607,1.33606,1,1.5
2014.08.15,01:11:57.818,1.33608,1.33606,2.25,1
2014.08.15,01:11:58.335,1.33607,1.33606,1,1.5
2014.08.15,01:11:59.052,1.33608,1.33606,1,1
2014.08.15,01:12:07.172,1.33609,1.33606,2.25,1
2014.08.15,01:12:07.675,1.33608,1.33606,1,1.5
2014.08.15,01:12:08.690,1.33609,1.33606,2.63,1
2014.08.15,01:12:09.864,1.33608,1.33606,1,1.5
2014.08.15,01:12:10.691,1.33609,1.33606,2.63,1
2014.08.15,01:12:23.260,1.33609,1.33608,1.5,1
2014.08.15,01:12:23.772,1.33609,1.33607,1,1
2014.08.15,01:12:26.809,1.33609,1.33606,1.5,2.25
2014.08.15,01:12:27.313,1.33608,1.33606,3.75,1
2014.08.15,01:12:55.883,1.33608,1.33605,2.25,1.5
2014.08.15,01:13:04.389,1.33608,1.33606,1,1
2014.08.15,01:13:04.893,1.33609,1.33606,4.32,1
2014.08.15,01:13:05.445,1.33609,1.33606,5.07,1
2014.08.15,01:13:07.060,1.33609,1.33606,4.32,1
2014.08.15,01:13:17.948,1.33609,1.33607,3.19,1
2014.08.15,01:13:29.171,1.33609,1.33608,1,1
2014.08.15,01:13:29.675,1.3361,1.33608,3.57,1
2014.08.15,01:13:29.802,1.3361,1.33607,3.57,1
2014.08.15,01:13:30.518,1.3361,1.33608,3,1
2014.08.15,01:13:30.822,1.3361,1.33606,3.75,5.29
2014.08.15,01:13:31.367,1.3361,1.33607,4.5,1
2014.08.15,01:13:32.066,1.3361,1.33606,3.75,5.29
2014.08.15,01:13:32.599,1.3361,1.33607,4.5,1
2014.08.15,01:13:33.114,1.3361,1.33606,2.25,5.67
2014.08.15,01:13:33.626,1.3361,1.33607,4.5,1
2014.08.15,01:13:34.139,1.3361,1.33606,3.75,5.67
2014.08.15,01:13:34.813,1.3361,1.33607,4.5,1
2014.08.15,01:13:35.424,1.3361,1.33606,3.75,4.92
2014.08.15,01:13:36.143,1.3361,1.33607,3.38,1
2014.08.15,01:13:36.765,1.3361,1.33606,2.63,4.92
2014.08.15,01:13:37.378,1.3361,1.33607,4.88,1
2014.08.15,01:13:37.891,1.3361,1.33606,2.63,4.92
2014.08.15,01:13:38.504,1.3361,1.33607,4.88,1.25
2014.08.15,01:13:39.998,1.3361,1.33608,2.25,1
2014.08.15,01:13:40.301,1.33612,1.3361,1.13,1
2014.08.15,01:13:40.654,1.33613,1.33609,7.5,6.75
2014.08.15,01:13:41.190,1.33613,1.33609,5.25,7.5
2014.08.15,01:13:41.703,1.33612,1.33609,2.25,6
2014.08.15,01:13:42.422,1.33612,1.33609,2.25,6
2014.08.15,01:13:43.037,1.33612,1.33609,1,4.5
2014.08.15,01:13:43.858,1.33612,1.33609,2.25,6
2014.08.15,01:13:44.576,1.33612,1.33609,1,4.5
2014.08.15,01:13:44.831,1.33612,1.33611,1.5,1
2014.08.15,01:13:44.983,1.33614,1.33612,1,3
2014.08.15,01:13:45.639,1.33613,1.33612,1,1.5
2014.08.15,01:13:51.650,1.33614,1.33612,1,1.5
2014.08.15,01:13:52.154,1.33615,1.33612,3,3
2014.08.15,01:13:52.406,1.33615,1.33614,1,2.25
2014.08.15,01:13:52.608,1.33618,1.33614,2.44,3.94
2014.08.15,01:13:52.810,1.33618,1.33616,1.5,1
2014.08.15,01:13:53.314,1.33619,1.33616,1.13,3
2014.08.15,01:14:07.690,1.3362,1.33617,4.13,1
2014.08.15,01:14:08.743,1.33621,1.33618,3.19,1.5
2014.08.15,01:14:08.939,1.33622,1.33619,2.25,4.69
2014.08.15,01:14:14.630,1.33623,1.33619,3.19,4.69
2014.08.15,01:14:18.266,1.33623,1.3362,2.44,7.5
2014.08.15,01:14:18.317,1.33623,1.33622,1,3
2014.08.15,01:14:18.621,1.33627,1.33625,2.25,2.63
2014.08.15,01:14:19.127,1.33626,1.33624,1,1.25
2014.08.15,01:14:19.655,1.33627,1.33624,1.88,1.25
2014.08.15,01:14:20.431,1.33626,1.33624,1,1
2014.08.15,01:14:26.700,1.33628,1.33624,3,2.63
2014.08.15,01:14:39.191,1.33628,1.33625,3.94,1
2014.08.15,01:14:45.852,1.33628,1.33626,2.25,1
2014.08.15,01:14:47.483,1.33629,1.33626,3.38,1
2014.08.15,01:14:49.758,1.33629,1.33626,3.19,1
2014.08.15,01:14:52.170,1.33629,1.33626,3,1
2014.08.15,01:15:00.233,1.33628,1.33626,1,1
2014.08.15,01:15:04.990,1.33629,1.33626,3.75,1.5
2014.08.15,01:15:05.499,1.33629,1.33627,2.25,1
2014.08.15,01:15:14.655,1.3363,1.33627,5.44,1.5
2014.08.15,01:15:15.008,1.3363,1.33629,2.82,1
2014.08.15,01:15:15.312,1.33632,1.3363,1.5,5.48
2014.08.15,01:15:15.413,1.33634,1.33633,1.5,1
2014.08.15,01:15:15.766,1.33634,1.33631,3.38,3.04
2014.08.15,01:15:16.271,1.33634,1.3363,2.82,3.57
2014.08.15,01:15:16.995,1.33634,1.33632,3.38,1
2014.08.15,01:15:17.765,1.33634,1.33632,3.38,1
2014.08.15,01:15:17.967,1.33633,1.3363,1,4.5
2014.08.15,01:15:18.724,1.33633,1.33631,1,1
2014.08.15,01:15:19.128,1.33631,1.3363,1.5,1.5
2014.08.15,01:15:19.279,1.3363,1.33629,1,1
2014.08.15,01:15:21.714,1.33631,1.33629,2.25,1
2014.08.15,01:15:25.726,1.33631,1.33629,3.19,1
2014.08.15,01:15:28.713,1.33631,1.33629,1.69,1
2014.08.15,01:15:33.032,1.33631,1.33627,2.44,4.69
2014.08.15,01:15:33.330,1.33629,1.33627,1.5,1
2014.08.15,01:15:33.593,1.33628,1.33625,2.25,1
2014.08.15,01:15:33.695,1.33626,1.33624,1.5,1.69
2014.08.15,01:15:33.998,1.33623,1.3362,5.44,1
2014.08.15,01:15:34.049,1.33622,1.3362,3.75,1
2014.08.15,01:15:34.251,1.3362,1.33619,1.5,1
2014.08.15,01:15:34.798,1.33621,1.33619,1.13,1
2014.08.15,01:15:39.119,1.33622,1.3362,1.25,1
2014.08.15,01:15:43.485,1.33622,1.33619,2.63,1
2014.08.15,01:15:49.753,1.33621,1.33618,1,1.5
2014.08.15,01:15:50.258,1.3362,1.33617,3.19,2.25
2014.08.15,01:15:54.238,1.33619,1.33617,1,1.5
2014.08.15,01:16:25.932,1.33619,1.33618,1,1
2014.08.15,01:16:58.293,1.33619,1.33617,1,1
2014.08.15,01:17:30.299,1.3362,1.33618,5.44,1
2014.08.15,01:17:31.921,1.33619,1.33617,1,1.5
2014.08.15,01:17:47.863,1.33618,1.33617,1,1.5
2014.08.15,01:17:54.298,1.3362,1.33617,1.32,1
2014.08.15,01:17:58.455,1.3362,1.33618,2.44,1
2014.08.15,01:17:58.976,1.33619,1.33618,1,1
2014.08.15,01:18:04.061,1.33619,1.33617,1,2.25
2014.08.15,01:18:04.563,1.3362,1.33617,3,1.5
2014.08.15,01:18:11.960,1.33619,1.33617,1,1.5
2014.08.15,01:18:12.213,1.33617,1.33614,1.69,2.25
2014.08.15,01:18:12.416,1.33616,1.33613,2.63,1.69
2014.08.15,01:18:12.924,1.33616,1.33613,3.38,4.69
2014.08.15,01:18:13.464,1.33616,1.33613,3.38,4.69
2014.08.15,01:18:14.691,1.33616,1.33613,3.38,4.69
2014.08.15,01:18:15.253,1.33616,1.33613,2.63,1.69
2014.08.15,01:18:15.916,1.33616,1.33613,3.38,4.69
2014.08.15,01:18:16.836,1.33616,1.33613,2.63,1.69
2014.08.15,01:18:17.398,1.33616,1.33613,3.38,4.69
2014.08.15,01:18:17.907,1.33616,1.33613,3.38,4.69
2014.08.15,01:18:18.875,1.33616,1.33613,3.38,4.69
2014.08.15,01:18:19.387,1.33616,1.33613,3.38,4.69
2014.08.15,01:18:20.002,1.33616,1.33613,3.38,4.69
2014.08.15,01:18:20.557,1.33616,1.33613,2.63,1.69
2014.08.15,01:18:21.077,1.33616,1.33613,2.63,1.69
2014.08.15,01:18:21.689,1.33616,1.33613,3.38,4.69
2014.08.15,01:18:22.201,1.33616,1.33613,3.38,4.5
2014.08.15,01:18:22.725,1.33616,1.33613,3.38,4.5
2014.08.15,01:18:23.999,1.33616,1.33613,2.63,1.5
2014.08.15,01:18:24.616,1.33616,1.33613,2.63,1.5
2014.08.15,01:18:25.215,1.33616,1.33613,3.38,4.5
2014.08.15,01:18:26.071,1.33616,1.33613,3.38,4.5
2014.08.15,01:18:27.510,1.33616,1.33613,2.63,1.5
2014.08.15,01:18:28.053,1.33616,1.33613,3.38,4.5
2014.08.15,01:18:28.597,1.33616,1.33613,2.63,1.5
2014.08.15,01:18:29.104,1.33616,1.33613,2.63,1.5
2014.08.15,01:18:29.508,1.33617,1.33614,2.25,1
2014.08.15,01:18:42.127,1.33617,1.33613,2.25,4.32
2014.08.15,01:18:57.860,1.33617,1.33614,2.25,1.5
2014.08.15,01:19:06.200,1.33617,1.33615,1.5,1
2014.08.15,01:19:06.554,1.33618,1.33617,1,1
2014.08.15,01:19:07.059,1.33619,1.33618,1,1
2014.08.15,01:19:07.362,1.33621,1.33619,1,7.88
2014.08.15,01:19:07.413,1.33623,1.33622,2.25,1
2014.08.15,01:19:07.565,1.33625,1.33622,4.5,2.25
2014.08.15,01:19:07.868,1.33623,1.33621,1,3
2014.08.15,01:19:08.373,1.33623,1.33619,1.5,3.57
2014.08.15,01:19:09.139,1.33623,1.33619,3,2.63
2014.08.15,01:19:09.675,1.33623,1.33619,3,2.63
2014.08.15,01:19:10.380,1.33623,1.33619,3,2.63
2014.08.15,01:19:10.887,1.33623,1.33619,1.5,2.63
2014.08.15,01:19:11.421,1.33623,1.33619,3,3
2014.08.15,01:19:12.018,1.33623,1.33619,3,3
2014.08.15,01:19:12.943,1.33623,1.33619,3,3
2014.08.15,01:19:13.479,1.33623,1.33619,3,3
2014.08.15,01:19:14.022,1.33623,1.33619,3,3
2014.08.15,01:19:14.439,1.33621,1.33619,1,3
2014.08.15,01:19:14.945,1.33622,1.33619,1,3
2014.08.15,01:19:15.922,1.33622,1.33619,1,3
2014.08.15,01:19:16.645,1.33622,1.33619,1,3
2014.08.15,01:19:17.152,1.33622,1.33619,1,3
2014.08.15,01:19:18.024,1.33622,1.33619,1,2.63
2014.08.15,01:19:18.590,1.33622,1.33619,1,3.38
2014.08.15,01:19:19.154,1.33622,1.33619,1,3.38
2014.08.15,01:19:19.867,1.33622,1.33619,1,3.38
2014.08.15,01:19:20.581,1.33622,1.33619,1,4.13
2014.08.15,01:19:21.108,1.33622,1.33619,1,4.13
2014.08.15,01:19:21.908,1.33622,1.33619,1,3.38
2014.08.15,01:19:22.650,1.33622,1.33619,1,4.13
2014.08.15,01:19:50.207,1.33623,1.3362,1,2.63
2014.08.15,01:19:55.037,1.33623,1.33622,1,1.5
2014.08.15,01:19:55.290,1.33625,1.33622,1,4.5
2014.08.15,01:20:01.425,1.33625,1.33623,2.25,1.5
2014.08.15,01:20:03.423,1.33625,1.33622,1,5.07
2014.08.15,01:20:03.998,1.33624,1.33622,1,3.75
2014.08.15,01:20:07.832,1.33624,1.33623,1.5,1
2014.08.15,01:20:08.924,1.33625,1.33623,1,2.25
2014.08.15,01:20:26.068,1.33624,1.33623,1,1.5
2014.08.15,01:20:31.248,1.33624,1.33622,1,4.32
2014.08.15,01:20:31.752,1.33624,1.33623,1,1.5
2014.08.15,01:20:47.067,1.33624,1.33622,1,3.57
2014.08.15,01:20:47.695,1.33624,1.33623,1,1.5
2014.08.15,01:20:48.592,1.33624,1.33622,1,3.57
2014.08.15,01:20:49.356,1.33624,1.33623,1,1.5
2014.08.15,01:20:49.942,1.33624,1.33622,1,3.57
2014.08.15,01:20:50.529,1.33624,1.33623,1,1.5
2014.08.15,01:20:51.273,1.33624,1.33622,1,3.57
2014.08.15,01:20:51.888,1.33624,1.33623,1,1.5
2014.08.15,01:20:52.511,1.33624,1.33622,1,3.57
2014.08.15,01:20:53.016,1.33624,1.33623,1,1.5
2014.08.15,01:20:53.524,1.33624,1.33622,1,3.57
2014.08.15,01:20:54.318,1.33624,1.33623,1,1.5
2014.08.15,01:20:55.241,1.33624,1.33622,1,3.57
2014.08.15,01:20:56.181,1.33624,1.33623,1,1.5
2014.08.15,01:20:57.711,1.33624,1.33622,1,3.57
2014.08.15,01:20:58.254,1.33624,1.33623,1,1.5
2014.08.15,01:20:58.800,1.33624,1.33622,1,3.57
2014.08.15,01:20:59.335,1.33624,1.33623,1,1.5
2014.08.15,01:20:59.911,1.33624,1.33622,1,3.57
2014.08.15,01:21:00.461,1.33624,1.33623,1,1.5
2014.08.15,01:21:01.057,1.33624,1.33622,1,3.57
2014.08.15,01:21:01.578,1.33625,1.33623,1,1.5
2014.08.15,01:21:02.283,1.33625,1.33622,1,5.07
2014.08.15,01:21:02.823,1.33625,1.33623,1,1.5
2014.08.15,01:21:03.337,1.33625,1.33622,1,5.07
2014.08.15,01:21:03.850,1.33625,1.33623,1,1.5
2014.08.15,01:21:05.134,1.33625,1.33622,1,5.07
2014.08.15,01:21:05.645,1.33625,1.33623,1,1.05
2014.08.15,01:21:05.746,1.33626,1.33625,1,3.75
2014.08.15,01:21:06.252,1.33627,1.33625,1,6.64
2014.08.15,01:21:06.756,1.33627,1.33626,1,1
2014.08.15,01:21:07.311,1.33627,1.33625,1,3.75
2014.08.15,01:21:08.937,1.33629,1.33625,3,7.13
2014.08.15,01:21:13.708,1.33627,1.33625,1,3.19
2014.08.15,01:21:14.214,1.33628,1.33624,3,4.5
2014.08.15,01:21:15.071,1.33628,1.33624,3.19,3.19
2014.08.15,01:21:21.331,1.33628,1.33624,3.75,3.94
2014.08.15,01:21:22.293,1.33628,1.33624,3.19,2.44
2014.08.15,01:21:26.358,1.33628,1.33625,1.69,1.5
2014.08.15,01:21:46.954,1.33629,1.33625,2.44,4.32
2014.08.15,01:21:53.157,1.33628,1.33625,1,2.25
2014.08.15,01:21:56.603,1.33627,1.33625,1,3
2014.08.15,01:22:01.644,1.33628,1.33625,1,4.69
2014.08.15,01:22:06.892,1.33629,1.33626,2.44,1.5
2014.08.15,01:22:07.398,1.3363,1.33626,3.04,2.44
2014.08.15,01:22:07.920,1.3363,1.33627,5.29,1
2014.08.15,01:22:08.710,1.3363,1.33626,3.04,3.19
2014.08.15,01:22:09.301,1.3363,1.33627,5.29,1
2014.08.15,01:22:10.326,1.3363,1.33626,4.92,3.19
2014.08.15,01:22:11.144,1.3363,1.33627,5.67,1
2014.08.15,01:22:12.063,1.3363,1.33626,4.92,3.19
2014.08.15,01:22:12.575,1.3363,1.33627,4.17,1
2014.08.15,01:22:13.089,1.3363,1.33626,4.92,3.19
2014.08.15,01:22:13.600,1.3363,1.33627,4.17,1
2014.08.15,01:22:14.305,1.3363,1.33626,4.92,3.19
2014.08.15,01:22:14.824,1.3363,1.33627,5.67,1
2014.08.15,01:22:21.031,1.3363,1.33628,1.35,1
2014.08.15,01:22:22.165,1.3363,1.33628,1,1.6
2014.08.15,01:22:23.080,1.3363,1.33628,1,1
2014.08.15,01:22:23.616,1.3363,1.33629,1,1
2014.08.15,01:22:23.969,1.3363,1.33627,1,3.94
2014.08.15,01:22:24.473,1.3363,1.33628,1,1
2014.08.15,01:22:25.028,1.3363,1.33627,1,3.94
2014.08.15,01:22:26.049,1.3363,1.33628,1,1
2014.08.15,01:22:26.200,1.33632,1.3363,1,1.5
2014.08.15,01:22:26.654,1.33634,1.33631,1,1.13
2014.08.15,01:22:26.705,1.33632,1.33631,1,1
2014.08.15,01:22:26.856,1.33632,1.33629,1.5,1.25
2014.08.15,01:22:30.114,1.33631,1.33628,1,5.07
2014.08.15,01:22:31.236,1.33631,1.33628,1.13,1.69
2014.08.15,01:22:35.799,1.33631,1.33627,1.69,2.44
2014.08.15,01:22:36.303,1.3363,1.33627,5.25,1
2014.08.15,01:22:43.449,1.33629,1.33627,1,2.25
2014.08.15,01:22:51.174,1.33628,1.33627,1,1.5
2014.08.15,01:22:51.693,1.33627,1.33625,1,4.69
2014.08.15,01:22:52.379,1.33627,1.33625,1,9.38
2014.08.15,01:22:55.641,1.33627,1.33623,1.5,5.82
2014.08.15,01:23:05.191,1.33626,1.33624,1.88,1.69
2014.08.15,01:23:05.545,1.33624,1.33622,1,2.07
2014.08.15,01:23:05.646,1.33623,1.33621,2.25,1.25
2014.08.15,01:23:05.798,1.33622,1.33619,3.75,2.25
2014.08.15,01:23:10.073,1.33622,1.33618,3,2.25
2014.08.15,01:23:11.521,1.33622,1.33618,3.94,1.69
2014.08.15,01:23:14.484,1.33622,1.33618,3,1.5
2014.08.15,01:23:17.480,1.33622,1.33618,3,1.5
2014.08.15,01:23:18.195,1.33623,1.3362,3.94,1
2014.08.15,01:23:18.246,1.33623,1.3362,2.44,1
2014.08.15,01:23:18.448,1.33623,1.33622,1,1
2014.08.15,01:23:18.744,1.33625,1.33623,2.44,1
2014.08.15,01:23:19.250,1.33625,1.33622,2.82,1
2014.08.15,01:23:20.206,1.33625,1.33624,2.63,1
2014.08.15,01:23:20.724,1.33626,1.33625,1,1
2014.08.15,01:23:21.243,1.33626,1.33624,1,3
2014.08.15,01:23:50.989,1.33625,1.33623,1,3.19
2014.08.15,01:23:52.981,1.33625,1.33623,1,4.32
2014.08.15,01:24:05.798,1.33626,1.33625,1,1
2014.08.15,01:24:15.345,1.33626,1.33624,1,3
2014.08.15,01:24:18.709,1.33626,1.33624,1,2.82
2014.08.15,01:24:20.482,1.33628,1.33624,2.44,1.32
2014.08.15,01:24:23.971,1.33627,1.33624,1,2.82
2014.08.15,01:24:26.871,1.33628,1.33624,3.94,2.44
