Date,Time,Ask,Bid,AskVolume,BidVolume
15-08-2014,00:00:00.000,1.6686,1.6685,1,1
15-08-2014,00:00:01.642,1.6686,1.66848,1,1.19
15-08-2014,00:00:02.665,1.6686,1.66848,1,1.25
15-08-2014,00:00:05.932,1.66862,1.66848,1.65,1.25
15-08-2014,00:00:07.862,1.6686,1.66848,1,1.25
15-08-2014,00:00:08.380,1.6686,1.66848,1,1.19
15-08-2014,00:00:08.884,1.66862,1.66848,1.65,1.19
15-08-2014,00:00:09.393,1.66862,1.66848,1.18,1.25
15-08-2014,00:00:10.691,1.66861,1.66847,1.1,1.77
15-08-2014,00:00:12.383,1.6686,1.66847,1,1.77
15-08-2014,00:00:13.160,1.66862,1.66847,1.65,1.77
15-08-2014,00:00:15.868,1.6686,1.66847,1,1.77
15-08-2014,00:00:16.123,1.66858,1.66847,1,1.29
15-08-2014,00:00:23.075,1.66858,1.66849,1,1.19
15-08-2014,00:00:23.177,1.66859,1.66847,1,1.77
15-08-2014,00:00:23.681,1.66858,1.66847,1,1.29
15-08-2014,00:00:24.378,1.66858,1.66847,1,1.29
15-08-2014,00:00:26.328,1.6686,1.66846,1,2.22
15-08-2014,00:00:26.949,1.66861,1.66846,1.1,2.97
15-08-2014,00:00:27.767,1.66859,1.66846,1,2.97
15-08-2014,00:00:28.121,1.66858,1.66843,1.58,1.74
15-08-2014,00:00:28.222,1.66856,1.66841,4.95,2.14
15-08-2014,00:00:28.374,1.66851,1.66838,1,1.77
15-08-2014,00:00:28.526,1.66848,1.66837,1,1.98
15-08-2014,00:00:28.577,1.66848,1.66836,1,1.02
15-08-2014,00:00:28.679,1.66848,1.66831,1.18,3.27
15-08-2014,00:00:28.780,1.66847,1.66831,1.58,1.77
15-08-2014,00:00:29.307,1.66848,1.66833,1.5,2.82
15-08-2014,00:00:29.358,1.66849,1.66834,1,1.98
15-08-2014,00:00:29.661,1.6685,1.66837,1,1.5
15-08-2014,00:00:30.426,1.66851,1.66838,1,1.58
15-08-2014,00:00:31.710,1.66852,1.66839,1.25,1.47
15-08-2014,00:00:32.708,1.66852,1.6684,1.19,2.52
15-08-2014,00:00:34.834,1.66853,1.6684,1.19,2.52
15-08-2014,00:00:38.856,1.66853,1.66839,1.69,2.59
15-08-2014,00:00:49.326,1.66853,1.6684,1.19,2.52
15-08-2014,00:00:52.658,1.66854,1.6684,2.52,2.52
15-08-2014,00:00:56.689,1.66853,1.66839,1.84,4.32
15-08-2014,00:00:57.996,1.66853,1.66838,1.84,3.27
15-08-2014,00:01:01.295,1.66852,1.66839,1.02,2.44
15-08-2014,00:01:02.370,1.66853,1.66839,1.84,2.44
15-08-2014,00:01:03.064,1.66853,1.66839,1.37,3.19
15-08-2014,00:01:08.173,1.66853,1.66839,1.84,2.44
15-08-2014,00:01:17.786,1.66853,1.66839,1.37,3.19
15-08-2014,00:01:19.427,1.66852,1.6684,1.29,2.44
15-08-2014,00:01:20.498,1.66852,1.6684,1.25,2.52
15-08-2014,00:01:28.531,1.66852,1.6684,1.19,4.39
15-08-2014,00:01:29.614,1.66853,1.6684,1.19,4.39
15-08-2014,00:01:38.520,1.66853,1.6684,1.84,1.25
15-08-2014,00:01:49.151,1.66853,1.6684,1.09,1.19
15-08-2014,00:01:51.182,1.66853,1.6684,1.37,1.19
15-08-2014,00:01:52.348,1.66853,1.66839,1.09,5.07
15-08-2014,00:02:06.286,1.66854,1.66839,2.52,3.19
15-08-2014,00:02:18.629,1.66853,1.66839,1.84,2.44
15-08-2014,00:02:26.223,1.66854,1.66839,2.52,1.32
15-08-2014,00:02:26.837,1.66853,1.66838,1.37,5.89
15-08-2014,00:02:53.886,1.66852,1.66838,1.37,5.82
15-08-2014,00:02:54.189,1.66853,1.66839,1.02,1.19
15-08-2014,00:02:59.832,1.66854,1.66839,1.37,3.64
15-08-2014,00:03:06.308,1.66853,1.6684,1.29,1.32
15-08-2014,00:03:07.408,1.66854,1.6684,1.37,1.32
15-08-2014,00:03:19.001,1.66855,1.6684,2.52,2.22
15-08-2014,00:03:27.017,1.66854,1.6684,1.19,1.47
15-08-2014,00:03:28.651,1.66855,1.6684,2.52,2.22
15-08-2014,00:03:29.631,1.66854,1.6684,2.22,1.19
15-08-2014,00:03:31.632,1.66853,1.66838,1.67,1.84
15-08-2014,00:03:34.029,1.66854,1.66839,1.84,1.29
15-08-2014,00:04:00.045,1.66853,1.66839,1.39,1.69
15-08-2014,00:04:06.330,1.66854,1.66839,2.52,1.77
15-08-2014,00:04:19.705,1.66853,1.66839,1.39,1.29
15-08-2014,00:04:20.224,1.66853,1.66839,1.32,1.77
15-08-2014,00:04:20.737,1.66854,1.66839,1.69,2.52
15-08-2014,00:04:26.542,1.66853,1.66838,1.39,2.22
15-08-2014,00:04:36.171,1.66852,1.66838,1.57,1.37
15-08-2014,00:04:42.742,1.66853,1.66838,2.52,1.84
15-08-2014,00:04:45.974,1.66852,1.66838,1.57,1.37
15-08-2014,00:05:07.173,1.66853,1.66838,1.84,1.29
15-08-2014,00:05:26.452,1.66854,1.66839,2.52,1.69
15-08-2014,00:05:27.457,1.66853,1.66838,1.74,1.39
15-08-2014,00:05:39.273,1.66854,1.66839,2.52,1.19
15-08-2014,00:05:41.634,1.66853,1.66838,1.74,4.02
15-08-2014,00:05:48.664,1.66852,1.66838,1.47,1.32
15-08-2014,00:06:03.798,1.66852,1.66836,1.84,3.34
15-08-2014,00:06:04.102,1.66851,1.66837,1.39,1.32
15-08-2014,00:06:04.608,1.66852,1.66837,1.84,1.39
15-08-2014,00:06:05.983,1.66851,1.66838,1.02,1.32
15-08-2014,00:06:31.336,1.66852,1.66838,1.37,2.07
15-08-2014,00:06:44.779,1.66852,1.66838,2.89,1.32
15-08-2014,00:06:45.298,1.66852,1.66839,2.22,1.25
15-08-2014,00:06:48.274,1.66851,1.66839,1.29,1
15-08-2014,00:07:09.686,1.66851,1.66839,1.47,1.25
15-08-2014,00:07:11.781,1.66851,1.66839,1.84,1
15-08-2014,00:07:24.414,1.66851,1.66839,1.37,1.25
15-08-2014,00:07:25.826,1.66851,1.66839,4.09,1
15-08-2014,00:07:36.940,1.6685,1.66839,1.77,1
15-08-2014,00:07:37.879,1.66848,1.66838,1.25,1
15-08-2014,00:07:44.970,1.66849,1.66837,1.69,1.19
15-08-2014,00:07:47.133,1.66849,1.66837,1,1.19
15-08-2014,00:07:48.097,1.66849,1.66836,1.25,1.39
15-08-2014,00:07:49.007,1.66848,1.66836,1,1.84
15-08-2014,00:07:49.512,1.66847,1.66836,1,1.47
15-08-2014,00:07:50.104,1.66847,1.66835,1,2.52
15-08-2014,00:08:01.015,1.66848,1.66835,1.25,2.52
15-08-2014,00:08:23.638,1.66847,1.66835,1,1.39
15-08-2014,00:08:26.791,1.66846,1.66835,1,1.19
15-08-2014,00:08:26.943,1.66845,1.66833,1.25,2.52
15-08-2014,00:08:27.966,1.66845,1.66833,1.19,1.02
15-08-2014,00:08:28.380,1.66845,1.66833,1.1,1.69
15-08-2014,00:08:28.683,1.66847,1.66835,1,1.77
15-08-2014,00:08:29.188,1.66849,1.66835,1.19,2.52
15-08-2014,00:08:29.708,1.66849,1.66836,1.25,1.47
15-08-2014,00:08:31.976,1.66849,1.66837,1,1.29
15-08-2014,00:08:33.466,1.66849,1.66836,1.25,1.47
15-08-2014,00:08:35.786,1.66849,1.66835,1.29,1.29
15-08-2014,00:08:38.196,1.66849,1.66834,2.14,1.47
15-08-2014,00:08:51.690,1.66847,1.66835,1,1.77
15-08-2014,00:08:52.973,1.66848,1.66835,1.25,1.77
15-08-2014,00:08:53.591,1.6685,1.66836,1.37,1.32
15-08-2014,00:09:01.904,1.6685,1.66835,1.37,1.67
15-08-2014,00:09:07.333,1.66848,1.66835,1.19,1.77
15-08-2014,00:09:12.868,1.66847,1.66835,1,1.77
15-08-2014,00:09:16.980,1.66847,1.66834,1.02,1.19
15-08-2014,00:09:17.344,1.66845,1.66832,1.25,2.22
15-08-2014,00:09:17.849,1.66845,1.66832,1.84,1.57
15-08-2014,00:09:18.355,1.66845,1.66831,2.59,1.19
15-08-2014,00:09:20.648,1.66845,1.6683,3.19,1.77
15-08-2014,00:09:22.109,1.66843,1.6683,1.63,1.37
15-08-2014,00:09:29.046,1.66843,1.6683,1.32,1.29
15-08-2014,00:09:29.686,1.66843,1.66831,1.13,1.84
15-08-2014,00:09:30.192,1.66845,1.66831,2.07,5.59
15-08-2014,00:09:30.701,1.66845,1.66832,2.07,1.39
15-08-2014,00:09:33.278,1.66845,1.66831,1.69,1.84
15-08-2014,00:09:35.408,1.66845,1.66832,1.25,1.77
15-08-2014,00:09:41.228,1.66845,1.66832,1.19,1.77
15-08-2014,00:09:43.844,1.66845,1.66832,1.19,1.37
15-08-2014,00:09:49.755,1.66843,1.66832,1,1.29
15-08-2014,00:09:51.366,1.66844,1.66832,1.25,1.29
15-08-2014,00:09:53.448,1.66845,1.66832,1.25,2.14
15-08-2014,00:10:05.747,1.66848,1.66833,4.02,1.69
15-08-2014,00:10:06.778,1.66847,1.66833,1.37,1.19
15-08-2014,00:10:15.903,1.66845,1.66832,1.19,2.52
15-08-2014,00:10:16.856,1.66845,1.66832,1.25,3.27
15-08-2014,00:10:22.626,1.66845,1.66832,1.19,1.29
15-08-2014,00:10:23.081,1.66845,1.66833,1,1.19
15-08-2014,00:10:23.384,1.66845,1.66835,1,1.19
15-08-2014,00:10:24.411,1.66847,1.66835,1.18,1.19
15-08-2014,00:10:24.956,1.66847,1.66835,1,1.19
15-08-2014,00:10:25.481,1.66847,1.66834,1.25,1.29
15-08-2014,00:10:28.266,1.66847,1.66834,1.63,1.29
15-08-2014,00:10:28.778,1.66847,1.66835,1.69,1.84
15-08-2014,00:10:29.435,1.66846,1.66834,1,1.69
15-08-2014,00:10:30.531,1.66846,1.66835,1,1.19
15-08-2014,00:10:31.509,1.66846,1.66834,1,1.29
15-08-2014,00:10:32.587,1.66846,1.66833,1.25,1.37
15-08-2014,00:10:41.656,1.66847,1.66835,1.88,1.19
15-08-2014,00:10:42.171,1.6685,1.66836,3.94,2.22
15-08-2014,00:10:42.475,1.6685,1.66837,1.19,2.52
15-08-2014,00:10:42.849,1.66851,1.66837,1.77,3.27
15-08-2014,00:10:50.045,1.66852,1.66843,2.03,1.19
15-08-2014,00:10:50.297,1.66855,1.66842,1.58,1.02
15-08-2014,00:10:50.450,1.66853,1.6684,1.69,1.02
15-08-2014,00:10:50.753,1.66852,1.66839,1.39,1.32
15-08-2014,00:10:51.953,1.66852,1.66839,1.39,1.32
15-08-2014,00:10:58.139,1.66852,1.66838,2.14,2.44
15-08-2014,00:10:58.569,1.66853,1.6684,2.59,1.32
15-08-2014,00:10:59.782,1.66853,1.66841,1.18,1.19
15-08-2014,00:11:00.346,1.66853,1.6684,1.37,1.19
15-08-2014,00:11:18.979,1.66851,1.66839,1,2.07
15-08-2014,00:11:19.485,1.66851,1.66838,1.25,1.77
15-08-2014,00:11:20.100,1.66852,1.66838,2.52,1.02
15-08-2014,00:11:21.387,1.66853,1.66839,1.37,1.32
15-08-2014,00:11:25.397,1.66854,1.66839,2.52,2.07
15-08-2014,00:11:26.004,1.66851,1.66837,1.19,6.34
15-08-2014,00:11:27.129,1.66852,1.66838,1.29,1.67
15-08-2014,00:11:34.527,1.66852,1.66837,1.77,4.84
15-08-2014,00:11:50.068,1.66851,1.66837,1.1,2.52
15-08-2014,00:11:50.581,1.6685,1.66837,1,2.52
15-08-2014,00:11:51.151,1.6685,1.66836,1,2.22
15-08-2014,00:11:51.656,1.6685,1.66837,1.25,1.39
15-08-2014,00:11:55.052,1.6685,1.66838,1,1.57
15-08-2014,00:11:56.187,1.6685,1.66837,1.25,4.02
15-08-2014,00:12:02.381,1.6685,1.66838,1,1.74
15-08-2014,00:12:02.921,1.66849,1.66838,1,1.74
15-08-2014,00:12:03.998,1.66849,1.66837,1,2.14
15-08-2014,00:12:09.696,1.66851,1.66837,1.19,2.14
15-08-2014,00:12:19.414,1.66851,1.66838,1.02,1.57
15-08-2014,00:12:22.534,1.66848,1.66837,1.19,2.33
15-08-2014,00:12:22.635,1.66847,1.66834,1.69,2.14
15-08-2014,00:12:23.249,1.6685,1.66836,2.89,1.19
15-08-2014,00:12:23.859,1.66847,1.66836,1,1.19
15-08-2014,00:12:24.387,1.6685,1.66836,2.89,1.19
15-08-2014,00:12:24.908,1.6685,1.66836,2.14,1.29
15-08-2014,00:12:28.208,1.6685,1.66835,2.89,1.37
15-08-2014,00:12:29.529,1.66847,1.66834,2.44,1.77
15-08-2014,00:12:29.732,1.66846,1.66832,1.32,2.52
15-08-2014,00:12:30.540,1.66845,1.66832,1.63,1.29
15-08-2014,00:12:31.045,1.66845,1.66831,1.57,2.97
15-08-2014,00:12:31.752,1.66845,1.66832,1.63,1.29
15-08-2014,00:12:32.239,1.66843,1.66831,1.25,1.37
15-08-2014,00:12:33.514,1.66844,1.6683,2.52,1.77
15-08-2014,00:12:36.347,1.66843,1.66834,1,1.19
15-08-2014,00:12:36.500,1.66845,1.66834,1.25,1.25
15-08-2014,00:12:36.601,1.66843,1.66834,1,1.25
15-08-2014,00:12:36.753,1.66843,1.66831,1.32,1.27
15-08-2014,00:12:38.323,1.66843,1.66831,1.69,1.19
15-08-2014,00:12:41.646,1.66843,1.66831,1.69,1.25
15-08-2014,00:12:47.163,1.66843,1.66831,2.44,1
15-08-2014,00:12:51.145,1.66843,1.66831,1.69,1.25
15-08-2014,00:12:52.946,1.66843,1.66831,1.69,1.19
15-08-2014,00:13:03.084,1.66843,1.66832,1.5,1.19
15-08-2014,00:13:03.186,1.66843,1.66831,1.69,1.19
15-08-2014,00:13:07.791,1.66843,1.66831,1.69,1.25
15-08-2014,00:13:15.581,1.66843,1.66832,1.5,1.19
15-08-2014,00:13:15.682,1.66843,1.66831,1.69,1.19
15-08-2014,00:13:16.713,1.66843,1.66831,1.5,1.19
15-08-2014,00:13:18.421,1.66843,1.6683,1.69,1.77
15-08-2014,00:13:25.116,1.66843,1.66829,2.44,2.22
15-08-2014,00:13:26.997,1.66843,1.66829,1.69,2.97
15-08-2014,00:13:29.000,1.66843,1.6683,1.69,1.29
15-08-2014,00:13:31.717,1.66843,1.66829,2.44,2.22
15-08-2014,00:13:33.021,1.66843,1.66829,1.69,2.97
15-08-2014,00:13:34.131,1.66843,1.6683,1.69,1.29
15-08-2014,00:13:35.214,1.66843,1.66829,1.69,2.97
15-08-2014,00:13:38.116,1.66842,1.6683,1.13,1.19
15-08-2014,00:13:45.173,1.66842,1.66829,1.32,2.82
15-08-2014,00:14:01.703,1.66842,1.66829,1.32,2.07
15-08-2014,00:14:02.904,1.66842,1.66829,1.32,2.82
15-08-2014,00:14:03.358,1.66844,1.66834,1.19,1
15-08-2014,00:14:03.409,1.66845,1.66834,1.25,1.25
15-08-2014,00:14:03.927,1.66845,1.66834,1,1.19
15-08-2014,00:14:11.192,1.66845,1.66834,1,1.77
15-08-2014,00:14:12.685,1.66845,1.66834,1.19,1.1
15-08-2014,00:14:15.708,1.66847,1.66834,1.32,1.29
15-08-2014,00:14:15.810,1.66846,1.66834,1.19,1.1
15-08-2014,00:14:18.130,1.66847,1.66834,2.07,1.02
15-08-2014,00:14:24.345,1.66847,1.66834,1.32,1.1
15-08-2014,00:14:24.699,1.66847,1.66835,1,3.57
15-08-2014,00:14:25.003,1.66849,1.66837,1.5,1.84
15-08-2014,00:14:25.515,1.66849,1.66838,1,1.29
15-08-2014,00:14:29.132,1.66849,1.66838,1.25,1.02
15-08-2014,00:14:37.425,1.6685,1.66838,1.77,1.19
15-08-2014,00:14:56.794,1.6685,1.66838,1.19,1.25
15-08-2014,00:14:57.097,1.66851,1.66839,1.2,1.19
15-08-2014,00:15:03.092,1.66851,1.66844,1,1
15-08-2014,00:15:03.396,1.66853,1.66843,1.19,2.33
15-08-2014,00:15:03.446,1.66853,1.66841,1.19,1.39
15-08-2014,00:15:03.548,1.66853,1.6684,1.19,1.09
15-08-2014,00:15:04.179,1.66853,1.66839,3.27,1.32
15-08-2014,00:15:04.716,1.66852,1.66837,1.47,3.27
15-08-2014,00:15:28.128,1.66852,1.66839,2.89,1.32
15-08-2014,00:15:28.280,1.66852,1.66838,2.89,1.02
15-08-2014,00:15:53.668,1.66849,1.66837,1,1.69
15-08-2014,00:15:53.820,1.66848,1.66835,1.29,2.44
15-08-2014,00:15:54.124,1.66848,1.66835,2.14,1.19
15-08-2014,00:15:57.552,1.66848,1.66835,2.07,1.77
15-08-2014,00:16:00.348,1.66848,1.66834,3.19,2.52
15-08-2014,00:16:01.005,1.66848,1.66834,3.94,1.37
15-08-2014,00:16:02.842,1.66848,1.66835,1.32,1.77
15-08-2014,00:16:11.013,1.66849,1.66835,3.27,1.29
15-08-2014,00:16:19.354,1.66848,1.66834,3.57,1.09
15-08-2014,00:16:20.062,1.66848,1.66835,2.97,1.19
15-08-2014,00:16:20.571,1.66849,1.66835,1.29,1.29
15-08-2014,00:16:21.076,1.66849,1.66836,1.02,1.19
15-08-2014,00:16:25.940,1.6685,1.66836,1.74,1.19
15-08-2014,00:16:26.896,1.6685,1.66837,1.47,1.19
15-08-2014,00:16:27.444,1.6685,1.66837,1.09,1.19
15-08-2014,00:16:28.929,1.66851,1.66837,1.77,1.29
15-08-2014,00:16:29.454,1.66851,1.66836,1.77,1.47
15-08-2014,00:16:30.003,1.66845,1.66836,1,1.19
15-08-2014,00:16:30.105,1.66845,1.66834,1,1.33
15-08-2014,00:16:30.307,1.66845,1.66832,1.02,1.13
15-08-2014,00:16:30.509,1.66845,1.6683,1.77,3.94
15-08-2014,00:16:31.054,1.66843,1.66831,1.1,1.25
15-08-2014,00:16:31.357,1.66846,1.66832,1.37,1.32
15-08-2014,00:16:33.585,1.66847,1.66834,3.27,1.19
15-08-2014,00:16:34.099,1.66847,1.66834,2.52,1.19
15-08-2014,00:16:35.080,1.66847,1.66835,2.33,1.19
15-08-2014,00:16:35.693,1.66848,1.66836,2.25,1.37
15-08-2014,00:16:35.744,1.66851,1.66836,1.77,1.84
15-08-2014,00:16:36.708,1.66852,1.66837,2.97,1.67
15-08-2014,00:16:44.874,1.66852,1.66838,2.07,1.39
15-08-2014,00:16:45.390,1.66852,1.66839,2.07,1.3
15-08-2014,00:16:47.979,1.66852,1.66842,1.19,2.25
15-08-2014,00:16:48.080,1.66855,1.66842,1.02,2.25
15-08-2014,00:16:48.131,1.66855,1.66844,1.69,1.5
15-08-2014,00:16:48.233,1.66855,1.66843,1.25,1.2
15-08-2014,00:16:48.384,1.66856,1.66842,1.69,3.15
15-08-2014,00:16:48.893,1.66856,1.66842,2.44,3.34
15-08-2014,00:16:49.663,1.66855,1.66842,1.19,1.84
15-08-2014,00:16:57.399,1.66856,1.66842,3.57,1.37
15-08-2014,00:16:59.185,1.66855,1.66842,1.32,1.09
15-08-2014,00:17:08.333,1.66854,1.66841,1.19,1.39
15-08-2014,00:17:11.450,1.66854,1.6684,1.19,4.02
15-08-2014,00:17:11.551,1.6685,1.6684,1,3.34
15-08-2014,00:17:11.854,1.66845,1.6684,1.75,1
15-08-2014,00:17:11.905,1.66845,1.66837,2.44,1
15-08-2014,00:17:12.006,1.66843,1.66834,1.39,1
15-08-2014,00:17:12.107,1.66842,1.66834,2.25,1
15-08-2014,00:17:12.309,1.66842,1.66832,2.25,1.25
15-08-2014,00:17:12.966,1.66842,1.66831,1.5,1.19
15-08-2014,00:17:13.471,1.66842,1.66831,1.69,1.25
15-08-2014,00:17:15.585,1.66843,1.66831,1.39,1.25
15-08-2014,00:17:15.636,1.66844,1.66831,1.09,1.69
15-08-2014,00:17:15.939,1.66847,1.66835,1.58,1.19
15-08-2014,00:17:16.141,1.66847,1.66835,1.1,1.19
15-08-2014,00:17:16.939,1.66848,1.66836,1.18,1.19
15-08-2014,00:17:17.344,1.66849,1.66836,1.77,1.19
15-08-2014,00:17:25.554,1.66851,1.66836,4.77,1.19
15-08-2014,00:17:27.130,1.66851,1.66836,2.89,1.19
15-08-2014,00:17:41.142,1.66849,1.66835,1.39,1.29
15-08-2014,00:17:43.250,1.66849,1.66836,1.02,1.19
15-08-2014,00:17:45.260,1.66849,1.66835,1.29,1.29
15-08-2014,00:17:46.488,1.66849,1.66836,1.02,1.19
15-08-2014,00:17:48.257,1.66849,1.66836,1.39,1.19
15-08-2014,00:17:49.715,1.66849,1.66836,1.02,1.19
15-08-2014,00:18:03.883,1.66851,1.66837,1.29,4.02
15-08-2014,00:18:04.207,1.66853,1.66838,2.59,2.14
15-08-2014,00:18:04.723,1.66853,1.66841,1.19,1.1
15-08-2014,00:18:05.235,1.66854,1.66842,1.32,1
15-08-2014,00:18:05.742,1.66854,1.66842,1.19,1.65
15-08-2014,00:18:05.843,1.66855,1.66842,1.32,2.59
15-08-2014,00:18:06.298,1.66857,1.66846,1.69,1.5
15-08-2014,00:18:06.349,1.66857,1.66846,1,1.69
15-08-2014,00:18:06.400,1.6686,1.66846,1.84,2.44
15-08-2014,00:18:06.603,1.66861,1.66848,1.25,1.37
15-08-2014,00:18:10.153,1.66861,1.66848,1.19,1.37
15-08-2014,00:18:16.059,1.66861,1.66848,1.25,1.84
15-08-2014,00:18:17.243,1.66862,1.66849,1.25,1.29
15-08-2014,00:18:18.329,1.66863,1.66848,1.77,2.59
15-08-2014,00:18:21.059,1.66863,1.6685,1.02,1.19
15-08-2014,00:18:21.363,1.66865,1.66852,2.52,1.19
15-08-2014,00:18:22.245,1.66865,1.66851,1.29,1.29
15-08-2014,00:18:23.734,1.66866,1.66853,3.27,2.82
15-08-2014,00:18:23.886,1.66866,1.66855,1.5,1.02
15-08-2014,00:18:24.038,1.66869,1.66858,1.25,4.32
15-08-2014,00:18:24.139,1.66871,1.66859,2.25,1.77
15-08-2014,00:18:24.443,1.66869,1.66859,1,1.69
15-08-2014,00:18:24.968,1.6687,1.66859,1,1.77
15-08-2014,00:18:27.338,1.66871,1.66859,1.5,5.14
15-08-2014,00:18:30.276,1.66871,1.66859,1.25,1.02
15-08-2014,00:18:31.399,1.66871,1.66859,1,1.77
15-08-2014,00:18:31.753,1.66873,1.6686,1.77,1.32
15-08-2014,00:18:34.969,1.66873,1.66859,1.77,5.14
15-08-2014,00:18:35.993,1.66873,1.6686,1.77,2.07
15-08-2014,00:18:36.968,1.66873,1.66861,1.58,1.19
15-08-2014,00:18:38.067,1.66873,1.6686,1.77,1.32
15-08-2014,00:18:41.094,1.66873,1.66859,1.77,5.14
15-08-2014,00:18:44.297,1.66873,1.66861,2.33,1.19
15-08-2014,00:18:47.121,1.66873,1.6686,1.69,2.14
15-08-2014,00:18:53.522,1.66873,1.6686,1.69,1.39
15-08-2014,00:18:56.238,1.66873,1.6686,1.69,2.14
15-08-2014,00:18:57.712,1.66873,1.6686,1.69,1.39
15-08-2014,00:19:03.624,1.66873,1.6686,1.25,2.14
15-08-2014,00:19:05.253,1.66873,1.66861,1,1.19
15-08-2014,00:19:11.031,1.66873,1.66862,1,1.19
15-08-2014,00:19:11.536,1.66873,1.66861,1,1.19
15-08-2014,00:19:13.153,1.66873,1.6686,1.25,1.39
15-08-2014,00:19:13.674,1.66872,1.6686,1,1.39
15-08-2014,00:19:15.360,1.66872,1.66859,1.25,5.97
15-08-2014,00:19:17.885,1.66872,1.6686,1,1.39
15-08-2014,00:19:18.431,1.66873,1.6686,1.25,1.39
15-08-2014,00:19:19.358,1.66874,1.66861,1.02,1.19
15-08-2014,00:19:19.906,1.66873,1.66861,1,1.19
15-08-2014,00:19:23.478,1.66874,1.66861,1.77,1.19
15-08-2014,00:19:24.801,1.66874,1.66859,2.52,5.97
15-08-2014,00:19:25.131,1.66874,1.66861,1.02,1.19
15-08-2014,00:19:26.094,1.66876,1.66862,1.19,1.84
15-08-2014,00:19:26.653,1.66874,1.66862,1,1.84
15-08-2014,00:19:27.160,1.66873,1.66862,1,1.84
15-08-2014,00:19:30.410,1.66874,1.66862,1,2.22
15-08-2014,00:19:42.405,1.66873,1.66862,1,2.22
15-08-2014,00:19:47.088,1.66873,1.66861,1,5.89
15-08-2014,00:20:00.374,1.66874,1.66861,1.69,1.3
15-08-2014,00:20:00.892,1.66875,1.66861,2.07,1.77
15-08-2014,00:20:01.880,1.66875,1.66862,1.69,1.37
15-08-2014,00:20:02.905,1.66876,1.66861,2.97,5.14
15-08-2014,00:20:04.899,1.66874,1.66861,1.19,1.39
15-08-2014,00:20:06.098,1.66874,1.66861,1.25,2.14
15-08-2014,00:20:07.937,1.66873,1.66861,1,2.14
15-08-2014,00:20:08.442,1.66874,1.6686,1.19,5.97
15-08-2014,00:20:08.953,1.66875,1.66861,1.29,1.39
15-08-2014,00:20:09.465,1.66873,1.66861,1,1.39
15-08-2014,00:20:09.970,1.66873,1.6686,1.02,5.82
15-08-2014,00:20:12.890,1.66873,1.6686,1.29,5.07
15-08-2014,00:20:14.619,1.66874,1.66861,1.09,1.32
15-08-2014,00:20:15.124,1.66875,1.66861,1.29,2.14
15-08-2014,00:20:17.836,1.66875,1.66861,3.64,1.29
15-08-2014,00:20:24.739,1.66874,1.6686,1.69,5.22
15-08-2014,00:20:25.245,1.66874,1.66862,1.19,1.25
15-08-2014,00:20:26.411,1.66875,1.66861,1.69,1.32
15-08-2014,00:20:26.462,1.66875,1.66862,1.25,1.37
15-08-2014,00:20:33.776,1.66876,1.66861,1.84,2.14
15-08-2014,00:20:34.745,1.66876,1.66862,1.37,1.19
15-08-2014,00:20:36.634,1.66876,1.66862,2.14,1.69
15-08-2014,00:20:37.147,1.66875,1.66861,1.77,2.07
15-08-2014,00:20:39.070,1.66873,1.6686,1.02,6.57
15-08-2014,00:20:44.102,1.66874,1.6686,1.37,5.82
15-08-2014,00:20:45.780,1.66875,1.6686,2.89,6.57
15-08-2014,00:20:50.080,1.66875,1.66862,1.69,1.19
15-08-2014,00:20:50.132,1.66876,1.66862,1.37,1.19
15-08-2014,00:21:08.146,1.66875,1.66861,1.39,5.89
15-08-2014,00:21:08.937,1.66874,1.66862,1.18,1.19
15-08-2014,00:21:09.089,1.66875,1.66862,1.02,1.19
15-08-2014,00:21:09.648,1.66874,1.66862,1,1.19
15-08-2014,00:21:10.169,1.66875,1.66862,1.02,1.19
15-08-2014,00:21:15.126,1.66875,1.66862,1.29,1.32
15-08-2014,00:21:38.792,1.66875,1.66862,1.02,2.82
15-08-2014,00:21:39.771,1.66875,1.66862,1.29,2.07
15-08-2014,00:21:40.910,1.66875,1.66862,1.02,2.07
15-08-2014,00:21:47.001,1.66875,1.66862,1.29,1.32
15-08-2014,00:21:56.034,1.66875,1.66862,1.02,2.07
15-08-2014,00:21:59.138,1.66875,1.66862,1.29,1.32
15-08-2014,00:22:00.619,1.66875,1.66862,1.02,2.07
15-08-2014,00:22:06.205,1.66875,1.66862,1.29,1.32
15-08-2014,00:22:08.113,1.66875,1.66862,1.02,2.07
15-08-2014,00:22:10.187,1.66875,1.66862,1.63,1.69
15-08-2014,00:22:11.348,1.66876,1.66863,1.02,2.44
15-08-2014,00:22:11.399,1.66877,1.66863,1.84,2.82
15-08-2014,00:22:13.223,1.66877,1.66866,1.5,1.19
15-08-2014,00:22:13.476,1.66881,1.66868,1.77,1.32
15-08-2014,00:22:14.457,1.66881,1.66868,1.02,2.07
15-08-2014,00:22:17.566,1.66882,1.66868,1.47,1.32
15-08-2014,00:22:20.263,1.66882,1.66868,1.37,2.82
15-08-2014,00:22:24.943,1.66882,1.66869,1.47,1.25
15-08-2014,00:22:30.367,1.66883,1.66869,4.02,1.19
15-08-2014,00:22:37.383,1.66882,1.66869,1.47,1.69
15-08-2014,00:22:39.390,1.66883,1.66869,4.02,1.19
15-08-2014,00:22:51.195,1.66882,1.66868,1.47,1.69
15-08-2014,00:22:55.595,1.66883,1.66868,3.27,2.44
15-08-2014,00:22:58.099,1.66882,1.66868,1.47,1.69
15-08-2014,00:23:10.485,1.66883,1.66868,4.77,2.07
15-08-2014,00:23:14.866,1.66882,1.66867,1.69,3.19
15-08-2014,00:23:16.148,1.6688,1.66867,1.69,1.32
15-08-2014,00:23:16.199,1.66877,1.66865,1,1.69
15-08-2014,00:23:16.401,1.66876,1.66863,1.02,2.44
15-08-2014,00:23:16.452,1.66876,1.66863,1.69,2.44
15-08-2014,00:23:17.668,1.66875,1.66861,1.37,1.32
15-08-2014,00:23:32.110,1.66875,1.6686,2.22,2.89
15-08-2014,00:23:34.567,1.66873,1.6686,2.44,1.77
15-08-2014,00:23:35.073,1.66872,1.66859,2.89,1.69
15-08-2014,00:23:35.175,1.66871,1.66859,1.08,1.69
15-08-2014,00:23:35.225,1.66871,1.66858,1.47,1.19
15-08-2014,00:23:50.358,1.66869,1.66858,1,1.19
15-08-2014,00:23:51.415,1.66869,1.66857,1.25,1.19
15-08-2014,00:23:51.618,1.66868,1.66857,1.77,1
15-08-2014,00:23:51.719,1.66866,1.66853,1.25,2.59
15-08-2014,00:23:52.072,1.66864,1.66853,1,1.69
15-08-2014,00:23:52.123,1.66864,1.66853,1.19,1
15-08-2014,00:23:52.628,1.66865,1.66851,1.84,1.32
15-08-2014,00:23:53.144,1.66864,1.66851,1.77,1.32
15-08-2014,00:24:01.024,1.66864,1.66851,1.29,1.32
15-08-2014,00:24:03.528,1.66863,1.66851,1.19,1.25
15-08-2014,00:24:05.778,1.66863,1.66851,1.09,1.19
15-08-2014,00:24:06.851,1.66863,1.66851,1.37,1.25
15-08-2014,00:24:08.888,1.66862,1.66851,1.1,1.19
15-08-2014,00:24:14.146,1.66862,1.66852,1.1,1.19
15-08-2014,00:24:16.590,1.66862,1.66852,1,1.25
15-08-2014,00:24:24.095,1.66862,1.66852,1,1.19
15-08-2014,00:24:24.657,1.66864,1.66852,1.39,1.19
15-08-2014,00:24:24.910,1.66863,1.66852,1.19,1
15-08-2014,00:24:27.975,1.66862,1.66851,1.25,1.69
15-08-2014,00:24:29.208,1.66862,1.66851,1.1,1.19
15-08-2014,00:24:39.034,1.66864,1.66851,1.39,1.19
15-08-2014,00:24:39.551,1.66863,1.66851,1.19,1.25
15-08-2014,00:24:43.328,1.66862,1.66851,1,1.19
15-08-2014,00:24:51.554,1.66862,1.66851,1,1.69
15-08-2014,00:24:51.658,1.66865,1.66851,1.84,1.69
15-08-2014,00:24:52.245,1.66863,1.66851,1.25,1.19
15-08-2014,00:24:53.055,1.66864,1.66849,2.14,3.94
15-08-2014,00:24:53.307,1.6686,1.66849,1,2.07
15-08-2014,00:24:53.358,1.6686,1.66849,1.25,1.32
15-08-2014,00:24:53.904,1.66861,1.66847,1.84,2.44
15-08-2014,00:24:54.520,1.6686,1.66847,1.29,2.44
15-08-2014,00:24:54.773,1.6686,1.66846,1.29,1.77
15-08-2014,00:24:56.666,1.66861,1.66846,2.97,1.77
15-08-2014,00:25:00.334,1.66861,1.66847,2.22,1.32
15-08-2014,00:25:04.830,1.66861,1.66846,2.97,1.77
15-08-2014,00:25:20.052,1.66861,1.66847,2.89,1.32
15-08-2014,00:25:22.196,1.66859,1.66846,1.02,1.69
15-08-2014,00:25:22.761,1.66858,1.66846,1,1.69
15-08-2014,00:25:23.391,1.66858,1.66845,1.25,4.77
15-08-2014,00:25:26.194,1.66858,1.66846,1,1.57
15-08-2014,00:25:30.113,1.66858,1.66845,1,1.77
15-08-2014,00:25:33.079,1.66858,1.66846,1,1.57
15-08-2014,00:25:37.218,1.66858,1.66847,1,1.69
15-08-2014,00:25:50.836,1.66858,1.66847,1.19,1
15-08-2014,00:25:53.136,1.66858,1.66845,1.25,2.52
15-08-2014,00:25:54.622,1.66859,1.66846,1.02,1.57
15-08-2014,00:25:55.334,1.66858,1.66846,1,1.57
15-08-2014,00:25:56.003,1.66858,1.66845,1.25,2.52
15-08-2014,00:25:59.265,1.66858,1.66846,1,1.57
15-08-2014,00:26:05.350,1.66859,1.66846,1.25,1.74
15-08-2014,00:26:09.131,1.66859,1.66847,1,1.77
15-08-2014,00:26:10.755,1.66859,1.66847,1.25,1.29
15-08-2014,00:26:11.947,1.66859,1.66847,1,1.77
15-08-2014,00:26:12.452,1.66862,1.66848,3.34,1.19
15-08-2014,00:26:45.445,1.66862,1.66849,1.77,4.32
15-08-2014,00:26:48.391,1.66862,1.66849,2.52,1.25
15-08-2014,00:26:56.839,1.66862,1.66849,1.77,1.19
15-08-2014,00:27:01.123,1.66862,1.66849,2.52,1.25
15-08-2014,00:27:07.067,1.66862,1.66849,1.37,1.19
15-08-2014,00:27:12.567,1.66862,1.66848,2.59,4.32
15-08-2014,00:27:29.080,1.66862,1.66849,1.29,1.19
15-08-2014,00:27:32.501,1.66862,1.66849,2.44,1.19
15-08-2014,00:27:33.495,1.66862,1.66849,3.27,1.25
15-08-2014,00:27:36.122,1.6686,1.66848,1.29,1.25
15-08-2014,00:27:45.616,1.66861,1.66847,1.19,1.37
15-08-2014,00:27:56.564,1.66861,1.66848,1.25,1.67
15-08-2014,00:27:58.362,1.66863,1.6685,2.59,1.19
15-08-2014,00:27:58.867,1.66865,1.66853,2.14,1
15-08-2014,00:27:59.373,1.66865,1.66851,2.14,1.29
15-08-2014,00:27:59.938,1.66865,1.66853,2.14,1
15-08-2014,00:28:00.473,1.66865,1.66853,1.39,1.25
15-08-2014,00:28:04.143,1.66865,1.66854,1.29,1
15-08-2014,00:28:08.475,1.66865,1.66854,2.14,1
15-08-2014,00:28:11.346,1.66865,1.66854,1.39,1
15-08-2014,00:28:16.464,1.66865,1.66854,2.52,1
15-08-2014,00:28:19.198,1.66865,1.66855,2.52,1
15-08-2014,00:28:19.350,1.66865,1.66852,2.52,1.25
15-08-2014,00:28:19.451,1.66865,1.66854,1.69,1
15-08-2014,00:28:19.954,1.66865,1.66852,1.69,1.29
15-08-2014,00:28:21.107,1.66865,1.66854,1.19,1
15-08-2014,00:28:27.043,1.66864,1.66851,1.25,2.97
15-08-2014,00:28:27.195,1.66863,1.66851,1.02,1.13
15-08-2014,00:28:27.397,1.66863,1.66848,2.52,1.47
15-08-2014,00:28:28.419,1.66863,1.66848,3.27,2.97
15-08-2014,00:28:36.327,1.66862,1.66848,2.07,1.37
15-08-2014,00:28:43.744,1.66862,1.66848,1.32,1.84
15-08-2014,00:28:55.372,1.66862,1.66848,1.39,1.29
15-08-2014,00:29:01.760,1.66862,1.66848,1.39,1.77
15-08-2014,00:29:07.887,1.66862,1.66848,1.39,1.29
15-08-2014,00:29:11.752,1.66863,1.66848,3.34,1.77
15-08-2014,00:29:16.477,1.66861,1.66847,1.19,1.84
15-08-2014,00:29:32.104,1.66861,1.66847,2.89,1.67
15-08-2014,00:29:39.646,1.66863,1.66848,3.27,2.22
15-08-2014,00:29:42.117,1.66863,1.66849,2.14,1.39
15-08-2014,00:29:44.759,1.66864,1.6685,1.84,1.19
15-08-2014,00:29:45.728,1.66864,1.66849,2.59,1.39
15-08-2014,00:29:46.936,1.66864,1.6685,1.47,1.19
15-08-2014,00:29:58.311,1.66863,1.6685,2.52,1.69
15-08-2014,00:29:58.362,1.66863,1.6685,4.02,1.25
15-08-2014,00:29:59.660,1.66862,1.66847,2.82,4.77
15-08-2014,00:30:11.884,1.66862,1.66848,2.07,1.47
15-08-2014,00:30:12.400,1.66863,1.66849,3.19,1.02
15-08-2014,00:30:14.595,1.66863,1.66851,1,1.77
15-08-2014,00:30:15.111,1.66864,1.66851,1.32,1.77
15-08-2014,00:30:15.670,1.66865,1.66852,1.77,1.19
15-08-2014,00:30:16.181,1.66865,1.66852,1.25,1.84
15-08-2014,00:30:16.712,1.66865,1.66853,1,1.29
15-08-2014,00:30:17.229,1.66866,1.66853,1.32,1.29
15-08-2014,00:30:17.791,1.66867,1.66855,1.58,1.19
15-08-2014,00:30:18.094,1.66869,1.66857,2.33,1.19
15-08-2014,00:30:18.297,1.66869,1.66855,1.19,5.14
15-08-2014,00:30:19.118,1.66869,1.66858,1.19,1
15-08-2014,00:30:21.788,1.66869,1.66856,1.69,1.47
15-08-2014,00:30:22.910,1.66869,1.66856,1.19,1.09
15-08-2014,00:30:23.971,1.66869,1.66857,1.19,1.02
15-08-2014,00:30:28.015,1.66869,1.66857,1.25,1.29
15-08-2014,00:30:29.008,1.66869,1.66857,1,1.77
15-08-2014,00:30:31.060,1.6687,1.66857,1.25,1.77
15-08-2014,00:30:31.563,1.6687,1.66857,1.19,1.02
15-08-2014,00:30:35.642,1.66869,1.66856,1.77,1.32
15-08-2014,00:30:36.372,1.6687,1.66856,1.37,1.69
15-08-2014,00:30:39.156,1.66869,1.66855,1.19,2.14
15-08-2014,00:30:46.261,1.66868,1.66855,1.25,2.52
15-08-2014,00:30:47.264,1.66869,1.66856,1.25,1.47
15-08-2014,00:30:50.360,1.66868,1.66855,1.19,1.77
15-08-2014,00:30:52.123,1.66866,1.66855,1,1.77
15-08-2014,00:30:52.224,1.66866,1.66855,1.02,1.25
15-08-2014,00:30:52.376,1.66864,1.66855,1,1.25
15-08-2014,00:30:52.780,1.66864,1.66853,1.19,1
15-08-2014,00:30:53.386,1.66863,1.66853,1.19,1
15-08-2014,00:30:54.864,1.66859,1.66851,1.25,1
15-08-2014,00:30:55.221,1.66859,1.66847,1.25,1.18
15-08-2014,00:30:55.524,1.66859,1.66851,1.25,1
15-08-2014,00:30:56.439,1.66861,1.66849,1.69,2.33
15-08-2014,00:30:59.159,1.66861,1.66851,1.69,1
15-08-2014,00:31:02.334,1.66857,1.66851,1,1
15-08-2014,00:31:04.534,1.66857,1.66847,1,1.77
15-08-2014,00:31:04.686,1.66856,1.66846,1.5,1.5
15-08-2014,00:31:04.737,1.66856,1.66842,1.58,2.52
15-08-2014,00:31:04.888,1.66857,1.66852,1.18,1
15-08-2014,00:31:05.343,1.66855,1.66846,3,1.5
15-08-2014,00:31:05.394,1.66854,1.66845,1.77,1
15-08-2014,00:31:05.445,1.66854,1.66843,1.77,1.25
15-08-2014,00:31:05.849,1.66856,1.66844,1.29,1.25
15-08-2014,00:31:06.001,1.66858,1.66844,3.27,1.69
15-08-2014,00:31:06.102,1.6686,1.66847,1.37,1.19
15-08-2014,00:31:07.173,1.66861,1.66847,1.39,1.77
15-08-2014,00:31:09.184,1.66863,1.66848,4.77,1.32
15-08-2014,00:31:10.210,1.66862,1.66848,1.47,1.19
15-08-2014,00:31:16.663,1.66862,1.66848,1.69,1.39
15-08-2014,00:31:17.169,1.66862,1.66848,1.19,2.14
15-08-2014,00:31:21.604,1.66862,1.66848,1.32,1.32
15-08-2014,00:31:22.123,1.66862,1.66847,1.39,1.74
15-08-2014,00:31:22.224,1.66858,1.66845,1.09,1.57
15-08-2014,00:31:22.730,1.66857,1.66844,2.52,1.19
15-08-2014,00:31:23.597,1.66856,1.66842,1.32,3.34
15-08-2014,00:31:24.831,1.66856,1.66843,1.32,1.39
15-08-2014,00:31:27.648,1.66856,1.66842,1.19,1.47
15-08-2014,00:31:29.142,1.66857,1.66845,1.1,1.19
15-08-2014,00:31:31.655,1.66859,1.66846,1.77,1.19
15-08-2014,00:31:32.830,1.66859,1.66848,1.58,1.32
15-08-2014,00:31:32.982,1.66861,1.66848,2.59,1.32
15-08-2014,00:31:33.487,1.66863,1.66848,2.59,4.02
15-08-2014,00:31:34.008,1.66863,1.66849,1.84,1.32
15-08-2014,00:31:35.117,1.66863,1.6685,1.84,1.19
15-08-2014,00:31:38.026,1.66863,1.66852,1.65,1.19
15-08-2014,00:31:38.178,1.66866,1.66856,1.18,1.25
15-08-2014,00:31:38.588,1.66867,1.66856,1,3.94
15-08-2014,00:31:39.367,1.66867,1.66854,1.25,3.34
15-08-2014,00:31:43.575,1.66867,1.66856,1,1.19
15-08-2014,00:31:44.135,1.66868,1.66856,1,1.32
15-08-2014,00:31:46.077,1.66868,1.66857,1,1.19
15-08-2014,00:31:46.583,1.66869,1.66857,1,1.84
15-08-2014,00:31:47.088,1.66868,1.66858,1.25,1
15-08-2014,00:31:47.948,1.66868,1.66855,1.69,2.59
15-08-2014,00:31:47.998,1.66868,1.66854,2.52,1.02
15-08-2014,00:31:48.049,1.66866,1.66853,1.19,2.59
15-08-2014,00:31:48.418,1.66866,1.66851,2.52,1.74
15-08-2014,00:31:49.185,1.66865,1.6685,1.19,2.14
15-08-2014,00:31:53.661,1.66864,1.6685,1.69,1.39
15-08-2014,00:31:56.695,1.66864,1.66851,1.32,1.98
15-08-2014,00:31:57.627,1.66861,1.66851,1,1.5
15-08-2014,00:31:57.982,1.66862,1.66849,2.07,3.75
15-08-2014,00:32:01.590,1.66862,1.66848,1.69,2.52
15-08-2014,00:32:01.692,1.66862,1.66848,1.77,1.77
15-08-2014,00:32:02.270,1.66861,1.66848,1.32,1.77
15-08-2014,00:32:07.323,1.66861,1.66848,1.32,1.39
15-08-2014,00:32:08.095,1.6686,1.66848,1.19,1.2
15-08-2014,00:32:26.174,1.66858,1.66851,1,1
15-08-2014,00:32:26.679,1.66859,1.66851,1.25,1
15-08-2014,00:32:29.620,1.66857,1.66851,1,1
15-08-2014,00:32:37.632,1.66855,1.66845,1.13,1.5
15-08-2014,00:32:37.683,1.66855,1.66844,1.88,1
15-08-2014,00:32:37.784,1.66855,1.66842,2.7,2.44
15-08-2014,00:32:37.936,1.66857,1.66845,1.5,2.25
15-08-2014,00:32:37.987,1.66855,1.66849,1,2.25
15-08-2014,00:32:38.088,1.66857,1.66845,2.44,1.58
15-08-2014,00:32:38.644,1.66858,1.66844,3.57,1.77
15-08-2014,00:32:38.746,1.66858,1.66846,1.19,2.52
15-08-2014,00:32:38.847,1.6686,1.66847,1.25,2.04
15-08-2014,00:33:21.548,1.66862,1.66849,1.39,1.19
15-08-2014,00:33:45.092,1.66862,1.66849,1.47,1.25
15-08-2014,00:33:48.724,1.66862,1.66849,2.97,1.25
15-08-2014,00:33:50.305,1.6686,1.66846,1.19,1.09
15-08-2014,00:33:50.821,1.6686,1.66847,1.19,1.02
15-08-2014,00:33:54.410,1.66861,1.66847,2.89,1.02
15-08-2014,00:34:00.374,1.66858,1.66847,1,1.02
15-08-2014,00:34:00.880,1.66857,1.66847,1,1.02
15-08-2014,00:34:06.344,1.66857,1.66846,1.19,2.33
15-08-2014,00:34:23.979,1.66856,1.66846,1,1.02
15-08-2014,00:34:25.771,1.66856,1.66846,1,2.52
15-08-2014,00:34:26.649,1.66856,1.66851,1,1
15-08-2014,00:34:26.851,1.6686,1.66851,1,1
15-08-2014,00:34:27.375,1.66861,1.66851,1.25,1
15-08-2014,00:34:27.914,1.66861,1.66851,1.19,1
15-08-2014,00:34:29.769,1.6686,1.66851,1.19,1
15-08-2014,00:34:29.820,1.66857,1.66851,1,1
15-08-2014,00:34:33.109,1.66857,1.66845,1.5,1.5
15-08-2014,00:34:33.210,1.66856,1.66844,1.88,1.5
15-08-2014,00:34:33.463,1.66858,1.66845,1.18,2.25
15-08-2014,00:34:33.918,1.6686,1.66851,2.44,1
15-08-2014,00:34:43.371,1.6686,1.66846,1.19,1.84
15-08-2014,00:34:48.334,1.66858,1.66848,1.19,1
15-08-2014,00:34:48.435,1.66859,1.66848,1.19,1.08
15-08-2014,00:34:49.202,1.6686,1.6685,1.19,1
15-08-2014,00:34:50.734,1.66861,1.6685,1.69,1
15-08-2014,00:34:51.616,1.66862,1.6685,1,2.44
15-08-2014,00:34:51.818,1.66866,1.66852,1.84,1.69
15-08-2014,00:35:03.827,1.66866,1.66855,1.37,1
15-08-2014,00:35:03.928,1.66868,1.66855,1.2,1.63
15-08-2014,00:35:04.282,1.66869,1.66857,1.25,2.25
15-08-2014,00:35:04.968,1.66869,1.66857,1.19,2.44
15-08-2014,00:35:06.078,1.66869,1.66857,1.69,2.25
15-08-2014,00:35:06.609,1.66869,1.66858,1.69,1
15-08-2014,00:35:10.201,1.66868,1.66858,1.25,1
15-08-2014,00:35:17.796,1.66869,1.66856,1.19,2.52
15-08-2014,00:35:17.898,1.66871,1.66857,1.37,1.94
15-08-2014,00:35:24.429,1.66871,1.66857,1.77,3.94
15-08-2014,00:35:27.707,1.66871,1.66858,1.3,1.69
15-08-2014,00:35:30.004,1.66872,1.66859,1.84,1.32
15-08-2014,00:35:41.644,1.66871,1.66859,1.77,1.69
15-08-2014,00:35:41.948,1.66872,1.66859,1.37,1.69
15-08-2014,00:35:52.332,1.66869,1.66858,1.25,2.44
15-08-2014,00:35:52.883,1.6687,1.66857,1.19,1.02
15-08-2014,00:35:53.438,1.66869,1.66857,1.19,1.02
15-08-2014,00:35:55.396,1.66869,1.66857,1.19,1.02
15-08-2014,00:36:01.818,1.66867,1.66857,1,1.02
15-08-2014,00:36:02.780,1.66868,1.66856,1,3.27
15-08-2014,00:36:05.045,1.66868,1.66858,1,1.19
15-08-2014,00:36:08.586,1.66868,1.66858,1,1.25
15-08-2014,00:36:14.441,1.66868,1.66856,1,3.64
15-08-2014,00:36:26.106,1.66868,1.66856,1.19,2.89
15-08-2014,00:36:26.612,1.66867,1.66856,1.25,1.39
15-08-2014,00:36:28.114,1.66867,1.66856,1,2.52
15-08-2014,00:36:32.163,1.66868,1.66856,1.25,2.52
15-08-2014,00:36:51.499,1.66868,1.66856,1,1.32
15-08-2014,00:36:52.030,1.66869,1.66856,1.02,1.19
15-08-2014,00:37:02.976,1.66871,1.66857,6.64,1.19
15-08-2014,00:37:04.872,1.66869,1.66854,1.77,2.97
15-08-2014,00:37:07.354,1.66869,1.66855,1.29,1.29
15-08-2014,00:37:08.450,1.66869,1.66854,2.52,2.22
15-08-2014,00:37:09.964,1.66869,1.66855,1.77,1.29
15-08-2014,00:37:17.690,1.66867,1.66857,1,1.19
15-08-2014,00:37:17.791,1.66867,1.66855,1,1.29
15-08-2014,00:37:18.362,1.66868,1.66855,1.25,1.29
15-08-2014,00:37:30.799,1.66866,1.66854,1.19,1.2
15-08-2014,00:37:30.901,1.66865,1.66852,5.82,1.1
15-08-2014,00:37:31.055,1.66863,1.6685,1.1,1.25
15-08-2014,00:37:31.156,1.66863,1.6685,1.58,1.25
15-08-2014,00:37:31.689,1.66863,1.66849,1.1,1.29
15-08-2014,00:37:31.740,1.66863,1.66851,1.1,1.19
15-08-2014,00:37:34.816,1.66865,1.66851,1.74,1.77
15-08-2014,00:37:35.169,1.66861,1.6685,4.13,1.19
15-08-2014,00:37:35.220,1.66861,1.66848,4.32,2.59
15-08-2014,00:37:37.344,1.66861,1.66849,4.39,1.25
15-08-2014,00:37:38.404,1.66862,1.66848,1.37,5.82
15-08-2014,00:37:39.607,1.66862,1.66849,1.09,2.07
15-08-2014,00:37:44.648,1.66861,1.66849,1.29,1.25
15-08-2014,00:37:50.112,1.66862,1.66848,3.27,2.44
15-08-2014,00:37:50.617,1.66862,1.66851,1.19,1
15-08-2014,00:37:54.686,1.66859,1.66851,1,1
15-08-2014,00:37:54.888,1.66862,1.66851,1.69,1
15-08-2014,00:37:56.883,1.6686,1.66851,1.19,1
15-08-2014,00:38:02.073,1.66861,1.66851,2.44,1
15-08-2014,00:38:02.478,1.66865,1.66852,3.27,1.39
15-08-2014,00:38:02.956,1.66867,1.66853,2.59,2.44
15-08-2014,00:38:05.007,1.66868,1.66855,1.29,1.63
15-08-2014,00:38:05.575,1.66869,1.66855,2.59,1.57
15-08-2014,00:38:07.188,1.66868,1.66855,1.77,1.63
15-08-2014,00:38:07.973,1.66868,1.66855,1.77,1.69
15-08-2014,00:38:12.074,1.66868,1.66855,1.29,1.69
15-08-2014,00:38:15.579,1.66868,1.66854,1.29,2.52
15-08-2014,00:38:16.602,1.66868,1.66854,1.77,2.04
15-08-2014,00:38:18.200,1.66868,1.66854,1.29,2.52
15-08-2014,00:38:34.327,1.66868,1.66855,1.19,1.02
15-08-2014,00:38:41.010,1.66869,1.66855,2.52,1.02
15-08-2014,00:38:43.479,1.66867,1.66854,1.69,1.37
15-08-2014,00:38:44.217,1.66867,1.66853,1.69,4.02
15-08-2014,00:38:45.325,1.66868,1.66854,1.39,1.77
15-08-2014,00:38:53.318,1.66868,1.66857,1.29,1
15-08-2014,00:38:53.829,1.66867,1.66856,1.19,1.95
15-08-2014,00:38:54.284,1.66867,1.66858,1.19,1
15-08-2014,00:38:54.436,1.66867,1.66855,1.19,1.09
15-08-2014,00:38:54.941,1.66867,1.66856,1.25,1.77
15-08-2014,00:38:55.673,1.66867,1.66854,1.19,2.14
15-08-2014,00:38:56.647,1.66867,1.66855,1.25,1.09
15-08-2014,00:39:03.384,1.66867,1.66858,1,1.32
15-08-2014,00:39:03.435,1.66869,1.66858,1.25,1.32
15-08-2014,00:39:03.587,1.6687,1.66858,1,2.22
15-08-2014,00:39:10.001,1.6687,1.66859,1.25,1.25
15-08-2014,00:39:15.820,1.6687,1.6686,1,1.19
15-08-2014,00:39:16.043,1.66872,1.6686,1,1.69
15-08-2014,00:39:16.544,1.66871,1.6686,1,1.69
15-08-2014,00:39:19.403,1.66871,1.66861,1,1.25
15-08-2014,00:39:19.915,1.66873,1.66859,1.02,2.52
15-08-2014,00:39:22.639,1.66872,1.66861,1.13,1.29
15-08-2014,00:39:23.315,1.66873,1.66862,1.13,1.19
15-08-2014,00:39:25.401,1.66874,1.66862,1.25,1.32
15-08-2014,00:39:25.903,1.66874,1.66862,1,2.07
15-08-2014,00:39:26.421,1.66873,1.66862,1,2.07
15-08-2014,00:39:26.941,1.66872,1.66862,1,2.07
15-08-2014,00:39:27.491,1.66873,1.66862,1.5,1.19
15-08-2014,00:39:28.338,1.66873,1.66862,1,1.19
15-08-2014,00:39:28.641,1.66875,1.66868,2.33,1
15-08-2014,00:39:28.742,1.66878,1.66869,1,1.19
15-08-2014,00:39:28.793,1.6688,1.66869,1,1.29
15-08-2014,00:39:29.299,1.66882,1.66869,1.32,1.84
15-08-2014,00:39:36.249,1.66882,1.66868,2.07,2.14
15-08-2014,00:39:36.783,1.66882,1.66868,2.14,1.39
15-08-2014,00:39:46.566,1.66883,1.66869,2.59,1.69
15-08-2014,00:39:47.872,1.66883,1.66869,2.59,1.69
15-08-2014,00:39:51.402,1.66883,1.66871,3.9,1.19
15-08-2014,00:39:52.481,1.66883,1.6687,2.59,2.82
15-08-2014,00:39:53.912,1.66884,1.66872,3.83,1.19
15-08-2014,00:39:53.962,1.66884,1.66871,3.08,1.25
15-08-2014,00:39:54.374,1.66886,1.66872,1.39,1.19
15-08-2014,00:39:56.131,1.66885,1.66872,6.57,1.19
15-08-2014,00:39:56.182,1.66882,1.66871,4.2,1.69
15-08-2014,00:39:57.109,1.66881,1.66869,1.25,1.69
15-08-2014,00:39:57.614,1.66881,1.66869,1.09,1.19
15-08-2014,00:39:58.141,1.66881,1.66869,1.37,1.25
15-08-2014,00:39:59.174,1.66881,1.66869,1.47,1.19
15-08-2014,00:40:03.710,1.66881,1.66869,1.47,1.25
15-08-2014,00:40:03.862,1.66879,1.66868,1.18,1.19
15-08-2014,00:40:04.122,1.66878,1.66866,1.02,1.32
15-08-2014,00:40:04.634,1.66877,1.66864,1.69,2.14
15-08-2014,00:40:05.402,1.66877,1.66864,1.69,1.39
15-08-2014,00:40:07.891,1.66877,1.66864,3.34,1.69
15-08-2014,00:40:09.055,1.66877,1.66864,1.32,1.77
15-08-2014,00:40:10.728,1.66877,1.66864,2.44,1.77
15-08-2014,00:40:20.440,1.66875,1.66864,1,1.19
15-08-2014,00:40:20.541,1.66875,1.66863,1.32,1.25
15-08-2014,00:40:20.592,1.66874,1.66861,1.02,1.69
15-08-2014,00:40:21.564,1.66873,1.66861,1.47,1.19
15-08-2014,00:40:24.626,1.66873,1.66861,1.84,1.25
15-08-2014,00:40:26.949,1.66872,1.66861,1.39,1
15-08-2014,00:40:30.287,1.66872,1.66861,2.14,1
15-08-2014,00:40:30.847,1.66872,1.66861,1.39,1.25
15-08-2014,00:40:37.757,1.66872,1.66861,1.39,1
15-08-2014,00:40:38.262,1.66871,1.66859,1.25,1.19
15-08-2014,00:40:42.100,1.66872,1.66859,2.89,1.25
15-08-2014,00:40:43.837,1.66867,1.66859,1,1.25
15-08-2014,00:40:44.090,1.66868,1.66856,1.02,1.69
15-08-2014,00:40:46.515,1.66868,1.66856,1.29,1.25
15-08-2014,00:40:48.883,1.66868,1.66856,1.02,1.19
15-08-2014,00:40:49.593,1.66868,1.66856,1.29,1.25
15-08-2014,00:40:49.694,1.66867,1.66855,1.84,1.13
15-08-2014,00:40:49.997,1.66863,1.66855,1,1.13
15-08-2014,00:40:50.502,1.66864,1.66855,1.1,1
15-08-2014,00:40:54.602,1.66864,1.66854,1.39,1
15-08-2014,00:40:54.703,1.66863,1.66852,1.19,1
15-08-2014,00:40:55.208,1.66864,1.66851,1.39,1.69
15-08-2014,00:40:59.216,1.66865,1.66851,4.09,1.69
15-08-2014,00:40:59.470,1.66861,1.66851,1,1.69
15-08-2014,00:40:59.672,1.66862,1.66849,1.29,1.69
15-08-2014,00:41:00.177,1.6686,1.66849,1,1.77
15-08-2014,00:41:06.816,1.66863,1.6685,1.02,1.19
15-08-2014,00:41:07.308,1.66863,1.66854,1.02,1
15-08-2014,00:41:07.409,1.66863,1.6685,1.02,1.69
15-08-2014,00:41:07.562,1.66864,1.66855,1.29,1.13
15-08-2014,00:41:07.664,1.66867,1.66856,1.39,1.25
15-08-2014,00:41:07.916,1.6687,1.66858,1.47,1.19
15-08-2014,00:41:08.220,1.66872,1.66859,2.52,1.29
15-08-2014,00:41:08.472,1.66873,1.66859,1.02,1.77
15-08-2014,00:41:09.129,1.66873,1.6686,1.02,1.19
15-08-2014,00:41:10.816,1.66873,1.66859,1.77,1.29
15-08-2014,00:41:11.940,1.66872,1.66858,1.74,1.19
15-08-2014,00:41:13.938,1.66872,1.66858,1.74,1.69
15-08-2014,00:41:19.548,1.66872,1.66858,2.22,1.19
15-08-2014,00:41:22.357,1.66872,1.66859,1.47,1.69
15-08-2014,00:41:22.867,1.66873,1.66859,5.14,1.77
15-08-2014,00:41:23.377,1.66872,1.6686,1.13,1.19
15-08-2014,00:41:28.183,1.66872,1.66859,1.32,1.29
15-08-2014,00:41:29.161,1.66872,1.66859,1.32,1.77
15-08-2014,00:41:32.388,1.66873,1.66859,4.02,1.29
15-08-2014,00:41:33.463,1.66872,1.66858,2.07,1.37
15-08-2014,00:41:54.131,1.66872,1.6686,1.13,1.19
15-08-2014,00:41:57.836,1.66874,1.66861,3.19,1.29
15-08-2014,00:41:58.938,1.66874,1.6686,2.44,1.84
15-08-2014,00:42:01.342,1.66874,1.6686,3.19,1.37
15-08-2014,00:42:01.645,1.66865,1.66859,1,1
15-08-2014,00:42:01.746,1.66865,1.66852,1.1,1.77
15-08-2014,00:42:01.848,1.66866,1.66855,1.09,1.25
15-08-2014,00:42:02.151,1.66867,1.66855,2.33,1.69
15-08-2014,00:42:02.611,1.66869,1.66855,2.52,2.52
15-08-2014,00:42:03.318,1.66869,1.66856,2.89,1.19
15-08-2014,00:42:03.822,1.66868,1.66856,2.78,1.19
15-08-2014,00:42:04.416,1.66868,1.66855,2.97,1.69
15-08-2014,00:42:11.061,1.66866,1.66855,1.5,1.19
15-08-2014,00:42:11.579,1.66866,1.66855,1.69,1.25
15-08-2014,00:42:13.803,1.66866,1.66854,2,1.19
15-08-2014,00:42:14.830,1.66866,1.66854,1.94,1.25
15-08-2014,00:42:15.550,1.66866,1.66854,1.75,1.69
15-08-2014,00:42:16.071,1.66867,1.66854,2.52,1.69
15-08-2014,00:42:16.662,1.66867,1.66856,2.33,1.19
15-08-2014,00:42:19.055,1.66867,1.66858,2.25,1.19
15-08-2014,00:42:19.106,1.66869,1.66858,2.33,1.19
15-08-2014,00:42:20.178,1.66869,1.66859,1,1.19
15-08-2014,00:42:22.592,1.66872,1.6686,1.5,1.77
15-08-2014,00:42:23.356,1.66872,1.6686,1,1.77
15-08-2014,00:42:24.088,1.66872,1.66862,1,1.19
15-08-2014,00:42:24.139,1.66876,1.66863,2.07,1.19
15-08-2014,00:42:24.190,1.66876,1.66863,1.13,1.77
15-08-2014,00:42:24.801,1.66875,1.66864,1.5,1.19
15-08-2014,00:42:24.954,1.66875,1.66862,1.69,1.84
15-08-2014,00:42:25.560,1.66874,1.66862,2.44,1
15-08-2014,00:42:26.065,1.66872,1.66859,2.44,2.52
15-08-2014,00:42:26.781,1.66872,1.66858,3.27,2.89
15-08-2014,00:42:29.259,1.66872,1.66858,1.67,1.29
15-08-2014,00:42:30.863,1.66869,1.66857,1,1.47
15-08-2014,00:42:31.481,1.6687,1.66856,2.82,1.02
15-08-2014,00:42:31.996,1.66869,1.66856,1.19,1.3
15-08-2014,00:42:34.703,1.6687,1.66856,2.82,1.02
15-08-2014,00:42:40.081,1.6687,1.66856,1.32,1.77
15-08-2014,00:42:40.183,1.6687,1.66855,1.47,2.14
15-08-2014,00:42:41.206,1.66869,1.66855,1.29,2.89
15-08-2014,00:42:42.418,1.66868,1.66855,1.19,1.39
15-08-2014,00:42:45.231,1.66868,1.66855,1.25,1.77
15-08-2014,00:42:53.617,1.66868,1.66855,1.69,1.39
15-08-2014,00:42:58.769,1.66866,1.66854,1.69,1.19
15-08-2014,00:42:59.914,1.66866,1.66854,1.69,1.25
15-08-2014,00:43:02.145,1.66866,1.66854,1.69,1.19
15-08-2014,00:43:02.656,1.66866,1.66854,1.25,1.19
15-08-2014,00:43:06.041,1.66867,1.66854,1.77,1.25
15-08-2014,00:43:23.952,1.66867,1.66853,1.19,2.22
15-08-2014,00:43:26.974,1.66867,1.66853,1.69,1.37
15-08-2014,00:43:33.373,1.66865,1.66853,1.69,1.28
15-08-2014,00:43:33.877,1.66864,1.66852,1.19,4.39
15-08-2014,00:43:34.533,1.66864,1.66851,1.19,2.22
15-08-2014,00:43:43.091,1.66863,1.66851,1.19,2.03
15-08-2014,00:43:44.401,1.66864,1.66851,1.69,2.22
15-08-2014,00:44:03.811,1.66863,1.66851,1,1.47
15-08-2014,00:44:04.321,1.66863,1.66851,1,2.07
15-08-2014,00:44:04.832,1.66864,1.66851,1.02,2.07
15-08-2014,00:44:06.117,1.66865,1.66853,1.09,1.19
15-08-2014,00:44:20.690,1.66863,1.66853,1,1.19
15-08-2014,00:44:20.892,1.66863,1.66852,1.25,1.25
15-08-2014,00:44:21.727,1.66863,1.66852,1.69,1.25
15-08-2014,00:44:34.171,1.66863,1.6685,2.44,1.29
15-08-2014,00:44:34.686,1.66863,1.6685,2.44,1.77
15-08-2014,00:44:35.375,1.66863,1.6685,2.44,1.29
15-08-2014,00:44:35.577,1.66863,1.66851,1.5,1.19
15-08-2014,00:44:36.887,1.66864,1.66851,2.14,1.19
15-08-2014,00:44:48.502,1.66865,1.66854,1.19,1
15-08-2014,00:44:49.007,1.66865,1.66853,1.19,1.69
15-08-2014,00:44:49.512,1.66863,1.66852,1,1.77
15-08-2014,00:44:50.017,1.66864,1.66852,1,1.29
15-08-2014,00:44:55.165,1.66865,1.66852,2.07,1.29
15-08-2014,00:45:01.858,1.66865,1.66854,1,1.69
15-08-2014,00:45:03.146,1.66865,1.66855,1,1.19
15-08-2014,00:45:05.173,1.66865,1.66854,1,1.19
15-08-2014,00:45:07.150,1.66865,1.66854,1.25,1.69
15-08-2014,00:45:08.667,1.66865,1.66854,1,1.69
15-08-2014,00:45:10.859,1.66865,1.66855,1,1.19
15-08-2014,00:45:13.291,1.66865,1.66854,1,2.44
15-08-2014,00:45:19.195,1.66865,1.66854,1,1.19
15-08-2014,00:45:21.975,1.66865,1.66854,1,1.69
15-08-2014,00:45:22.999,1.66865,1.66854,1,1.19
15-08-2014,00:45:23.513,1.66865,1.66854,1,1.69
15-08-2014,00:45:24.073,1.66865,1.66855,1,1.19
15-08-2014,00:45:25.676,1.66865,1.66854,1,2.44
15-08-2014,00:45:26.183,1.66865,1.66854,1.5,1.19
15-08-2014,00:45:27.977,1.66865,1.66853,1.65,1.19
15-08-2014,00:45:28.977,1.66864,1.66852,1,1.39
15-08-2014,00:45:29.958,1.66865,1.66852,1.25,1.39
15-08-2014,00:45:32.124,1.66865,1.66854,1,1.19
15-08-2014,00:45:32.646,1.66866,1.66854,1.1,1.19
15-08-2014,00:45:34.209,1.66864,1.66852,1,1.58
15-08-2014,00:45:34.866,1.66864,1.6685,1.1,2.14
15-08-2014,00:45:35.220,1.66864,1.66852,1,1.29
15-08-2014,00:45:43.602,1.66865,1.66852,1.25,1.77
15-08-2014,00:45:43.906,1.66866,1.66854,1,1.84
15-08-2014,00:45:45.009,1.66866,1.66855,1,1.29
15-08-2014,00:45:47.040,1.66866,1.66854,1,1.84
15-08-2014,00:45:50.728,1.66866,1.66854,1.19,1.09
15-08-2014,00:45:52.034,1.66866,1.66854,1.25,1.37
15-08-2014,00:45:52.844,1.66866,1.66855,1,1.29
15-08-2014,00:45:55.153,1.66866,1.66854,1,1.84
15-08-2014,00:45:57.545,1.66866,1.66854,1.25,1.37
15-08-2014,00:46:02.175,1.66866,1.66853,1.19,1.39
15-08-2014,00:46:04.179,1.66866,1.66853,1.25,2.14
15-08-2014,00:46:09.355,1.66866,1.66854,1,1.29
15-08-2014,00:46:10.556,1.66866,1.66853,1.25,1.47
15-08-2014,00:46:11.070,1.66866,1.66855,1,1.19
15-08-2014,00:46:11.172,1.66869,1.66855,1.47,1.19
15-08-2014,00:46:11.374,1.66871,1.66856,2.44,2.04
15-08-2014,00:46:12.289,1.66871,1.66857,1.19,1.77
15-08-2014,00:46:42.931,1.66871,1.66858,1.02,1.19
15-08-2014,00:46:46.023,1.66873,1.66859,1.29,1.77
15-08-2014,00:47:04.204,1.66873,1.66858,2.89,1.47
15-08-2014,00:47:05.686,1.66872,1.66857,2.07,2.14
15-08-2014,00:47:27.797,1.66871,1.66856,1.77,1.47
15-08-2014,00:47:45.669,1.6687,1.66857,1.25,1.29
15-08-2014,00:47:47.639,1.6687,1.66856,1.29,1.39
15-08-2014,00:48:12.105,1.6687,1.66857,1.02,1.19
15-08-2014,00:48:32.251,1.66872,1.66858,1.39,1.39
15-08-2014,00:48:42.124,1.66874,1.66859,2.89,1.69
15-08-2014,00:48:46.641,1.66874,1.66859,2.89,1
15-08-2014,00:48:47.146,1.66873,1.66857,2.22,1.47
15-08-2014,00:48:47.701,1.66872,1.66857,2.44,1.29
15-08-2014,00:48:48.055,1.66872,1.66858,1.77,1.19
15-08-2014,00:48:48.560,1.66872,1.66858,1.29,1.77
15-08-2014,00:48:53.579,1.66872,1.66858,1.39,1.29
15-08-2014,00:48:55.838,1.66872,1.66858,1.32,1.69
15-08-2014,00:48:56.392,1.66873,1.66858,2.07,2.52
15-08-2014,00:49:02.684,1.66872,1.66858,2.14,1.29
15-08-2014,00:49:03.901,1.66873,1.66858,2.59,1.77
15-08-2014,00:49:06.093,1.66872,1.66857,1.39,2.22
15-08-2014,00:49:13.505,1.66873,1.66858,2.97,2.52
15-08-2014,00:49:14.892,1.66872,1.66858,1.39,1.77
15-08-2014,00:49:20.930,1.66869,1.66857,1,1.84
15-08-2014,00:49:21.697,1.66872,1.66857,2.14,2.97
15-08-2014,00:49:41.300,1.66869,1.66857,1,1.47
15-08-2014,00:49:41.961,1.6687,1.66857,1.25,1.47
15-08-2014,00:49:42.593,1.66869,1.66857,1,1.32
15-08-2014,00:49:43.131,1.6687,1.66857,1.77,1.32
15-08-2014,00:49:44.618,1.66869,1.66857,1,1.19
15-08-2014,00:49:45.124,1.6687,1.66857,1.77,1.19
15-08-2014,00:49:46.573,1.66869,1.66857,1,1.19
15-08-2014,00:49:47.141,1.66867,1.66857,1,1.19
15-08-2014,00:49:47.919,1.66866,1.66857,1,1.19
15-08-2014,00:49:48.453,1.66866,1.66856,1,1.39
15-08-2014,00:49:48.908,1.66862,1.66856,1,1.29
15-08-2014,00:49:49.313,1.66865,1.66856,1,1.29
15-08-2014,00:49:49.874,1.66863,1.66856,1,1.29
15-08-2014,00:49:50.082,1.66866,1.66856,1,1.29
15-08-2014,00:49:50.340,1.66868,1.66856,2.25,1.29
15-08-2014,00:49:56.662,1.66868,1.66856,4.88,1.29
15-08-2014,00:49:57.672,1.66868,1.66854,5.89,1.29
15-08-2014,00:49:58.578,1.66868,1.66856,4.95,1.19
15-08-2014,00:49:59.513,1.66868,1.66856,1.2,1.19
15-08-2014,00:50:00.060,1.66868,1.66855,1.39,1.19
15-08-2014,00:50:00.987,1.66868,1.66856,1.2,1.19
15-08-2014,00:50:03.677,1.6687,1.66856,1.77,1.29
15-08-2014,00:50:06.098,1.6687,1.66857,1.69,1.37
15-08-2014,00:50:10.214,1.6687,1.66856,2.07,1.77
15-08-2014,00:50:13.502,1.66868,1.66856,1,1.77
15-08-2014,00:50:25.052,1.6687,1.66856,2.07,1.77
15-08-2014,00:50:25.714,1.6687,1.66857,2.07,1.37
15-08-2014,00:50:26.693,1.6687,1.66856,2.07,1.37
15-08-2014,00:50:30.227,1.6687,1.66857,2.07,1.29
15-08-2014,00:50:31.187,1.6687,1.66856,2.07,1.37
15-08-2014,00:50:34.595,1.6687,1.66857,1.32,1.29
15-08-2014,00:50:35.636,1.6687,1.66856,1.69,1.47
15-08-2014,00:50:36.958,1.66868,1.66856,1,1.47
15-08-2014,00:50:37.464,1.66869,1.66856,1.25,1.47
15-08-2014,00:50:39.043,1.6687,1.66857,1.25,1.29
15-08-2014,00:50:39.903,1.66869,1.66857,1,1.29
15-08-2014,00:50:40.427,1.66868,1.66857,1,1.29
15-08-2014,00:50:41.413,1.6687,1.66857,1.25,1.29
15-08-2014,00:50:42.604,1.66868,1.66857,1,1.29
15-08-2014,00:50:44.446,1.66868,1.66856,1,1.84
15-08-2014,00:50:44.967,1.6687,1.66856,1.19,1.84
15-08-2014,00:50:48.884,1.66867,1.66856,1,1.37
15-08-2014,00:50:49.402,1.66867,1.66855,1,1.77
15-08-2014,00:50:51.092,1.66868,1.66855,1.25,1.77
15-08-2014,00:50:51.861,1.66863,1.66855,1,1.02
15-08-2014,00:50:52.366,1.66864,1.66855,1,1.02
15-08-2014,00:50:54.924,1.66863,1.66855,1,1.02
15-08-2014,00:50:55.558,1.66863,1.66854,1,1.29
15-08-2014,00:50:56.104,1.66862,1.66854,1,1.29
15-08-2014,00:50:56.457,1.66862,1.66852,1,2.52
15-08-2014,00:51:02.330,1.66863,1.66852,1,1.77
15-08-2014,00:51:02.854,1.66864,1.66852,1,1.77
15-08-2014,00:51:04.172,1.66863,1.66852,1,1.77
15-08-2014,00:51:09.003,1.66862,1.66852,1,1.77
15-08-2014,00:51:09.155,1.66864,1.66852,1,1.77
15-08-2014,00:51:09.996,1.66863,1.66852,1,1.77
15-08-2014,00:51:10.501,1.66862,1.66852,1,2.52
15-08-2014,00:51:11.007,1.66863,1.66852,1,2.52
15-08-2014,00:51:14.544,1.66862,1.66852,1,2.52
15-08-2014,00:51:15.061,1.66861,1.66852,1,2.52
15-08-2014,00:51:19.577,1.66862,1.66852,1,1.37
15-08-2014,00:51:20.586,1.66861,1.66852,1,1.37
15-08-2014,00:51:21.878,1.66864,1.66852,1,1.37
15-08-2014,00:51:23.245,1.66864,1.66852,1.5,1.37
15-08-2014,00:51:26.206,1.66864,1.66852,1.13,1.19
15-08-2014,00:51:26.824,1.66863,1.66852,1,1.19
15-08-2014,00:51:27.623,1.66862,1.66852,1,1.19
15-08-2014,00:51:28.077,1.66864,1.66851,1.32,1.29
15-08-2014,00:51:29.284,1.66863,1.66851,1,1.29
15-08-2014,00:51:33.961,1.66864,1.6685,1.69,1.37
15-08-2014,00:51:35.229,1.66864,1.6685,5.07,1.37
15-08-2014,00:51:38.232,1.66863,1.66849,1.32,2.52
15-08-2014,00:51:59.183,1.66863,1.6685,2.14,1.19
15-08-2014,00:52:01.275,1.66863,1.6685,2.14,1.69
15-08-2014,00:52:02.143,1.66862,1.66852,1,1.25
15-08-2014,00:52:02.648,1.66861,1.66851,1,1.19
15-08-2014,00:52:07.078,1.66861,1.66851,1,1.19
15-08-2014,00:52:12.716,1.66861,1.6685,1,1.19
15-08-2014,00:52:14.637,1.66861,1.6685,1,1.19
15-08-2014,00:52:18.108,1.66859,1.66848,1,1.37
15-08-2014,00:52:19.132,1.66859,1.66847,1,2.52
15-08-2014,00:52:20.620,1.66857,1.66847,1,2.52
15-08-2014,00:52:21.147,1.66857,1.66845,1,1.39
15-08-2014,00:52:23.147,1.66861,1.66846,4.02,2.22
15-08-2014,00:52:24.114,1.6686,1.66847,1,1.77
15-08-2014,00:52:26.169,1.66861,1.66847,1.69,2.52
15-08-2014,00:52:29.026,1.6686,1.66847,1.25,1.77
15-08-2014,00:52:31.650,1.66861,1.66848,1.69,1.37
15-08-2014,00:52:32.459,1.66861,1.66849,1,1.77
15-08-2014,00:52:33.116,1.66863,1.66851,1.32,1.29
15-08-2014,00:52:39.050,1.66864,1.66849,2.44,3.27
15-08-2014,00:52:45.082,1.66863,1.66849,1.25,2.52
15-08-2014,00:52:47.059,1.66863,1.66849,1.69,1.77
15-08-2014,00:52:49.614,1.66862,1.66849,1.32,1.29
15-08-2014,00:52:50.713,1.66862,1.66849,1.32,1.29
15-08-2014,00:52:51.226,1.66862,1.66849,1.69,1.29
15-08-2014,00:52:51.771,1.66862,1.66849,1.32,1.47
15-08-2014,00:52:52.441,1.66862,1.66849,1.32,2.14
15-08-2014,00:52:54.373,1.66862,1.66849,1.32,2.14
15-08-2014,00:52:55.164,1.66861,1.66849,1,2.14
15-08-2014,00:52:56.376,1.66862,1.66849,1.32,2.14
15-08-2014,00:52:56.881,1.66862,1.66848,1.39,6.64
15-08-2014,00:53:01.075,1.66862,1.66856,1.29,1
15-08-2014,00:53:01.126,1.66864,1.66856,1.27,1
15-08-2014,00:53:01.227,1.66866,1.66856,1.69,1
15-08-2014,00:53:01.329,1.66863,1.66856,1,1
15-08-2014,00:53:01.379,1.66863,1.66851,1.13,2.52
15-08-2014,00:53:01.582,1.66863,1.6685,2.07,1.39
15-08-2014,00:53:14.561,1.66862,1.66849,1.39,1.32
15-08-2014,00:53:17.743,1.66861,1.66848,1.19,3.27
15-08-2014,00:53:26.776,1.6686,1.66849,1.19,1
15-08-2014,00:53:28.356,1.66861,1.66849,1.19,1.25
15-08-2014,00:53:30.789,1.6686,1.66848,1.19,3.34
15-08-2014,00:53:37.615,1.6686,1.66848,1.25,2.59
15-08-2014,00:53:42.123,1.6686,1.66848,1.19,2.59
15-08-2014,00:53:45.528,1.66862,1.66848,1.69,3.34
15-08-2014,00:53:45.782,1.66862,1.6685,1,1.19
15-08-2014,00:53:51.115,1.66863,1.66849,1.77,1.39
15-08-2014,00:53:52.399,1.66863,1.66849,1.77,1.39
15-08-2014,00:53:54.623,1.66863,1.66849,1.77,1.39
15-08-2014,00:53:56.028,1.66863,1.66849,1.77,1.39
15-08-2014,00:53:58.043,1.66863,1.66848,1.77,6.34
15-08-2014,00:53:58.145,1.66863,1.6685,1.02,1.69
15-08-2014,00:53:58.650,1.66864,1.6685,1.84,1.19
15-08-2014,00:54:03.439,1.66864,1.66849,2.59,2.14
15-08-2014,00:54:03.969,1.66864,1.66849,2.59,2.14
15-08-2014,00:54:08.868,1.66864,1.66851,1.84,1.19
15-08-2014,00:54:09.382,1.66863,1.66849,1.77,2.14
15-08-2014,00:54:11.550,1.66862,1.66849,1.32,1.39
15-08-2014,00:54:15.383,1.66861,1.66849,1,1.39
15-08-2014,00:54:19.122,1.6686,1.66849,1,2.14
15-08-2014,00:54:19.675,1.6686,1.66849,1,2.14
15-08-2014,00:54:20.194,1.6686,1.66849,1,1.39
15-08-2014,00:54:22.176,1.66861,1.66849,1,1.39
15-08-2014,00:54:24.142,1.66863,1.66849,2.14,1.39
15-08-2014,00:54:24.648,1.66864,1.66849,2.59,2.14
15-08-2014,00:54:26.508,1.66864,1.66849,1.84,2.89
15-08-2014,00:54:27.609,1.66863,1.66849,1.02,2.89
15-08-2014,00:54:33.712,1.66864,1.66849,2.44,1.13
15-08-2014,00:54:33.817,1.66862,1.66849,1.32,1.32
15-08-2014,00:54:34.976,1.66863,1.66849,2.52,1.32
15-08-2014,00:54:37.097,1.66863,1.66849,1.77,2.07
15-08-2014,00:54:43.172,1.66863,1.66849,1.84,2.14
15-08-2014,00:54:46.124,1.66862,1.66849,1.32,2.14
15-08-2014,00:54:52.042,1.66862,1.66849,1.32,1.39
15-08-2014,00:54:52.567,1.66863,1.66849,1.02,2.89
15-08-2014,00:54:57.577,1.66862,1.66849,1.13,2.14
15-08-2014,00:54:58.094,1.66861,1.66849,1,2.14
15-08-2014,00:54:58.665,1.66861,1.66849,1,2.14
15-08-2014,00:54:59.346,1.66862,1.66849,1.32,2.14
15-08-2014,00:54:59.862,1.66862,1.6685,1.2,1.19
15-08-2014,00:55:00.412,1.66863,1.6685,1.39,1.19
15-08-2014,00:55:00.715,1.66865,1.66851,1.02,1.77
15-08-2014,00:55:01.607,1.66865,1.66852,1.39,1.19
15-08-2014,00:55:03.096,1.66864,1.66852,1,1.19
15-08-2014,00:55:03.607,1.66866,1.66852,2.59,1.19
15-08-2014,00:55:04.063,1.66867,1.66857,1.08,2.44
15-08-2014,00:55:04.165,1.66869,1.66857,1.19,2.52
15-08-2014,00:55:05.074,1.66871,1.66857,2.52,4.02
15-08-2014,00:55:06.606,1.6687,1.66857,1.19,1.39
15-08-2014,00:55:07.124,1.66867,1.66855,1,3.27
15-08-2014,00:55:07.641,1.66871,1.66856,2.44,1.67
15-08-2014,00:55:07.905,1.66871,1.66858,1.02,1.19
15-08-2014,00:55:08.419,1.66872,1.66858,1.47,1.32
15-08-2014,00:55:10.381,1.66872,1.66857,2.22,2.14
15-08-2014,00:55:13.995,1.66869,1.66857,1,2.14
15-08-2014,00:55:14.905,1.66868,1.66856,1,1.84
15-08-2014,00:55:16.880,1.66869,1.66856,1,2.22
15-08-2014,00:55:17.385,1.6687,1.66856,1.19,2.22
15-08-2014,00:55:19.756,1.6687,1.66857,1.19,1.02
15-08-2014,00:55:20.278,1.66871,1.66856,1.29,2.22
15-08-2014,00:55:22.136,1.66869,1.66856,2.52,1.19
15-08-2014,00:55:22.440,1.66868,1.66855,3.57,1.19
15-08-2014,00:55:22.743,1.66863,1.66852,1.1,1.19
15-08-2014,00:55:23.353,1.66862,1.66851,1.1,1.32
15-08-2014,00:55:23.859,1.66863,1.6685,1.84,1.32
15-08-2014,00:55:25.088,1.66861,1.6685,1,1.32
15-08-2014,00:55:25.989,1.66861,1.6685,1.18,1.19
15-08-2014,00:55:28.564,1.66861,1.66849,1.1,1.32
15-08-2014,00:55:29.109,1.66863,1.6685,1.84,1.19
15-08-2014,00:55:30.827,1.66861,1.6685,1,1.19
15-08-2014,00:55:31.383,1.66862,1.6685,1.2,1.19
15-08-2014,00:55:31.912,1.66862,1.6685,1.13,1.29
15-08-2014,00:55:33.792,1.66861,1.6685,1,1.29
15-08-2014,00:55:33.943,1.66861,1.66849,1,1.47
15-08-2014,00:55:36.318,1.6686,1.66849,1,1.47
15-08-2014,00:55:36.933,1.66859,1.66849,1,1.47
15-08-2014,00:55:37.440,1.66859,1.6685,1,1.29
15-08-2014,00:55:38.576,1.66859,1.66849,1,1.47
15-08-2014,00:55:39.203,1.66861,1.66849,1,5.22
15-08-2014,00:55:39.722,1.6686,1.6685,1,1.39
15-08-2014,00:55:39.874,1.66863,1.6685,1.69,1.39
15-08-2014,00:55:41.567,1.66863,1.6685,1.84,1.32
15-08-2014,00:55:44.177,1.66863,1.66849,1.37,5.82
15-08-2014,00:55:45.165,1.66863,1.6685,1.09,1.32
15-08-2014,00:55:47.272,1.66864,1.66851,1.77,1.69
15-08-2014,00:55:47.425,1.66864,1.66851,1.02,1.32
15-08-2014,00:55:48.299,1.66862,1.66851,1,1.32
15-08-2014,00:55:48.806,1.66865,1.6685,3.34,5.14
15-08-2014,00:55:49.342,1.66862,1.6685,1,5.14
15-08-2014,00:55:54.097,1.66864,1.66849,2.52,6.57
15-08-2014,00:55:58.825,1.66863,1.66849,1.69,5.97
15-08-2014,00:56:01.913,1.66862,1.66849,1.25,6.72
15-08-2014,00:56:10.944,1.66863,1.66849,1.19,5.97
15-08-2014,00:56:12.116,1.66864,1.66849,1.77,6.72
15-08-2014,00:56:26.172,1.66863,1.66849,1.19,5.22
15-08-2014,00:56:33.774,1.66864,1.66849,1.77,5.97
15-08-2014,00:56:34.643,1.66864,1.6685,1.69,1.39
15-08-2014,00:56:38.291,1.66864,1.6685,1.19,2.14
15-08-2014,00:56:42.710,1.66863,1.6685,1.19,1.39
15-08-2014,00:56:44.574,1.66863,1.66849,1.77,5.14
15-08-2014,00:56:47.319,1.66862,1.6685,1,1.32
15-08-2014,00:56:47.934,1.66863,1.6685,1.1,1.32
15-08-2014,00:56:48.593,1.66862,1.6685,1,1.32
15-08-2014,00:56:54.832,1.66862,1.66852,1,1.19
15-08-2014,00:56:54.934,1.66863,1.6685,1.25,1.37
15-08-2014,00:56:56.107,1.66863,1.6685,1,1.37
15-08-2014,00:56:57.091,1.66863,1.6685,1.02,1.19
15-08-2014,00:57:00.326,1.66863,1.66851,1.1,1.19
15-08-2014,00:57:00.478,1.66861,1.66851,1,1.19
15-08-2014,00:57:01.845,1.66861,1.6685,1,1.19
15-08-2014,00:57:02.818,1.66861,1.66849,1,1.29
15-08-2014,00:57:03.322,1.66862,1.66849,1.25,1.29
15-08-2014,00:57:03.885,1.66861,1.66849,1,5.14
15-08-2014,00:57:06.149,1.66861,1.66849,1.25,4.39
15-08-2014,00:57:09.746,1.66861,1.66849,1,4.39
15-08-2014,00:57:11.224,1.6686,1.66849,1.25,4.39
15-08-2014,00:57:14.143,1.6686,1.66849,1.19,4.2
15-08-2014,00:57:19.461,1.6686,1.66849,1.25,4.32
15-08-2014,00:57:20.539,1.6686,1.66849,1.19,4.13
15-08-2014,00:57:22.038,1.6686,1.66849,1.25,4.39
15-08-2014,00:57:23.892,1.66861,1.66848,1.02,4.32
15-08-2014,00:57:24.196,1.66856,1.66847,2.25,1
15-08-2014,00:57:24.500,1.66849,1.6684,1.19,1
15-08-2014,00:57:25.013,1.66849,1.66839,1.19,1
15-08-2014,00:57:29.098,1.66847,1.66836,1.19,2.25
15-08-2014,00:57:29.351,1.66844,1.66834,1.39,1
15-08-2014,00:57:29.857,1.66844,1.66833,1.47,1
15-08-2014,00:57:30.565,1.66843,1.66831,1.02,1.32
15-08-2014,00:57:31.272,1.66843,1.66831,1.29,1.25
15-08-2014,00:57:32.384,1.66842,1.6683,1.19,1.25
15-08-2014,00:57:35.495,1.66842,1.66829,1.25,2.14
15-08-2014,00:57:37.208,1.66842,1.6683,1.19,1.32
15-08-2014,00:57:37.735,1.66842,1.66831,1.19,1
15-08-2014,00:57:40.866,1.66842,1.66829,1.19,5.52
15-08-2014,00:57:41.372,1.6684,1.66828,1.25,5.59
15-08-2014,00:57:42.217,1.66842,1.66828,2.82,5.59
15-08-2014,00:57:43.623,1.66842,1.66831,1.19,1
15-08-2014,00:57:44.171,1.66842,1.66832,1.19,1.5
15-08-2014,00:57:45.629,1.66842,1.66832,1.25,1
15-08-2014,00:57:46.739,1.66842,1.66832,1.19,1
15-08-2014,00:57:47.402,1.66842,1.66831,2.07,1
15-08-2014,00:57:50.956,1.66841,1.66831,1.19,1
15-08-2014,00:57:55.064,1.66841,1.66829,1.19,2.82
15-08-2014,00:58:03.625,1.66841,1.6683,1.19,1
15-08-2014,00:58:04.745,1.6684,1.6683,2.44,1
15-08-2014,00:58:07.275,1.66841,1.6683,1.32,1.1
15-08-2014,00:58:07.880,1.66842,1.6683,1.69,1.02
15-08-2014,00:58:08.401,1.66841,1.6683,1.32,1
15-08-2014,00:58:12.405,1.6684,1.66828,1.19,3.27
15-08-2014,00:58:20.585,1.66841,1.66828,1.32,1.29
15-08-2014,00:58:21.658,1.66841,1.66828,1.32,3.94
15-08-2014,00:58:22.647,1.6684,1.66828,1.19,4.02
15-08-2014,00:58:24.849,1.66837,1.66828,1.19,1.58
15-08-2014,00:58:24.951,1.66839,1.66828,1.19,1.58
15-08-2014,00:58:25.052,1.66839,1.66828,1.19,1.1
15-08-2014,00:58:25.660,1.6684,1.66828,1.69,1.02
15-08-2014,00:58:26.338,1.66839,1.66828,1.19,1.58
15-08-2014,00:58:27.147,1.66841,1.66827,1.69,4.09
15-08-2014,00:58:27.350,1.66839,1.66827,1.19,4.09
15-08-2014,00:58:28.259,1.6684,1.66828,1.19,3.27
15-08-2014,00:58:28.865,1.66839,1.66828,1.19,2.33
15-08-2014,00:58:29.673,1.6684,1.66828,1.19,2.52
15-08-2014,00:58:30.380,1.66839,1.66828,1.19,1.58
15-08-2014,00:58:31.163,1.6684,1.66828,1.69,1.77
15-08-2014,00:58:31.670,1.66841,1.66828,1.32,1.29
15-08-2014,00:58:31.973,1.66839,1.66828,1.19,1.58
15-08-2014,00:58:32.680,1.6684,1.66828,1.19,1.02
15-08-2014,00:58:33.186,1.6684,1.66829,1.19,1
15-08-2014,00:58:33.893,1.66839,1.66829,1.19,1
15-08-2014,00:58:34.651,1.6684,1.66829,1.25,1.25
15-08-2014,00:58:34.869,1.66839,1.66829,1.19,1
15-08-2014,00:58:35.374,1.66839,1.66828,1.19,1.2
15-08-2014,00:58:36.182,1.6684,1.66827,1.19,4.84
15-08-2014,00:58:36.903,1.66839,1.66827,1.19,4.5
15-08-2014,00:58:37.156,1.6684,1.66827,1.29,4.69
15-08-2014,00:58:45.282,1.66841,1.66828,1.32,1.77
15-08-2014,00:58:48.596,1.6684,1.66828,1.19,1.77
15-08-2014,00:58:48.799,1.66838,1.66828,1.19,1.58
15-08-2014,00:58:49.204,1.6684,1.66828,1.29,1.32
15-08-2014,00:58:49.305,1.66838,1.66828,1.19,1.13
15-08-2014,00:58:49.709,1.6684,1.66827,1.19,2.59
15-08-2014,00:58:49.815,1.66838,1.66827,1.19,2.4
15-08-2014,00:58:50.219,1.6684,1.66828,1.19,1.02
15-08-2014,00:58:50.320,1.66838,1.66828,1.19,1.1
15-08-2014,00:58:50.725,1.66839,1.66828,1.25,1.02
15-08-2014,00:58:50.797,1.66838,1.66828,1.19,1.1
15-08-2014,00:58:51.204,1.66839,1.66828,1.25,1.02
15-08-2014,00:58:51.307,1.66838,1.66828,1.19,1.1
15-08-2014,00:58:51.625,1.6684,1.66828,1.19,1.02
15-08-2014,00:58:51.827,1.66838,1.66828,1.19,1.1
15-08-2014,00:58:53.699,1.66838,1.66829,1.19,1
15-08-2014,00:58:54.442,1.66838,1.66828,1.19,1.2
15-08-2014,00:58:54.746,1.66836,1.66828,1.19,1.13
15-08-2014,00:58:55.611,1.66835,1.66828,1.19,1
15-08-2014,00:58:55.661,1.66835,1.66826,1.19,1
15-08-2014,00:58:56.419,1.66837,1.66826,1.19,1
15-08-2014,00:58:56.621,1.66835,1.66825,1.29,1.13
15-08-2014,00:58:57.227,1.66836,1.66823,1.09,1.94
15-08-2014,00:58:57.733,1.66838,1.66824,1.84,2.82
15-08-2014,00:58:58.758,1.66838,1.66825,1.19,2.89
15-08-2014,00:59:06.164,1.66839,1.66826,1.29,2
15-08-2014,00:59:06.681,1.66839,1.66827,1.69,2.33
15-08-2014,00:59:08.953,1.66839,1.66828,1.69,1
15-08-2014,00:59:16.188,1.66839,1.66827,1.69,1.69
15-08-2014,00:59:16.701,1.66839,1.66827,1.69,1.02
15-08-2014,00:59:23.518,1.66839,1.66827,1.69,2.52
15-08-2014,00:59:25.707,1.66838,1.66828,1.25,1
15-08-2014,00:59:27.245,1.66839,1.66827,1.19,2.52
15-08-2014,00:59:32.199,1.66839,1.66829,1.25,1
15-08-2014,00:59:32.705,1.66839,1.6683,1.25,1
15-08-2014,00:59:33.181,1.66839,1.66828,1.25,1.25
15-08-2014,00:59:34.015,1.66839,1.66828,1.19,1
15-08-2014,00:59:42.325,1.6684,1.66827,1.37,3.57
15-08-2014,00:59:47.785,1.6684,1.66829,1.37,1
15-08-2014,00:59:47.886,1.66841,1.66831,1.2,1
15-08-2014,00:59:47.987,1.66842,1.66832,1,1.77
15-08-2014,00:59:48.038,1.66842,1.66831,1,1.09
15-08-2014,00:59:48.549,1.66844,1.6683,1.29,4.02
15-08-2014,00:59:48.909,1.66844,1.6683,1.29,2.14
15-08-2014,00:59:49.424,1.66844,1.6683,2.52,1.32
15-08-2014,00:59:53.284,1.66843,1.6683,1.37,1.25
15-08-2014,00:59:56.047,1.66839,1.66829,1.19,1.13
15-08-2014,00:59:56.613,1.66839,1.66826,1.19,3.27
15-08-2014,00:59:58.047,1.66839,1.66827,1.19,1.25
15-08-2014,00:59:58.923,1.66836,1.66826,1,1.29
15-08-2014,00:59:58.974,1.66836,1.66825,1.25,1.25
15-08-2014,00:59:59.083,1.66835,1.66825,1.19,1
15-08-2014,00:59:59.336,1.66834,1.6682,1.84,1.69
15-08-2014,01:00:01.345,1.66831,1.6682,1,1.19
15-08-2014,01:00:02.120,1.66832,1.66818,1.69,4.84
15-08-2014,01:00:03.384,1.66833,1.66818,1.29,4.84
15-08-2014,01:00:05.367,1.66834,1.6682,2.22,1.69
15-08-2014,01:00:05.872,1.66836,1.66822,1.74,1.19
15-08-2014,01:00:06.378,1.66836,1.66824,1.55,1.19
15-08-2014,01:00:06.530,1.66839,1.66825,3.19,1.37
15-08-2014,01:00:06.580,1.66839,1.66826,2.44,1.29
15-08-2014,01:00:07.089,1.66841,1.66826,1.37,2.52
15-08-2014,01:00:07.604,1.66842,1.66827,3.64,1.69
15-08-2014,01:00:14.420,1.66842,1.66828,2.14,1.57
15-08-2014,01:00:18.640,1.66842,1.6683,1.95,1.19
15-08-2014,01:00:20.028,1.66842,1.66829,2.14,1.32
15-08-2014,01:00:20.789,1.66842,1.66829,1.39,1.32
15-08-2014,01:00:26.128,1.66842,1.66829,1.39,1.32
15-08-2014,01:00:29.961,1.66842,1.66828,2.14,2.52
15-08-2014,01:00:42.387,1.66842,1.66828,1.84,1.32
15-08-2014,01:00:43.443,1.66842,1.66827,2.59,3.27
15-08-2014,01:01:01.320,1.66841,1.66827,1.18,2.44
15-08-2014,01:01:01.835,1.66841,1.66827,1.37,3.19
15-08-2014,01:01:10.099,1.66841,1.66827,1.18,2.44
15-08-2014,01:01:10.618,1.66841,1.66827,1.37,3.19
15-08-2014,01:01:21.140,1.6684,1.66827,1.02,1.19
15-08-2014,01:01:22.318,1.66841,1.66827,1.84,3.19
15-08-2014,01:01:39.268,1.66842,1.66828,1.77,1.69
15-08-2014,01:01:40.284,1.66842,1.66828,2.52,1.19
15-08-2014,01:01:41.882,1.66842,1.6683,1.58,1.19
15-08-2014,01:01:44.257,1.66843,1.6683,3.19,1.19
15-08-2014,01:01:51.159,1.66843,1.66828,3.94,2.44
15-08-2014,01:02:23.654,1.66843,1.66829,3.19,1.69
15-08-2014,01:02:28.539,1.66842,1.6683,1.58,1.19
15-08-2014,01:02:30.351,1.6684,1.6683,1,1.19
15-08-2014,01:02:30.876,1.66842,1.6683,1.58,1.19
15-08-2014,01:02:31.394,1.6684,1.6683,1,1.19
15-08-2014,01:02:31.908,1.6684,1.66831,1,1.19
15-08-2014,01:02:32.427,1.66842,1.66831,1.58,1.19
15-08-2014,01:02:32.939,1.66842,1.6683,1.58,1.19
15-08-2014,01:02:36.141,1.66842,1.66829,2.52,1.69
15-08-2014,01:02:45.276,1.66841,1.66829,1.32,1.19
15-08-2014,01:02:46.307,1.66841,1.66829,1.13,1.69
15-08-2014,01:02:51.094,1.66841,1.6683,1.13,1.19
15-08-2014,01:02:54.002,1.66841,1.66829,1.13,1.69
15-08-2014,01:02:54.973,1.66841,1.6683,1.13,1.19
15-08-2014,01:02:56.377,1.66841,1.66829,1.13,1.69
15-08-2014,01:03:01.121,1.66841,1.6683,1.13,1.19
15-08-2014,01:03:01.781,1.66839,1.6683,1,1.19
15-08-2014,01:03:01.832,1.66839,1.66829,1,1.19
15-08-2014,01:03:01.895,1.66837,1.66829,1,1.19
15-08-2014,01:03:02.799,1.66837,1.66828,1,1.19
15-08-2014,01:03:05.893,1.66837,1.66828,1,1.25
15-08-2014,01:03:06.936,1.66837,1.66828,1,1.19
15-08-2014,01:03:13.956,1.66837,1.66825,1,2.59
15-08-2014,01:03:14.007,1.66832,1.66825,1,2.44
15-08-2014,01:03:14.108,1.66832,1.66825,1,1.25
15-08-2014,01:03:14.413,1.6683,1.66822,1,2.07
15-08-2014,01:03:14.514,1.66833,1.66823,1,1.69
15-08-2014,01:03:14.615,1.66835,1.66823,1,3.34
15-08-2014,01:03:14.717,1.66833,1.66823,1,3.27
15-08-2014,01:03:15.374,1.66835,1.66824,1,1.39
15-08-2014,01:03:15.425,1.66835,1.66825,1,1.29
15-08-2014,01:03:15.475,1.66837,1.66825,1.13,1.29
15-08-2014,01:03:15.987,1.66837,1.66825,1,3.27
15-08-2014,01:03:20.081,1.66839,1.66826,1.02,1.94
15-08-2014,01:03:20.856,1.66837,1.66826,1.25,1.02
15-08-2014,01:03:21.160,1.66835,1.66824,1.19,3.15
15-08-2014,01:03:21.262,1.66835,1.66824,1.69,1
15-08-2014,01:03:21.783,1.66835,1.66823,1.69,1.2
15-08-2014,01:03:22.347,1.66834,1.66823,1.19,1.2
15-08-2014,01:03:22.857,1.66834,1.66822,1.19,1
15-08-2014,01:03:24.185,1.66833,1.6682,1.19,1.47
15-08-2014,01:03:27.552,1.66831,1.6682,1,1.57
15-08-2014,01:03:28.079,1.6683,1.66819,1,2.14
15-08-2014,01:03:30.342,1.66831,1.66819,1,5.52
15-08-2014,01:03:33.153,1.66831,1.66819,1.77,4.69
15-08-2014,01:03:39.565,1.6683,1.66819,1,3.19
15-08-2014,01:03:40.088,1.66829,1.66819,1,3.94
15-08-2014,01:03:40.324,1.66831,1.66819,1.1,3.94
15-08-2014,01:03:40.839,1.66831,1.66819,1.02,1.19
15-08-2014,01:03:41.891,1.66831,1.66817,1.29,1.77
15-08-2014,01:03:44.412,1.66831,1.66819,1.02,1.19
15-08-2014,01:03:46.112,1.66831,1.66819,1.29,1.25
15-08-2014,01:03:53.428,1.66831,1.66819,1.25,1.29
15-08-2014,01:03:55.097,1.66831,1.66821,1.13,1.19
15-08-2014,01:03:57.197,1.66831,1.6682,1.13,1.19
15-08-2014,01:03:58.599,1.66831,1.66819,1,1.29
15-08-2014,01:04:06.948,1.66831,1.66818,1.25,1.84
15-08-2014,01:04:09.449,1.66831,1.66819,1,1.29
15-08-2014,01:04:11.854,1.66831,1.6682,1,1.32
15-08-2014,01:04:13.522,1.66831,1.6682,1.25,1.25
15-08-2014,01:04:18.966,1.66831,1.66819,1.19,1.02
15-08-2014,01:04:25.162,1.66831,1.66819,1.25,1.29
15-08-2014,01:04:30.060,1.66831,1.66822,1,1.19
15-08-2014,01:04:30.161,1.66831,1.6682,1,1.19
15-08-2014,01:04:39.081,1.66831,1.6682,1.25,1.25
15-08-2014,01:04:47.588,1.66831,1.66819,1,1.77
15-08-2014,01:04:48.105,1.66833,1.66819,1.19,1.69
15-08-2014,01:04:51.021,1.66833,1.66819,1.69,1.09
15-08-2014,01:04:51.300,1.66833,1.6682,1.25,1.39
15-08-2014,01:04:53.426,1.66834,1.66821,1.25,1.47
15-08-2014,01:04:54.411,1.66834,1.66822,1,1.29
15-08-2014,01:04:55.391,1.66834,1.66821,1.69,1.47
15-08-2014,01:04:56.512,1.66834,1.66822,1,1.39
15-08-2014,01:04:57.652,1.66835,1.66822,1.69,1.39
15-08-2014,01:05:02.247,1.66834,1.66821,1.19,2.59
15-08-2014,01:05:02.860,1.66834,1.66821,1.77,1.25
15-08-2014,01:05:03.365,1.66834,1.66821,1.77,1.19
15-08-2014,01:05:04.885,1.66833,1.66821,1.25,1.19
15-08-2014,01:05:12.463,1.66834,1.6682,4.02,1.77
15-08-2014,01:05:16.068,1.66834,1.6682,1.77,2.52
15-08-2014,01:05:16.590,1.66832,1.6682,1.13,1.77
15-08-2014,01:05:17.094,1.66832,1.6682,1.32,1.29
15-08-2014,01:05:27.685,1.66832,1.6682,1.19,1.39
15-08-2014,01:05:30.656,1.66832,1.6682,1.25,1.39
15-08-2014,01:05:32.860,1.66833,1.6682,1.69,2.14
15-08-2014,01:05:33.567,1.66833,1.6682,1.63,1.77
15-08-2014,01:05:35.446,1.66833,1.6682,1.32,2.52
15-08-2014,01:05:36.859,1.66832,1.6682,1,2.52
15-08-2014,01:05:36.910,1.66832,1.6682,1.19,1.77
15-08-2014,01:05:48.734,1.66832,1.6682,1.25,1.32
15-08-2014,01:05:55.117,1.66833,1.6682,1.02,2.14
15-08-2014,01:05:55.218,1.66833,1.66822,1,1.29
15-08-2014,01:05:56.177,1.66834,1.66822,1,2.22
15-08-2014,01:05:59.105,1.66834,1.66822,1.25,2.22
15-08-2014,01:06:06.642,1.66833,1.66822,1,1.32
15-08-2014,01:06:06.945,1.66833,1.66822,2.25,1.19
15-08-2014,01:06:07.450,1.66833,1.66821,2.52,1.25
15-08-2014,01:06:09.378,1.66833,1.6682,2.52,1.19
15-08-2014,01:06:12.653,1.66834,1.66822,3.15,1.19
15-08-2014,01:06:13.158,1.66834,1.66821,3.19,1.29
15-08-2014,01:06:13.209,1.66834,1.66821,1.32,1.39
15-08-2014,01:06:13.752,1.66835,1.66822,1.77,1.19
15-08-2014,01:06:14.953,1.66836,1.66822,1.84,2.07
15-08-2014,01:06:36.279,1.66835,1.66822,1.69,1.47
15-08-2014,01:06:41.087,1.66835,1.66822,1.69,2.22
15-08-2014,01:06:56.195,1.66835,1.66822,1.69,1.39
15-08-2014,01:07:20.210,1.66833,1.66822,1,1.77
15-08-2014,01:07:20.752,1.66833,1.66822,1.19,1
15-08-2014,01:07:21.220,1.66834,1.66822,1.69,1.19
15-08-2014,01:07:26.356,1.66835,1.66822,1.77,2.07
15-08-2014,01:07:35.450,1.66836,1.66822,2.59,2.44
15-08-2014,01:07:36.971,1.66836,1.66822,1.84,3.19
15-08-2014,01:07:50.169,1.66836,1.66822,4.84,1.69
15-08-2014,01:07:52.417,1.66836,1.66822,2.59,2.07
15-08-2014,01:08:00.349,1.66836,1.66825,1.84,1
15-08-2014,01:08:17.659,1.66836,1.66823,1.02,1.19
15-08-2014,01:08:18.448,1.66836,1.66823,1.02,1.69
15-08-2014,01:08:19.014,1.66837,1.66823,3.34,2.07
15-08-2014,01:08:21.521,1.66837,1.66823,4.84,1.19
15-08-2014,01:10:03.895,1.66836,1.66823,1.69,2.22
15-08-2014,01:10:14.888,1.66837,1.66824,3.19,1.29
15-08-2014,01:10:15.878,1.66836,1.66823,1.32,2.59
15-08-2014,01:10:20.394,1.66837,1.66825,1.25,1.19
15-08-2014,01:10:20.496,1.66839,1.66826,4.58,1.23
15-08-2014,01:10:21.001,1.66839,1.66827,1.19,1.09
15-08-2014,01:10:22.799,1.66841,1.66828,3.19,1.02
15-08-2014,01:10:29.435,1.66841,1.66828,2.44,1.02
15-08-2014,01:10:34.819,1.66841,1.66828,2.44,1.02
15-08-2014,01:10:37.139,1.66841,1.66828,1.69,1.02
15-08-2014,01:10:40.622,1.6684,1.66827,1.69,2.14
15-08-2014,01:10:49.548,1.6684,1.66827,1.19,1.77
15-08-2014,01:10:51.169,1.66841,1.66827,3.27,1.77
15-08-2014,01:10:52.846,1.66841,1.66827,2.52,2.14
15-08-2014,01:10:55.558,1.66839,1.66827,1.19,1.77
15-08-2014,01:11:00.427,1.66839,1.66827,1.19,1.77
15-08-2014,01:11:00.994,1.6684,1.66827,1.19,1.77
15-08-2014,01:11:02.878,1.66841,1.66827,2.44,1.84
15-08-2014,01:11:03.083,1.66841,1.66828,1,2.52
15-08-2014,01:11:03.589,1.66842,1.66829,1.77,1.32
15-08-2014,01:11:07.451,1.66842,1.66829,1.39,1.69
15-08-2014,01:11:07.761,1.66842,1.66829,1.2,2.44
15-08-2014,01:11:10.599,1.66842,1.66829,1.39,2.44
15-08-2014,01:11:12.708,1.66842,1.66829,2.14,1.69
15-08-2014,01:11:20.206,1.66842,1.66829,1.39,1.69
15-08-2014,01:11:31.409,1.66842,1.66829,2.14,2.44
15-08-2014,01:11:32.401,1.66842,1.66829,1.39,3.19
15-08-2014,01:11:32.936,1.66842,1.66829,1.39,2.44
15-08-2014,01:11:34.617,1.66842,1.66829,1.2,3.19
15-08-2014,01:11:36.733,1.66842,1.66829,1.39,2.44
15-08-2014,01:11:39.928,1.66842,1.66829,1.77,1.69
15-08-2014,01:11:41.947,1.66842,1.66829,1.77,1.69
15-08-2014,01:11:49.662,1.66842,1.66829,1.2,2.44
15-08-2014,01:11:51.619,1.66842,1.66829,1.39,2.44
15-08-2014,01:11:52.581,1.66842,1.66829,1.47,2.44
15-08-2014,01:11:55.836,1.66842,1.66829,1.47,1.69
15-08-2014,01:11:59.949,1.66842,1.66829,2.22,1.69
15-08-2014,01:12:01.564,1.66842,1.66829,2.59,1.32
15-08-2014,01:12:02.579,1.66842,1.66827,2.59,4.39
15-08-2014,01:12:02.883,1.66843,1.66831,3.75,1.19
15-08-2014,01:12:03.085,1.66845,1.66833,1.1,1.19
15-08-2014,01:12:03.136,1.66845,1.66833,1.77,1
15-08-2014,01:12:03.237,1.66843,1.66829,2,2.52
15-08-2014,01:12:03.540,1.66843,1.66829,2.52,1.29
15-08-2014,01:12:11.974,1.66842,1.66828,1.25,1.84
15-08-2014,01:12:14.705,1.66843,1.66829,4.02,1.29
15-08-2014,01:12:28.180,1.66842,1.66828,2.52,1.02
15-08-2014,01:12:30.927,1.66842,1.66828,2.52,1.02
15-08-2014,01:12:32.828,1.66842,1.66828,2.52,1.02
15-08-2014,01:12:39.329,1.66842,1.66828,2.52,1.02
15-08-2014,01:12:42.706,1.66842,1.66828,2.52,1.02
15-08-2014,01:12:45.526,1.66842,1.66828,2.52,1.02
15-08-2014,01:12:46.614,1.66842,1.66828,3.27,1.02
15-08-2014,01:12:50.754,1.66842,1.66828,2.52,1.77
15-08-2014,01:12:54.619,1.66842,1.66829,2.14,1.69
15-08-2014,01:13:02.448,1.66842,1.66829,2.14,1.19
15-08-2014,01:13:03.473,1.66842,1.66829,2.14,1.69
15-08-2014,01:13:04.502,1.66842,1.66829,2.14,1.69
15-08-2014,01:13:08.042,1.66842,1.66829,2.97,1.25
15-08-2014,01:13:08.144,1.66839,1.66827,1.19,2.14
15-08-2014,01:13:11.694,1.66839,1.66828,1.25,1.25
15-08-2014,01:13:13.637,1.66838,1.66828,1,1.25
15-08-2014,01:13:14.512,1.66838,1.66826,1.25,1.74
15-08-2014,01:13:15.986,1.6684,1.66828,1.69,1
15-08-2014,01:13:19.473,1.66841,1.66828,2.14,1.25
15-08-2014,01:13:28.596,1.66839,1.66828,1.19,1
15-08-2014,01:13:34.628,1.66841,1.66828,2.22,1.19
15-08-2014,01:13:36.737,1.66841,1.66828,1.84,1.69
15-08-2014,01:13:40.103,1.66841,1.66829,1.65,1.32
15-08-2014,01:13:40.306,1.66841,1.66827,2.59,1.32
15-08-2014,01:13:41.143,1.66841,1.66826,2.22,2.14
15-08-2014,01:13:41.346,1.66839,1.66826,1.19,1.02
15-08-2014,01:13:43.751,1.66837,1.66824,1.19,1.77
15-08-2014,01:13:44.301,1.66838,1.66824,1.19,2.52
15-08-2014,01:13:44.813,1.66839,1.66826,1.69,1.02
15-08-2014,01:13:45.116,1.66839,1.66827,1.19,1.88
15-08-2014,01:13:45.218,1.66839,1.66826,1.19,1.77
15-08-2014,01:13:45.925,1.66838,1.66826,1.25,1.77
15-08-2014,01:13:46.430,1.66837,1.66826,1,1.77
15-08-2014,01:13:52.359,1.6684,1.66827,1.69,2.59
15-08-2014,01:13:53.370,1.6684,1.66829,1.19,1
15-08-2014,01:13:53.927,1.66841,1.66829,2.44,1
15-08-2014,01:13:56.133,1.66841,1.66829,1.19,1.69
15-08-2014,01:13:58.281,1.66841,1.66829,1.25,1.69
15-08-2014,01:13:59.360,1.66841,1.66829,2.44,1
15-08-2014,01:14:04.184,1.66841,1.66829,1.19,1.25
15-08-2014,01:14:07.468,1.66841,1.66829,1.69,1.1
15-08-2014,01:14:08.490,1.66841,1.66829,1.19,1.77
15-08-2014,01:14:08.940,1.6684,1.66829,1.19,2.33
15-08-2014,01:14:10.072,1.66841,1.6683,1.19,1.75
15-08-2014,01:14:11.298,1.6684,1.66829,1.19,2.33
15-08-2014,01:14:12.474,1.66841,1.66829,1.19,2.33
15-08-2014,01:14:15.603,1.66838,1.66829,1.19,2.33
15-08-2014,01:14:15.705,1.6684,1.66829,1.19,2.33
15-08-2014,01:14:17.190,1.66841,1.66829,1.19,2.33
15-08-2014,01:14:18.367,1.66839,1.6683,1.25,2.4
15-08-2014,01:14:18.570,1.66841,1.66829,1.69,1.58
15-08-2014,01:14:19.773,1.6684,1.66829,1.69,1.1
15-08-2014,01:14:24.378,1.66841,1.66828,1.69,1.84
15-08-2014,01:14:26.201,1.66839,1.66829,1.19,1.1
15-08-2014,01:14:28.384,1.6684,1.66829,1.19,1.1
15-08-2014,01:14:29.590,1.6684,1.66828,1.25,1.09
15-08-2014,01:14:33.621,1.6684,1.66829,1.69,1.1
15-08-2014,01:14:35.717,1.6684,1.66829,1.19,1.1
15-08-2014,01:14:38.048,1.6684,1.66829,1.25,1.02
15-08-2014,01:14:39.164,1.66839,1.66829,1.19,1.1
15-08-2014,01:14:40.110,1.66839,1.66829,1.25,1.1
15-08-2014,01:14:41.644,1.66839,1.66827,1.19,2.14
15-08-2014,01:14:42.911,1.66839,1.66828,1.25,1.09
15-08-2014,01:14:44.873,1.66841,1.66828,1.19,1.09
15-08-2014,01:14:45.297,1.66842,1.66833,1.69,2.25
15-08-2014,01:14:45.348,1.66843,1.66833,1.1,2.44
15-08-2014,01:14:45.551,1.66848,1.66835,1.95,3.94
15-08-2014,01:14:45.652,1.66849,1.66837,1.69,1.37
15-08-2014,01:14:45.955,1.66851,1.66838,2.07,1.77
15-08-2014,01:14:46.639,1.66851,1.66838,2.07,2.52
15-08-2014,01:14:48.161,1.66848,1.66838,1,1.77
15-08-2014,01:14:48.262,1.66848,1.66838,1,1.02
15-08-2014,01:14:48.464,1.66847,1.66834,1.25,3.27
15-08-2014,01:14:48.988,1.66846,1.66834,1,2.52
15-08-2014,01:14:49.891,1.66846,1.66833,1.25,2.59
15-08-2014,01:14:53.049,1.66846,1.66834,1,1.67
15-08-2014,01:14:55.555,1.66846,1.66834,1.25,1.02
15-08-2014,01:15:07.676,1.66846,1.66833,1.19,1.74
15-08-2014,01:15:08.524,1.66846,1.66833,1.19,1.74
15-08-2014,01:15:12.574,1.66846,1.66833,1.25,2.22
15-08-2014,01:15:14.604,1.66846,1.66834,1.5,1.39
15-08-2014,01:15:15.111,1.66847,1.66835,1.25,1.19
15-08-2014,01:15:15.313,1.66848,1.66836,1.19,1.39
15-08-2014,01:15:16.222,1.66846,1.66838,1,1
15-08-2014,01:15:16.739,1.66847,1.66836,1,1.02
15-08-2014,01:15:17.974,1.66846,1.66836,1,1.02
15-08-2014,01:15:19.520,1.66847,1.66835,1,1.47
15-08-2014,01:15:20.184,1.66847,1.66834,1.25,2.52
15-08-2014,01:15:24.703,1.66848,1.66835,1.69,1.47
15-08-2014,01:15:28.831,1.66845,1.66833,1,2.52
15-08-2014,01:15:33.329,1.66844,1.66833,1,1.67
15-08-2014,01:15:33.703,1.66842,1.66833,1,1.19
15-08-2014,01:15:33.805,1.66844,1.66833,1,1.19
15-08-2014,01:15:33.906,1.66842,1.66833,1,1.19
15-08-2014,01:15:34.430,1.66843,1.66832,1,1.19
15-08-2014,01:15:35.882,1.66844,1.66832,1.5,1.19
15-08-2014,01:15:36.830,1.66844,1.66831,1.69,1.77
15-08-2014,01:15:38.115,1.66844,1.66832,1.5,1.32
15-08-2014,01:15:40.255,1.66844,1.66831,1.69,3.27
15-08-2014,01:15:44.125,1.66843,1.66831,1.1,1.69
15-08-2014,01:15:45.930,1.66843,1.6683,1.77,3.19
15-08-2014,01:15:49.756,1.66842,1.6683,1,1.69
15-08-2014,01:15:50.264,1.66841,1.6683,1,1.69
15-08-2014,01:15:51.165,1.66841,1.66829,1,3.27
15-08-2014,01:15:51.685,1.66842,1.6683,1,1.69
15-08-2014,01:15:54.393,1.66841,1.6683,1,1.69
15-08-2014,01:16:03.613,1.66842,1.66832,1,1.19
15-08-2014,01:16:04.124,1.66842,1.66831,1,1.19
15-08-2014,01:16:06.581,1.66842,1.6683,1,1.69
15-08-2014,01:16:08.772,1.66842,1.66831,1,1.32
15-08-2014,01:16:11.294,1.66842,1.66829,1.25,4.77
15-08-2014,01:16:11.396,1.66841,1.66829,1.19,4.02
15-08-2014,01:16:11.953,1.66841,1.66827,1.77,1.39
15-08-2014,01:16:20.385,1.66836,1.66827,1,3.27
15-08-2014,01:16:20.436,1.66836,1.66825,1,2.52
15-08-2014,01:16:20.537,1.66836,1.66825,1.02,1.25
15-08-2014,01:16:20.690,1.66834,1.66823,1.13,1.19
15-08-2014,01:16:20.741,1.66834,1.66821,1.32,2.97
15-08-2014,01:16:40.534,1.66833,1.66821,1,1.69
15-08-2014,01:16:42.612,1.66833,1.66821,1.25,1.29
15-08-2014,01:16:55.160,1.66832,1.66821,1,1.29
15-08-2014,01:17:33.072,1.66832,1.66819,1.25,2.59
15-08-2014,01:17:34.344,1.66832,1.6682,1,1.29
15-08-2014,01:17:44.895,1.66832,1.66819,1.69,1.37
15-08-2014,01:17:45.877,1.66832,1.66819,1.69,1.02
15-08-2014,01:18:05.210,1.66832,1.66819,1.69,1.37
15-08-2014,01:18:12.137,1.66832,1.6682,1.5,1.19
15-08-2014,01:18:15.131,1.66832,1.66819,2.44,1.29
15-08-2014,01:18:19.540,1.66832,1.66818,2.44,1.37
15-08-2014,01:18:27.347,1.66832,1.66819,2.44,1.29
15-08-2014,01:18:32.154,1.66832,1.66818,1.69,1.37
15-08-2014,01:18:33.475,1.66832,1.66819,1.69,1.29
15-08-2014,01:18:39.053,1.66832,1.66818,1.19,1.37
15-08-2014,01:18:42.485,1.66832,1.66819,1.25,1.29
15-08-2014,01:18:52.068,1.66832,1.66818,1.69,1.77
15-08-2014,01:19:07.104,1.66831,1.6682,1,1.19
15-08-2014,01:19:08.115,1.66831,1.66821,1.5,1.19
15-08-2014,01:19:09.319,1.66831,1.6682,1.5,1.19
15-08-2014,01:19:14.491,1.66831,1.66819,1.5,1.39
15-08-2014,01:19:17.922,1.66831,1.6682,1,1.37
15-08-2014,01:19:21.925,1.66832,1.6682,1,1.37
15-08-2014,01:19:22.650,1.66832,1.66821,1,1.29
15-08-2014,01:19:34.656,1.66832,1.6682,1.13,1.19
15-08-2014,01:19:39.459,1.66832,1.66819,1.32,1.39
15-08-2014,01:19:43.328,1.66831,1.66819,1,1.39
15-08-2014,01:19:43.632,1.66829,1.66819,1,1.29
15-08-2014,01:19:45.452,1.66829,1.66818,1,3.34
15-08-2014,01:19:50.415,1.66831,1.66818,1.32,3.34
15-08-2014,01:19:51.176,1.66833,1.66819,3.27,1.77
15-08-2014,01:19:52.930,1.6683,1.66819,1,1.29
15-08-2014,01:19:53.598,1.6683,1.66818,1,1.84
15-08-2014,01:19:54.103,1.6683,1.66821,1,1.1
15-08-2014,01:19:57.480,1.6683,1.66818,1.5,2.44
15-08-2014,01:19:58.034,1.6683,1.66821,1.5,1
15-08-2014,01:19:58.388,1.66833,1.66822,1.29,1
15-08-2014,01:19:58.539,1.66834,1.66822,1.25,1.32
15-08-2014,01:19:59.473,1.66835,1.66823,3.08,1.69
15-08-2014,01:20:08.087,1.66835,1.66823,1.02,1.32
15-08-2014,01:20:08.825,1.66837,1.66826,1.58,1.19
15-08-2014,01:20:08.926,1.66837,1.66824,1.25,4.09
15-08-2014,01:20:09.433,1.66838,1.66827,1.19,1.1
15-08-2014,01:20:09.945,1.6684,1.66828,1.69,1
15-08-2014,01:20:10.926,1.6684,1.66828,1.19,1.69
15-08-2014,01:20:11.733,1.66839,1.66827,1.69,1.1
15-08-2014,01:20:19.939,1.66839,1.66827,1.19,1.02
15-08-2014,01:20:23.022,1.66839,1.66827,1.69,1.1
15-08-2014,01:20:23.613,1.66839,1.66827,1.25,1.29
15-08-2014,01:20:24.185,1.66839,1.66829,1.25,1
15-08-2014,01:20:32.238,1.66839,1.66829,1.19,1
15-08-2014,01:20:46.856,1.6684,1.6683,2.07,1
15-08-2014,01:20:47.398,1.66841,1.66831,2.14,1
15-08-2014,01:20:48.049,1.66841,1.66831,1.39,1
15-08-2014,01:20:48.615,1.66841,1.66832,1.39,1
15-08-2014,01:20:49.741,1.66841,1.66832,1.39,1
15-08-2014,01:20:50.246,1.66841,1.66831,1.39,1
15-08-2014,01:20:52.148,1.66841,1.66832,1.39,1
15-08-2014,01:20:52.603,1.66843,1.66834,2.07,1
15-08-2014,01:20:52.705,1.66843,1.66834,1.39,1
15-08-2014,01:20:53.226,1.66845,1.66835,2.52,1
15-08-2014,01:20:54.098,1.66845,1.66834,2.04,1
15-08-2014,01:20:54.647,1.66845,1.66833,1.67,1.25
15-08-2014,01:20:55.102,1.66845,1.66835,1.57,1
15-08-2014,01:20:56.665,1.66845,1.66835,1.32,1
15-08-2014,01:21:06.643,1.66845,1.66836,1.32,1
15-08-2014,01:21:09.606,1.66846,1.66838,1.5,1
15-08-2014,01:21:09.707,1.66847,1.66838,1.1,1
15-08-2014,01:21:13.162,1.66849,1.6684,2.52,1
15-08-2014,01:21:13.667,1.66849,1.66839,1.77,1
15-08-2014,01:21:14.172,1.66849,1.66838,1.3,1.69
15-08-2014,01:21:14.475,1.6685,1.66838,1.5,2.44
15-08-2014,01:21:14.585,1.66849,1.66836,1.3,4.32
15-08-2014,01:21:14.737,1.66846,1.66835,1.5,1
15-08-2014,01:21:14.889,1.66844,1.66834,1.19,1
15-08-2014,01:21:15.395,1.66844,1.66831,1.32,1.3
15-08-2014,01:21:19.092,1.66843,1.6683,1.32,1.98
15-08-2014,01:21:20.189,1.66844,1.66831,1.57,1.3
15-08-2014,01:21:27.031,1.66843,1.6683,1.57,1.98
15-08-2014,01:21:45.958,1.66843,1.66831,1.32,1.3
15-08-2014,01:21:54.975,1.66842,1.66828,1.19,1.69
15-08-2014,01:21:56.649,1.66842,1.66829,1.25,2.07
15-08-2014,01:22:01.384,1.6684,1.66828,1.19,1.5
15-08-2014,01:22:01.898,1.6684,1.66828,1.69,1
15-08-2014,01:22:02.403,1.6684,1.66827,1.69,1.32
15-08-2014,01:22:07.044,1.66839,1.66828,1.19,1
15-08-2014,01:22:11.495,1.66839,1.66828,1.25,1.25
15-08-2014,01:22:14.969,1.6684,1.66827,1.69,2.07
15-08-2014,01:22:15.272,1.6684,1.66825,1.69,3.57
15-08-2014,01:22:23.784,1.6684,1.66827,1.19,1.19
15-08-2014,01:22:26.631,1.6684,1.66829,1.19,1
15-08-2014,01:22:27.136,1.6684,1.66829,1.25,1.25
15-08-2014,01:22:30.407,1.6684,1.66829,1.19,1
15-08-2014,01:22:30.997,1.6684,1.66827,1.19,1.57
15-08-2014,01:22:37.740,1.6684,1.66827,2.44,1.57
15-08-2014,01:22:38.740,1.6684,1.66828,1.69,1.25
15-08-2014,01:22:40.163,1.6684,1.66828,1.69,1
15-08-2014,01:22:40.703,1.6684,1.66826,1.69,1.57
15-08-2014,01:22:41.213,1.6684,1.66826,1.19,2.07
15-08-2014,01:22:47.238,1.6684,1.66827,1.02,1.69
15-08-2014,01:22:51.300,1.66839,1.66827,1,1.69
15-08-2014,01:22:52.260,1.66839,1.66827,1.25,1.69
15-08-2014,01:22:54.158,1.66839,1.66827,1,2.44
15-08-2014,01:22:55.578,1.6684,1.66827,2.52,1.69
15-08-2014,01:22:57.204,1.6684,1.66826,2.52,2.14
15-08-2014,01:23:06.203,1.66839,1.66827,1.25,1.67
15-08-2014,01:23:08.389,1.6684,1.66828,1.25,1.19
15-08-2014,01:23:18.297,1.6684,1.66828,2.44,1
15-08-2014,01:23:20.175,1.6684,1.66829,2.44,1
15-08-2014,01:23:20.680,1.6684,1.66828,1.69,1.5
15-08-2014,01:23:21.191,1.6684,1.66829,1.69,1
15-08-2014,01:23:21.708,1.6684,1.66828,1.69,1.5
15-08-2014,01:23:29.137,1.6684,1.66828,1,2.44
15-08-2014,01:23:30.211,1.6684,1.66829,1,1.19
15-08-2014,01:23:40.012,1.66841,1.66829,1.88,1.69
15-08-2014,01:23:40.063,1.66841,1.66829,1.32,1.25
15-08-2014,01:23:46.066,1.66841,1.66829,1.32,1.19
15-08-2014,01:23:47.025,1.66841,1.66829,1.13,1.69
15-08-2014,01:23:48.263,1.66842,1.66829,2.44,1.25
15-08-2014,01:23:51.881,1.66842,1.66829,1.69,1.19
15-08-2014,01:24:02.163,1.66842,1.66828,1.69,1.32
15-08-2014,01:24:03.165,1.66841,1.66828,1.32,2.07
15-08-2014,01:24:05.070,1.66841,1.66828,1.32,1.69
15-08-2014,01:24:11.266,1.66841,1.66828,1.32,2.44
15-08-2014,01:24:11.785,1.66841,1.66829,1.32,1
15-08-2014,01:24:14.817,1.66842,1.66829,1.69,1.19
15-08-2014,01:24:15.908,1.66842,1.66829,1.69,1.25
15-08-2014,01:24:20.281,1.66843,1.66829,3.19,1.19
15-08-2014,01:24:21.404,1.66842,1.66829,1.69,1.25
15-08-2014,01:24:25.134,1.66843,1.66829,3.19,1.19
15-08-2014,01:24:34.911,1.66842,1.66828,2.44,1.69
15-08-2014,01:24:38.040,1.66842,1.66828,1.69,2.44
15-08-2014,01:24:43.657,1.6684,1.66828,1.19,3.75
15-08-2014,01:24:50.581,1.66841,1.66828,1.32,2.44
15-08-2014,01:24:53.203,1.66842,1.66828,1.69,3.94
15-08-2014,01:24:54.178,1.66843,1.66828,1.94,4.69
15-08-2014,01:25:06.696,1.66842,1.66829,1.09,1.19
15-08-2014,01:25:06.798,1.66842,1.66828,1.09,3.75
15-08-2014,01:25:07.319,1.66842,1.66828,1.84,3.94
15-08-2014,01:25:08.798,1.66842,1.66828,1.09,4.69
15-08-2014,01:25:12.193,1.66842,1.66831,1.02,1
15-08-2014,01:25:12.597,1.66843,1.66833,2.04,1
15-08-2014,01:25:12.850,1.66846,1.66835,1.69,1
15-08-2014,01:25:13.305,1.66847,1.66836,1.1,1.13
15-08-2014,01:25:13.356,1.66849,1.66837,1.95,1
15-08-2014,01:25:13.406,1.66849,1.66837,2.14,1
15-08-2014,01:25:13.710,1.66848,1.66839,1.19,1
15-08-2014,01:25:18.331,1.6685,1.66839,1.32,1
15-08-2014,01:25:21.149,1.6685,1.66838,1.32,1.5
15-08-2014,01:25:21.658,1.66849,1.66836,2.44,1.09
15-08-2014,01:25:22.062,1.66847,1.66834,1.19,1.09
15-08-2014,01:25:31.755,1.66848,1.66835,2.44,1.2
15-08-2014,01:25:31.806,1.6685,1.66835,3.57,1.95
15-08-2014,01:25:33.041,1.66848,1.66835,1.19,2.14
15-08-2014,01:25:34.061,1.66849,1.66835,1.19,2.14
15-08-2014,01:25:38.290,1.66848,1.66835,1.19,1.39
15-08-2014,01:25:42.181,1.66849,1.66835,2.44,1.77
15-08-2014,01:25:59.978,1.66849,1.66835,2.59,1.19
15-08-2014,01:26:11.324,1.66848,1.66835,1.29,1.25
15-08-2014,01:26:16.543,1.66848,1.66835,1.39,1.19
15-08-2014,01:26:17.798,1.66848,1.66835,1.77,1.25
15-08-2014,01:26:19.922,1.66848,1.66835,1.29,1.19
15-08-2014,01:26:41.674,1.66848,1.66835,1.19,1.02
15-08-2014,01:26:44.883,1.66849,1.66835,1.77,1.29
15-08-2014,01:26:54.852,1.66848,1.66833,1.69,2.89
15-08-2014,01:26:58.787,1.66845,1.66833,1,2.52
15-08-2014,01:26:59.302,1.66846,1.66833,1.25,1.77
15-08-2014,01:26:59.808,1.66845,1.66833,1,1.77
15-08-2014,01:27:06.913,1.66846,1.66833,1.25,1.77
15-08-2014,01:27:07.994,1.66846,1.66833,1.69,1.02
15-08-2014,01:27:20.662,1.66845,1.66832,1.25,1.32
15-08-2014,01:27:32.688,1.66844,1.66832,1,1.32
15-08-2014,01:27:33.202,1.66845,1.66832,1.25,1.32
15-08-2014,01:27:34.087,1.66844,1.66832,1,1.32
15-08-2014,01:27:40.340,1.66845,1.66832,1.25,1.69
15-08-2014,01:27:42.148,1.66845,1.66833,1,1.32
15-08-2014,01:27:42.556,1.66843,1.66833,1,1.19
15-08-2014,01:27:43.073,1.66842,1.66833,1,1.32
15-08-2014,01:27:43.581,1.66843,1.66832,1,1.57
15-08-2014,01:27:50.615,1.66845,1.66832,1.69,1.32
15-08-2014,01:27:53.318,1.66845,1.66833,1.69,2.82
15-08-2014,01:27:53.823,1.66844,1.66833,1,1.19
15-08-2014,01:27:54.327,1.66843,1.66833,1,1.19
15-08-2014,01:27:54.837,1.66843,1.66832,1,1.32
15-08-2014,01:28:07.659,1.66844,1.66832,1,1.32
15-08-2014,01:28:15.133,1.66843,1.66832,1,1.39
15-08-2014,01:28:16.310,1.66844,1.66832,1,1.39
15-08-2014,01:28:16.835,1.66845,1.66832,1.32,1.64
15-08-2014,01:28:24.340,1.66844,1.66831,1.69,2.07
15-08-2014,01:28:25.688,1.66843,1.66831,1.69,1.32
15-08-2014,01:28:29.308,1.66841,1.66831,1,1.32
15-08-2014,01:28:29.885,1.66844,1.66831,1.94,1.32
15-08-2014,01:28:30.037,1.66844,1.6683,1.94,3.64
15-08-2014,01:28:30.550,1.66843,1.66831,1.5,1.27
15-08-2014,01:28:31.065,1.66843,1.66831,1.5,1.27
15-08-2014,01:28:31.575,1.66843,1.66831,1,2.89
15-08-2014,01:28:32.834,1.66844,1.66831,1.69,6.27
15-08-2014,01:28:33.339,1.66843,1.66831,1,6.27
15-08-2014,01:28:38.132,1.66842,1.66831,1,6.27
15-08-2014,01:28:39.016,1.66843,1.66831,1,6.27
15-08-2014,01:28:39.521,1.66844,1.66831,1.25,7.02
15-08-2014,01:28:40.025,1.66844,1.66832,1.25,1.32
15-08-2014,01:28:40.950,1.66845,1.66832,1.69,2.07
15-08-2014,01:28:51.691,1.66845,1.66831,1.19,7.02
15-08-2014,01:28:57.635,1.66842,1.66831,1,1.29
15-08-2014,01:28:58.140,1.66842,1.6683,1.13,1.19
15-08-2014,01:29:03.694,1.66842,1.66829,1.32,1.39
15-08-2014,01:29:06.073,1.66842,1.66831,1.13,1.19
15-08-2014,01:29:06.653,1.66843,1.66831,1.2,1.69
15-08-2014,01:29:12.680,1.66843,1.66831,2.14,1
15-08-2014,01:29:13.187,1.66842,1.6683,1,1.69
15-08-2014,01:29:18.613,1.66842,1.66829,1.32,1.47
15-08-2014,01:29:20.090,1.66842,1.66829,1.32,2.22
15-08-2014,01:29:40.467,1.66842,1.66829,1.32,2.22
15-08-2014,01:29:41.055,1.66842,1.6683,1.13,1.29
15-08-2014,01:29:56.673,1.66842,1.66829,1.32,1.47
15-08-2014,01:30:17.084,1.66843,1.6683,2.44,1.29
15-08-2014,01:30:17.599,1.66841,1.6683,1,1.29
15-08-2014,01:30:22.412,1.66841,1.66829,1,2.89
15-08-2014,01:30:23.705,1.66841,1.66829,1.25,2.14
15-08-2014,01:30:24.422,1.66841,1.66831,1,1.67
15-08-2014,01:30:24.726,1.66842,1.66836,1.13,1
15-08-2014,01:30:25.029,1.6684,1.66836,1,1
15-08-2014,01:30:25.579,1.66842,1.66836,1,1
15-08-2014,01:30:26.084,1.66841,1.66836,1,1
15-08-2014,01:30:26.877,1.6684,1.66836,1,1
15-08-2014,01:30:27.129,1.66842,1.66836,1,1
15-08-2014,01:30:27.657,1.66843,1.66836,1,1
15-08-2014,01:30:28.318,1.66841,1.66836,1,1
15-08-2014,01:30:28.637,1.66843,1.66836,1,1
15-08-2014,01:30:29.147,1.66844,1.66836,1,1
15-08-2014,01:30:53.871,1.66843,1.66836,1,1
15-08-2014,01:30:54.423,1.66841,1.66836,1,1
15-08-2014,01:30:55.187,1.66842,1.66836,1,1
15-08-2014,01:30:55.715,1.66843,1.66836,1,1
15-08-2014,01:30:56.587,1.66844,1.66836,1,1.25
15-08-2014,01:30:57.822,1.66845,1.66836,1,1.25
15-08-2014,01:30:58.130,1.66843,1.66836,1,1
15-08-2014,01:30:58.645,1.66842,1.66836,1,1
15-08-2014,01:31:01.002,1.66844,1.66836,1,1.13
15-08-2014,01:31:31.819,1.66844,1.66836,1,2.04
15-08-2014,01:31:32.122,1.66846,1.6684,1,1
15-08-2014,01:31:32.883,1.66847,1.6684,1,1
15-08-2014,01:31:33.186,1.66845,1.66842,1,1
15-08-2014,01:31:35.094,1.66847,1.66842,1,1
15-08-2014,01:31:42.896,1.66848,1.66842,1,1
15-08-2014,01:31:43.149,1.66845,1.66842,1,1
15-08-2014,01:31:48.625,1.66846,1.66842,1,1
15-08-2014,01:31:49.080,1.66845,1.6684,1,1.18
15-08-2014,01:31:49.344,1.66843,1.66837,1,1.39
15-08-2014,01:31:49.598,1.66842,1.66837,1,1.39
15-08-2014,01:31:50.128,1.66842,1.66837,1,1.39
15-08-2014,01:31:50.179,1.66845,1.66837,1,1.39
15-08-2014,01:31:50.230,1.66845,1.6684,1,1
15-08-2014,01:31:50.735,1.66846,1.6684,1,1
15-08-2014,01:32:00.165,1.66845,1.6684,1,1
15-08-2014,01:32:02.163,1.66846,1.6684,1,1
15-08-2014,01:32:02.669,1.66845,1.6684,1,1
15-08-2014,01:32:41.559,1.66846,1.6684,1,1
15-08-2014,01:32:48.814,1.66845,1.6684,1,1
15-08-2014,01:32:49.369,1.66844,1.6684,1,1
15-08-2014,01:32:54.621,1.66845,1.6684,1,1
15-08-2014,01:32:55.194,1.66844,1.6684,1,1
15-08-2014,01:32:59.126,1.66845,1.6684,1,1
15-08-2014,01:33:06.382,1.66844,1.6684,1,1
15-08-2014,01:33:14.420,1.66845,1.6684,1,1
15-08-2014,01:33:29.845,1.66843,1.6684,1,1
15-08-2014,01:33:29.998,1.66843,1.66837,1,1
15-08-2014,01:33:30.406,1.66841,1.66837,1,1
15-08-2014,01:33:33.895,1.66842,1.66837,1,1
15-08-2014,01:33:42.594,1.6684,1.66837,1,1
15-08-2014,01:33:43.110,1.66841,1.66837,1,1
15-08-2014,01:33:43.363,1.66841,1.66837,1,1
15-08-2014,01:33:51.389,1.6684,1.66837,1,1
15-08-2014,01:33:56.141,1.66841,1.66837,1,1
15-08-2014,01:33:56.192,1.66841,1.66835,1,1
15-08-2014,01:34:16.402,1.66841,1.66833,1,1.25
15-08-2014,01:34:28.734,1.66841,1.66832,1,1.25
15-08-2014,01:34:31.618,1.66841,1.66832,1,1.19
15-08-2014,01:34:35.194,1.66841,1.66832,1,1.25
15-08-2014,01:34:38.797,1.66842,1.66832,1.69,1
15-08-2014,01:34:41.156,1.66842,1.66832,1.69,1
15-08-2014,01:34:41.773,1.66842,1.66832,1.5,1.25
15-08-2014,01:34:47.378,1.66842,1.66834,1.5,1
15-08-2014,01:34:56.405,1.66842,1.66834,1.69,1
15-08-2014,01:35:00.495,1.66842,1.66834,1.5,1
15-08-2014,01:35:06.075,1.66842,1.66834,1.69,1
15-08-2014,01:35:06.619,1.66842,1.66834,1.5,1
15-08-2014,01:35:25.195,1.66842,1.66834,1.69,1
15-08-2014,01:35:30.202,1.66839,1.66834,1,1
15-08-2014,01:35:33.373,1.66841,1.66834,1,1
15-08-2014,01:35:52.183,1.66842,1.66834,1.13,1
15-08-2014,01:35:57.492,1.66842,1.66834,1.32,1
15-08-2014,01:35:58.457,1.66842,1.66834,1.32,1
15-08-2014,01:36:12.926,1.66842,1.66829,1.69,1.84
15-08-2014,01:36:17.594,1.66842,1.6683,2.25,1.29
15-08-2014,01:36:20.115,1.66842,1.6683,2.44,1.29
15-08-2014,01:36:21.895,1.66842,1.6683,2.25,1.77
15-08-2014,01:36:24.944,1.66842,1.6683,2.07,1.09
15-08-2014,01:36:29.423,1.66842,1.6683,1.88,1.84
15-08-2014,01:36:34.158,1.66842,1.6683,2.07,1.09
15-08-2014,01:36:54.684,1.66842,1.6683,1.69,1.37
15-08-2014,01:36:55.103,1.6684,1.6683,1,1.29
15-08-2014,01:36:55.608,1.66839,1.66829,1,1.39
15-08-2014,01:36:56.693,1.66839,1.66828,1,3.34
15-08-2014,01:37:00.308,1.66839,1.66828,1.25,2.59
15-08-2014,01:37:05.313,1.66839,1.66828,1,3.34
15-08-2014,01:37:11.383,1.6684,1.66828,1,3.34
15-08-2014,01:38:08.465,1.6684,1.66829,1,1.2
15-08-2014,01:38:17.137,1.66841,1.66828,1.1,3
15-08-2014,01:38:21.054,1.66841,1.66828,1.29,3.19
15-08-2014,01:38:22.349,1.66843,1.66833,3.08,1.19
15-08-2014,01:38:22.400,1.66843,1.66834,1,1.19
15-08-2014,01:38:22.906,1.66844,1.66835,1,1.19
15-08-2014,01:38:23.568,1.66844,1.66835,1,1.69
15-08-2014,01:38:26.853,1.66844,1.66836,1,1.25
15-08-2014,01:38:33.480,1.66844,1.66834,1,3.19
15-08-2014,01:38:34.002,1.66844,1.66836,1,1.69
15-08-2014,01:38:58.838,1.66847,1.66836,1,2.04
15-08-2014,01:38:59.192,1.66843,1.66836,1,2.14
15-08-2014,01:38:59.731,1.66842,1.66836,1,2.14
15-08-2014,01:39:00.272,1.66843,1.66837,1,1.69
15-08-2014,01:39:01.206,1.66842,1.66836,1,3.64
15-08-2014,01:39:09.094,1.66842,1.66837,1,1.32
15-08-2014,01:39:14.021,1.66842,1.66836,1,1.29
15-08-2014,01:39:14.375,1.66845,1.66836,1,1.29
15-08-2014,01:39:15.673,1.66844,1.66836,1,1.39
15-08-2014,01:39:16.645,1.66844,1.66837,1,1.32
15-08-2014,01:39:17.664,1.66847,1.66837,1,1.32
15-08-2014,01:39:20.623,1.66842,1.66836,1,2.89
15-08-2014,01:39:21.129,1.66843,1.66834,1,4.77
15-08-2014,01:39:21.432,1.66841,1.66834,1,4.02
15-08-2014,01:39:21.938,1.6684,1.66833,1,2.59
15-08-2014,01:39:29.992,1.66841,1.66833,1,1.84
15-08-2014,01:39:30.663,1.66841,1.66833,1,1.37
15-08-2014,01:39:32.078,1.6684,1.66833,1,1.37
15-08-2014,01:39:33.532,1.6684,1.66833,1,1.84
15-08-2014,01:39:35.482,1.6684,1.66834,1,1.29
15-08-2014,01:39:41.672,1.6684,1.66833,1,2.22
15-08-2014,01:39:42.194,1.66842,1.66833,1,2.22
15-08-2014,01:39:45.673,1.66842,1.66833,1,1.37
15-08-2014,01:39:49.094,1.66842,1.66833,1,1.69
15-08-2014,01:39:52.984,1.66842,1.66833,1,1.19
15-08-2014,01:39:54.808,1.66842,1.66833,1,1.69
15-08-2014,01:39:55.326,1.66843,1.66833,1,1.69
15-08-2014,01:39:57.169,1.66843,1.66833,1,1.19
15-08-2014,01:39:58.699,1.66843,1.66833,1,1.19
15-08-2014,01:40:00.125,1.66845,1.66833,1,1.19
15-08-2014,01:40:07.716,1.66845,1.66834,1,1.19
15-08-2014,01:40:10.224,1.66845,1.66832,1.25,2.22
15-08-2014,01:40:11.316,1.66845,1.66831,1.29,2.14
15-08-2014,01:40:12.174,1.66844,1.66831,1.84,2.44
15-08-2014,01:40:15.125,1.66844,1.6683,1.84,1.69
15-08-2014,01:40:17.432,1.66843,1.6683,1.29,1.32
15-08-2014,01:40:17.635,1.66842,1.66831,1,1.19
15-08-2014,01:40:18.179,1.66841,1.66831,1,1.19
15-08-2014,01:40:18.701,1.6684,1.66831,1,1.19
15-08-2014,01:40:21.950,1.6684,1.6683,1,1.69
15-08-2014,01:40:26.200,1.66841,1.6683,1,2.22
15-08-2014,01:40:29.500,1.6684,1.6683,1,2.22
15-08-2014,01:40:43.118,1.66842,1.6683,1,1.84
15-08-2014,01:41:00.165,1.66842,1.66829,1.25,3.64
15-08-2014,01:41:06.362,1.66843,1.66832,1,1.19
15-08-2014,01:41:06.906,1.66843,1.66831,1,1.29
15-08-2014,01:41:11.175,1.66843,1.66829,1.19,3.64
15-08-2014,01:41:16.340,1.66841,1.66829,1,3.64
15-08-2014,01:41:16.647,1.66839,1.66829,1,2.89
15-08-2014,01:41:17.196,1.66839,1.6683,1,1.37
15-08-2014,01:41:17.884,1.66841,1.66829,1,2.89
15-08-2014,01:41:18.398,1.6684,1.66829,1,2.89
15-08-2014,01:41:19.177,1.6684,1.6683,1,1.37
15-08-2014,01:41:23.595,1.66839,1.6683,1,1.19
15-08-2014,01:41:24.418,1.66839,1.66829,1,2.82
15-08-2014,01:41:33.290,1.66839,1.66831,1,1.19
15-08-2014,01:41:33.392,1.66841,1.66831,1,1.19
15-08-2014,01:41:33.852,1.66843,1.66831,1,1.19
15-08-2014,01:41:36.916,1.66843,1.6683,1.25,1.32
15-08-2014,01:41:41.723,1.66843,1.66831,1,1.69
15-08-2014,01:41:42.821,1.66843,1.66831,1.25,1.19
15-08-2014,01:41:47.105,1.66843,1.66831,1.19,1.25
15-08-2014,01:41:49.107,1.66841,1.66831,1,1.25
15-08-2014,01:41:49.619,1.66841,1.6683,1,1.19
15-08-2014,01:41:52.956,1.66841,1.66829,1,2.44
15-08-2014,01:41:54.033,1.66841,1.6683,1,1.19
15-08-2014,01:41:54.549,1.66842,1.6683,1,1.19
15-08-2014,01:41:55.166,1.66841,1.66831,1,1.19
15-08-2014,01:41:55.267,1.66843,1.66831,1.69,1.19
15-08-2014,01:41:55.771,1.66842,1.66831,1,1.19
15-08-2014,01:41:56.366,1.66841,1.66831,1,1.19
