Date,Time,Ask,Bid,AskVolume,BidVolume
15-08-2014,00:00:00.606,0.90693,0.90682,1,1.2
15-08-2014,00:00:01.797,0.90693,0.90682,1,1.18
15-08-2014,00:00:02.305,0.90693,0.90681,1.13,1.08
15-08-2014,00:00:02.816,0.90693,0.90681,1.28,1.13
15-08-2014,00:00:08.082,0.90693,0.90681,1.13,3.08
15-08-2014,00:00:08.588,0.90693,0.90681,1.2,1.1
15-08-2014,00:00:10.694,0.90693,0.90681,1.48,1.1
15-08-2014,00:00:15.757,0.90691,0.90679,1,1.28
15-08-2014,00:00:15.965,0.90694,0.90681,1.2,2.7
15-08-2014,00:00:16.067,0.90696,0.90686,1.65,1
15-08-2014,00:00:16.423,0.90698,0.90686,1.28,1
15-08-2014,00:00:23.484,0.90698,0.90686,1.55,1
15-08-2014,00:00:29.419,0.90699,0.90686,2.03,1
15-08-2014,00:00:29.931,0.90699,0.90686,2.03,1
15-08-2014,00:00:40.930,0.90697,0.90686,1.29,1
15-08-2014,00:00:44.166,0.90698,0.90686,1.47,1.5
15-08-2014,00:00:51.537,0.90697,0.90686,1.29,1.5
15-08-2014,00:00:55.096,0.90698,0.90686,1.47,1.5
15-08-2014,00:01:01.315,0.90698,0.90686,1.32,1.58
15-08-2014,00:01:01.830,0.90698,0.90686,1.39,1.58
15-08-2014,00:01:04.174,0.90697,0.90686,1.19,1.58
15-08-2014,00:01:08.869,0.90698,0.90686,2.14,1.58
15-08-2014,00:01:18.411,0.90698,0.90684,2.07,1.72
15-08-2014,00:01:18.917,0.90698,0.90684,2.14,1.72
15-08-2014,00:01:19.422,0.90698,0.90685,1.39,1.47
15-08-2014,00:01:20.503,0.90698,0.90684,2.14,1.72
15-08-2014,00:01:21.027,0.90698,0.90684,2.07,1.74
15-08-2014,00:01:23.456,0.90698,0.90684,2.07,1.72
15-08-2014,00:01:24.495,0.90698,0.90685,1.32,1.47
15-08-2014,00:01:27.905,0.90698,0.90684,2.07,1.72
15-08-2014,00:01:40.896,0.90698,0.90684,1.19,1.72
15-08-2014,00:01:41.771,0.90699,0.90685,2.14,1.47
15-08-2014,00:01:42.843,0.90698,0.90684,1.19,1.72
15-08-2014,00:01:47.537,0.90699,0.90685,1.29,1.72
15-08-2014,00:01:48.840,0.90699,0.90685,1.37,1.47
15-08-2014,00:01:49.369,0.90699,0.90685,1.29,1.47
15-08-2014,00:01:50.514,0.90699,0.90685,1.27,1.47
15-08-2014,00:01:55.092,0.90699,0.90685,2.22,1.47
15-08-2014,00:01:55.610,0.90699,0.90685,2.22,1.47
15-08-2014,00:01:56.160,0.90699,0.90687,2.22,1
15-08-2014,00:01:58.885,0.90698,0.90687,1.19,1
15-08-2014,00:01:59.889,0.90699,0.90687,1.47,1
15-08-2014,00:02:16.087,0.90698,0.90687,1.19,1.1
15-08-2014,00:02:20.535,0.90699,0.90687,1.47,1
15-08-2014,00:02:29.372,0.90699,0.90688,1.77,1
15-08-2014,00:02:30.567,0.90699,0.90687,1.84,1
15-08-2014,00:02:35.053,0.90699,0.90685,2.22,2.22
15-08-2014,00:02:36.287,0.90699,0.90685,1.77,2.22
15-08-2014,00:02:36.912,0.90699,0.90685,1.84,2.22
15-08-2014,00:02:38.859,0.90699,0.90685,1.77,2.22
15-08-2014,00:02:39.407,0.90699,0.90685,1.84,2.22
15-08-2014,00:02:41.268,0.90699,0.90685,1.77,2.22
15-08-2014,00:02:43.888,0.90699,0.90685,1.84,2.22
15-08-2014,00:02:47.298,0.90699,0.90685,1.84,2.22
15-08-2014,00:03:10.233,0.90698,0.90687,1.29,1
15-08-2014,00:03:21.450,0.90699,0.90687,1.84,1
15-08-2014,00:03:31.478,0.90699,0.90685,1.84,2.22
15-08-2014,00:03:36.278,0.90699,0.90687,1.84,1
15-08-2014,00:04:21.208,0.90699,0.90687,1.84,1
15-08-2014,00:04:45.954,0.90698,0.90684,1.37,2.22
15-08-2014,00:04:56.171,0.90698,0.90687,1.37,1
15-08-2014,00:05:22.997,0.90699,0.90687,1.19,1
15-08-2014,00:05:26.913,0.90699,0.90685,1.37,1.47
15-08-2014,00:05:55.546,0.90699,0.90687,1.37,1
15-08-2014,00:06:22.464,0.90699,0.90687,1.47,1.1
15-08-2014,00:06:22.990,0.90699,0.90687,1.39,1
15-08-2014,00:06:36.205,0.90699,0.90686,1.09,1.2
15-08-2014,00:06:36.717,0.90698,0.90686,1.29,1.2
15-08-2014,00:06:40.936,0.90699,0.90686,1.84,1.02
15-08-2014,00:06:41.471,0.90699,0.90686,1.77,1.09
15-08-2014,00:07:10.021,0.90698,0.90687,1.29,1
15-08-2014,00:07:15.638,0.90699,0.90687,1.47,1
15-08-2014,00:07:22.834,0.90699,0.90686,1.47,1.02
15-08-2014,00:07:24.312,0.90698,0.90685,1.29,1.47
15-08-2014,00:07:25.700,0.90698,0.90685,1.27,1.47
15-08-2014,00:07:38.869,0.90698,0.90686,1.37,1
15-08-2014,00:07:44.169,0.90698,0.90685,2.22,1.02
15-08-2014,00:07:44.675,0.90696,0.90685,1.13,1.02
15-08-2014,00:07:45.179,0.90698,0.90685,1.47,1.02
15-08-2014,00:07:45.697,0.90698,0.90685,2.22,1.02
15-08-2014,00:07:47.024,0.90698,0.90684,1.74,2.22
15-08-2014,00:07:47.994,0.90698,0.90684,2.22,1.84
15-08-2014,00:07:48.499,0.90698,0.90684,2.22,1.84
15-08-2014,00:07:49.211,0.90699,0.90685,2.22,1.29
15-08-2014,00:07:51.797,0.90698,0.90684,1.37,2.22
15-08-2014,00:07:59.014,0.90698,0.90687,1.37,1
15-08-2014,00:08:25.747,0.90699,0.90687,1.77,1
15-08-2014,00:08:32.577,0.90698,0.90687,1.19,1
15-08-2014,00:08:43.468,0.90699,0.90687,1.47,1
15-08-2014,00:08:46.828,0.90697,0.90687,1,1
15-08-2014,00:08:48.584,0.90698,0.90687,1.32,1
15-08-2014,00:08:51.589,0.90698,0.90687,2.07,1
15-08-2014,00:08:54.087,0.90698,0.90687,1.32,1
15-08-2014,00:08:56.270,0.90698,0.90685,1.32,1.77
15-08-2014,00:09:01.313,0.90698,0.90684,2.07,2.22
15-08-2014,00:09:08.534,0.90698,0.90685,1.32,1.47
15-08-2014,00:09:09.082,0.90698,0.90685,1.39,1.39
15-08-2014,00:09:10.774,0.90697,0.90684,1.02,2.14
15-08-2014,00:09:14.632,0.90698,0.90685,1.39,1.29
15-08-2014,00:09:44.676,0.90699,0.90687,1.47,1
15-08-2014,00:09:51.157,0.90699,0.90688,1.37,1
15-08-2014,00:09:51.665,0.90699,0.90689,1.39,1
15-08-2014,00:09:55.251,0.90699,0.90688,2.97,1
15-08-2014,00:09:55.871,0.90698,0.90688,1.39,1
15-08-2014,00:10:02.536,0.90699,0.90688,2.22,1
15-08-2014,00:10:28.465,0.90699,0.90688,2.97,1
15-08-2014,00:10:28.982,0.90699,0.90688,2.97,1
15-08-2014,00:10:29.500,0.90699,0.90688,2.97,1
15-08-2014,00:10:32.207,0.90698,0.90688,1.09,1
15-08-2014,00:10:40.196,0.90698,0.90688,1.09,1
15-08-2014,00:10:41.701,0.90696,0.90688,1,1
15-08-2014,00:10:42.222,0.90697,0.90688,1.2,1
15-08-2014,00:11:09.563,0.90699,0.90688,2.22,1
15-08-2014,00:11:10.800,0.90698,0.90688,1.39,1
15-08-2014,00:11:19.126,0.907,0.90688,2.59,1
15-08-2014,00:11:20.647,0.90697,0.90688,1,1
15-08-2014,00:11:26.509,0.90699,0.90688,1.29,1
15-08-2014,00:11:35.554,0.90699,0.90688,1.09,1
15-08-2014,00:11:36.222,0.90699,0.90688,1.09,1
15-08-2014,00:11:36.770,0.90699,0.90688,1.02,1
15-08-2014,00:11:44.729,0.90698,0.90688,1.19,1
15-08-2014,00:11:46.833,0.90699,0.90688,2.22,1
15-08-2014,00:11:55.451,0.90698,0.90688,1.29,1
15-08-2014,00:11:57.755,0.90699,0.90688,1.37,1
15-08-2014,00:12:04.071,0.907,0.90687,2.22,1
15-08-2014,00:12:10.147,0.90697,0.90687,1,1
15-08-2014,00:12:11.786,0.90698,0.90687,1.02,1
15-08-2014,00:12:12.658,0.90699,0.90688,2.22,1
15-08-2014,00:12:13.185,0.90698,0.90689,1.02,1
15-08-2014,00:12:23.807,0.907,0.90689,1.29,1
15-08-2014,00:12:49.215,0.90699,0.90689,1.84,1
15-08-2014,00:12:49.734,0.90699,0.90688,1.77,1
15-08-2014,00:12:57.735,0.90699,0.90688,1.84,1
15-08-2014,00:12:58.300,0.90699,0.90688,1.77,1
15-08-2014,00:13:13.935,0.90699,0.90688,1.33,1
15-08-2014,00:13:14.490,0.90699,0.90688,1.02,1
15-08-2014,00:13:15.108,0.90699,0.90688,1.77,1
15-08-2014,00:13:23.940,0.90699,0.90688,1.25,1
15-08-2014,00:13:27.138,0.90699,0.90688,1.69,1
15-08-2014,00:13:32.406,0.907,0.90688,1.39,1
15-08-2014,00:13:46.779,0.907,0.90687,1.37,1.02
15-08-2014,00:13:47.310,0.907,0.90686,1.29,1.28
15-08-2014,00:13:49.174,0.90699,0.90686,1.19,1.47
15-08-2014,00:13:49.724,0.90699,0.90686,1.29,1.47
15-08-2014,00:13:50.246,0.907,0.90686,1.29,2.22
15-08-2014,00:13:50.847,0.907,0.90686,1.39,2.22
15-08-2014,00:13:51.384,0.90699,0.90686,1.19,1.47
15-08-2014,00:13:51.900,0.90699,0.90686,1.19,1.78
15-08-2014,00:13:52.411,0.907,0.90686,1.37,2.22
15-08-2014,00:13:53.105,0.907,0.90686,1.39,2.22
15-08-2014,00:13:53.687,0.90699,0.90686,1.02,2.22
15-08-2014,00:13:54.989,0.90699,0.90686,1.77,1.47
15-08-2014,00:14:16.148,0.90699,0.90688,1.29,1
15-08-2014,00:14:18.107,0.907,0.90688,1.09,1
15-08-2014,00:14:20.090,0.90699,0.90688,1.29,1
15-08-2014,00:14:32.154,0.90698,0.90688,1.69,1
15-08-2014,00:14:34.537,0.90699,0.90688,1.77,1
15-08-2014,00:14:39.280,0.90699,0.90687,1.77,1.58
15-08-2014,00:14:41.829,0.90699,0.90687,1.1,1.58
15-08-2014,00:14:42.360,0.90699,0.90688,1.1,1
15-08-2014,00:14:44.536,0.90699,0.90688,1.77,1
15-08-2014,00:14:48.254,0.90699,0.90688,1.02,1
15-08-2014,00:14:48.866,0.90699,0.90688,1.09,1
15-08-2014,00:14:49.380,0.90699,0.90688,1.02,1
15-08-2014,00:14:56.043,0.907,0.90688,2.22,1
15-08-2014,00:14:58.782,0.90697,0.90688,1,1
15-08-2014,00:14:59.318,0.90699,0.90688,1.19,1
15-08-2014,00:15:04.639,0.90699,0.90687,1.77,1.58
15-08-2014,00:15:10.832,0.90699,0.90688,1.77,1
15-08-2014,00:15:13.039,0.90699,0.90687,1.77,1.1
15-08-2014,00:15:21.647,0.90699,0.90689,1.37,1
15-08-2014,00:15:22.744,0.907,0.90689,1.37,1
15-08-2014,00:15:22.845,0.90698,0.90687,1,1.77
15-08-2014,00:15:31.825,0.90698,0.90689,1,1
15-08-2014,00:15:31.977,0.90701,0.9069,2.14,1
15-08-2014,00:15:32.283,0.90698,0.9069,1,1
15-08-2014,00:15:32.385,0.90701,0.9069,1.29,1
15-08-2014,00:15:32.892,0.90701,0.90691,1.29,1
15-08-2014,00:15:33.676,0.90702,0.90691,1.37,1
15-08-2014,00:15:37.446,0.90701,0.9069,1.02,1
15-08-2014,00:15:39.677,0.90701,0.9069,1.69,1
15-08-2014,00:15:42.149,0.90701,0.9069,1.25,1.1
15-08-2014,00:15:45.055,0.90701,0.9069,1.69,1.1
15-08-2014,00:15:49.108,0.90701,0.9069,1.25,1.1
15-08-2014,00:16:01.150,0.907,0.90689,1,1.77
15-08-2014,00:16:01.664,0.90701,0.90689,1.39,1.77
15-08-2014,00:16:02.173,0.90701,0.90689,1.77,1.58
15-08-2014,00:16:03.048,0.90701,0.90689,1.02,1.02
15-08-2014,00:16:13.750,0.90701,0.90689,2.14,1.1
15-08-2014,00:16:19.693,0.90701,0.90689,2.07,1.18
15-08-2014,00:16:20.250,0.90701,0.90689,2.89,1.1
15-08-2014,00:16:20.773,0.90699,0.90687,1.2,1.29
15-08-2014,00:16:21.349,0.90699,0.90685,2.14,1.84
15-08-2014,00:16:23.761,0.90699,0.90686,1.39,1.27
15-08-2014,00:16:26.243,0.90699,0.90686,1.32,1.34
15-08-2014,00:16:30.359,0.907,0.90689,1.32,1.1
15-08-2014,00:16:31.002,0.90701,0.90689,2.89,1.1
15-08-2014,00:16:31.522,0.907,0.90689,1.63,1.1
15-08-2014,00:16:33.163,0.90698,0.90687,1.13,1.29
15-08-2014,00:16:34.093,0.90698,0.90686,2.07,1.09
15-08-2014,00:16:36.204,0.90698,0.90688,1.69,1
15-08-2014,00:16:44.924,0.90698,0.90688,1.18,1
15-08-2014,00:16:46.886,0.90696,0.90688,1,1
15-08-2014,00:16:47.644,0.90695,0.90688,1,1
15-08-2014,00:16:48.150,0.90696,0.90688,1,1
15-08-2014,00:16:48.698,0.90698,0.90688,2.22,1
15-08-2014,00:16:50.135,0.90698,0.90687,1.47,1
15-08-2014,00:16:50.672,0.90698,0.90687,2.22,1
15-08-2014,00:16:56.218,0.90698,0.90687,2.22,1
15-08-2014,00:16:56.731,0.90698,0.90687,2.22,1
15-08-2014,00:16:57.448,0.90698,0.90687,2.22,1
15-08-2014,00:17:04.280,0.90698,0.90687,2.22,1
15-08-2014,00:17:12.155,0.90698,0.90687,1.47,1
15-08-2014,00:17:25.074,0.90698,0.90687,2.03,1
15-08-2014,00:17:28.125,0.90698,0.90687,1.28,1
15-08-2014,00:17:48.473,0.90699,0.90687,2.22,1
15-08-2014,00:18:03.392,0.90698,0.90687,1.47,1
15-08-2014,00:18:03.544,0.90696,0.90684,2.07,1.18
15-08-2014,00:18:03.696,0.90694,0.90684,1.33,1
15-08-2014,00:18:04.000,0.90691,0.9068,1.1,1.25
15-08-2014,00:18:04.305,0.90689,0.90678,1,1.09
15-08-2014,00:18:04.508,0.90689,0.90676,1.1,1.84
15-08-2014,00:18:04.559,0.90688,0.90676,1.08,1.77
15-08-2014,00:18:04.989,0.90684,0.90674,1,1.77
15-08-2014,00:18:05.242,0.90684,0.90672,1.1,1.39
15-08-2014,00:18:05.345,0.9068,0.90671,1,1.58
15-08-2014,00:18:05.650,0.90679,0.90668,1.5,1.1
15-08-2014,00:18:06.005,0.90679,0.90666,1,1.84
15-08-2014,00:18:06.308,0.90677,0.90666,1,1.84
15-08-2014,00:18:06.461,0.90677,0.90666,1,1.84
15-08-2014,00:18:06.668,0.90679,0.90666,1.58,1.84
15-08-2014,00:18:06.994,0.90677,0.90666,1,1.09
15-08-2014,00:18:07.652,0.90679,0.90666,1.77,1.09
15-08-2014,00:18:09.157,0.90679,0.90667,1,1.39
15-08-2014,00:18:17.157,0.90679,0.90668,1,1.19
15-08-2014,00:18:24.455,0.90679,0.90667,1.13,1.39
15-08-2014,00:18:25.791,0.90679,0.90668,1.13,1.19
15-08-2014,00:18:38.657,0.90679,0.90668,1,1.34
15-08-2014,00:19:05.999,0.9068,0.90668,1,1.47
15-08-2014,00:19:10.916,0.90681,0.90668,1.32,1.47
15-08-2014,00:19:12.689,0.9068,0.90668,1,1.47
15-08-2014,00:19:18.433,0.90682,0.90668,1.77,1.72
15-08-2014,00:19:18.788,0.90681,0.90669,1,1.84
15-08-2014,00:19:25.131,0.9068,0.9067,1,1.34
15-08-2014,00:19:34.244,0.90681,0.90669,1.63,1.09
15-08-2014,00:19:36.015,0.90681,0.90669,1.32,1.09
15-08-2014,00:19:36.532,0.90681,0.90669,1.63,1.09
15-08-2014,00:19:38.059,0.90681,0.90669,1.32,1.09
15-08-2014,00:19:38.568,0.90681,0.90669,2.07,1.18
15-08-2014,00:19:40.277,0.90681,0.90669,1.32,1.09
15-08-2014,00:20:01.503,0.90681,0.90669,1.39,1.02
15-08-2014,00:20:02.011,0.90681,0.90669,2.14,1.02
15-08-2014,00:20:02.551,0.90681,0.90669,2.07,1.09
15-08-2014,00:20:03.211,0.90681,0.90669,1.39,1.02
15-08-2014,00:20:08.242,0.90681,0.90669,2.14,1.02
15-08-2014,00:20:08.748,0.9068,0.90669,1.63,1.18
15-08-2014,00:20:09.256,0.9068,0.90669,1.25,1.1
15-08-2014,00:20:09.763,0.9068,0.90669,1.25,1.18
15-08-2014,00:20:10.268,0.9068,0.90669,1,1.09
15-08-2014,00:20:10.774,0.9068,0.90669,1,1.09
15-08-2014,00:20:14.535,0.90679,0.90669,1.38,1.09
15-08-2014,00:20:14.737,0.90681,0.90669,2.14,1.02
15-08-2014,00:20:15.243,0.90681,0.90669,2.07,1.09
15-08-2014,00:20:17.476,0.9068,0.90669,1.13,1.02
15-08-2014,00:20:19.027,0.9068,0.9067,1.13,1
15-08-2014,00:20:20.969,0.90682,0.9067,2.89,1.1
15-08-2014,00:20:31.724,0.90682,0.9067,2.97,1
15-08-2014,00:20:33.266,0.90682,0.9067,2.22,1
15-08-2014,00:20:36.766,0.90682,0.90672,1.67,1
15-08-2014,00:20:39.596,0.90684,0.90672,2.89,1.1
15-08-2014,00:20:40.371,0.90684,0.90672,2.82,1.08
15-08-2014,00:20:43.870,0.90684,0.90672,2.89,1.1
15-08-2014,00:20:51.386,0.90683,0.90672,2.07,1.1
15-08-2014,00:21:00.000,0.90683,0.90672,2.07,1.1
15-08-2014,00:21:02.236,0.90683,0.90672,2.07,1.1
15-08-2014,00:21:05.591,0.90683,0.90672,2.07,1.1
15-08-2014,00:21:07.175,0.90683,0.90672,2.07,1.1
15-08-2014,00:21:08.248,0.90684,0.90672,2.52,1.1
15-08-2014,00:21:09.206,0.90684,0.90672,1.02,1.02
15-08-2014,00:21:09.863,0.90684,0.90672,1.25,1.09
15-08-2014,00:21:10.418,0.90684,0.90672,1.02,1.02
15-08-2014,00:21:12.108,0.90684,0.90672,1.25,1.09
15-08-2014,00:21:12.621,0.90684,0.90672,1.77,1.1
15-08-2014,00:21:13.951,0.90682,0.90672,1,1.1
15-08-2014,00:21:36.772,0.90682,0.9067,1,1.74
15-08-2014,00:21:37.328,0.90682,0.9067,1,2.22
15-08-2014,00:21:42.483,0.90683,0.90671,1.58,1.67
15-08-2014,00:21:53.479,0.90683,0.9067,1.77,2.22
15-08-2014,00:22:09.107,0.90683,0.90669,2.89,2.97
15-08-2014,00:22:10.302,0.90682,0.90669,1.63,1.84
15-08-2014,00:22:10.504,0.90681,0.90669,1.38,1.77
15-08-2014,00:22:11.162,0.90681,0.90669,1.38,1.19
15-08-2014,00:22:11.688,0.90681,0.90668,1.63,2.97
15-08-2014,00:22:14.244,0.90681,0.90668,1.38,1.84
15-08-2014,00:22:14.648,0.90679,0.9067,1.13,1
15-08-2014,00:22:18.823,0.90679,0.9067,1.38,1
15-08-2014,00:22:19.127,0.90674,0.9067,1,1
15-08-2014,00:22:19.279,0.90674,0.90667,1,1.1
15-08-2014,00:22:19.941,0.90674,0.90665,1,1.1
15-08-2014,00:22:52.700,0.90674,0.90662,1.69,1.47
15-08-2014,00:22:54.307,0.90673,0.90662,1,1.47
15-08-2014,00:23:14.712,0.90673,0.90662,1,1.47
15-08-2014,00:23:15.218,0.90672,0.90662,1,1.02
15-08-2014,00:23:15.902,0.90672,0.90662,1,1.48
15-08-2014,00:23:16.003,0.90672,0.90662,1,1.48
15-08-2014,00:23:16.105,0.90672,0.90662,1,1.55
15-08-2014,00:23:41.986,0.90672,0.90662,1,1.2
15-08-2014,00:23:42.507,0.90672,0.90662,1,1.28
15-08-2014,00:23:52.283,0.90674,0.90663,1.69,1.1
15-08-2014,00:23:52.788,0.90675,0.90663,1.29,1.48
15-08-2014,00:23:53.541,0.90676,0.90663,1.37,1.39
15-08-2014,00:24:01.786,0.90676,0.90665,1.37,1
15-08-2014,00:24:03.097,0.90676,0.90665,1.29,1.38
15-08-2014,00:24:08.782,0.90676,0.90665,1.29,1
15-08-2014,00:24:15.146,0.90676,0.90664,1.29,1.48
15-08-2014,00:24:28.083,0.90678,0.90664,2.22,1.48
15-08-2014,00:24:28.607,0.90678,0.90664,2.22,1.58
15-08-2014,00:24:29.209,0.90676,0.90664,1.19,1.58
15-08-2014,00:24:49.564,0.90676,0.90664,1.19,1.55
15-08-2014,00:24:51.451,0.90676,0.90664,1.57,1.18
15-08-2014,00:24:51.962,0.90676,0.90664,1.29,1.2
15-08-2014,00:25:42.693,0.90676,0.90663,1.37,1.39
15-08-2014,00:25:46.122,0.90675,0.90663,1.29,1.2
15-08-2014,00:25:47.177,0.90675,0.90664,1.29,1
15-08-2014,00:25:48.121,0.90675,0.90665,1.29,1
15-08-2014,00:25:48.424,0.90677,0.90666,1.32,1.28
15-08-2014,00:25:49.026,0.90677,0.90666,1.32,1.28
15-08-2014,00:25:49.567,0.90678,0.90666,1.57,1.28
15-08-2014,00:25:50.121,0.90678,0.90666,1.57,1.28
15-08-2014,00:25:50.661,0.90678,0.90666,1.57,1.28
15-08-2014,00:25:52.044,0.90677,0.90666,1.32,1.28
15-08-2014,00:25:55.379,0.90677,0.90666,1.32,1.28
15-08-2014,00:25:56.003,0.90678,0.90666,1.57,1.28
15-08-2014,00:25:56.562,0.90678,0.90666,2.22,1
15-08-2014,00:25:56.613,0.90677,0.90664,1.74,1.39
15-08-2014,00:25:57.638,0.90676,0.90664,1.39,1.2
15-08-2014,00:25:59.121,0.90676,0.90667,1.39,1
15-08-2014,00:25:59.530,0.90676,0.90671,1.19,1
15-08-2014,00:25:59.632,0.90676,0.90667,1.19,1.18
15-08-2014,00:26:00.242,0.90677,0.90667,1.25,1.18
15-08-2014,00:26:01.685,0.90677,0.90667,1.25,1.2
15-08-2014,00:26:02.454,0.90677,0.90667,1.25,1.18
15-08-2014,00:26:03.529,0.90677,0.90667,1.02,1
15-08-2014,00:26:04.340,0.90677,0.90667,1.77,1
15-08-2014,00:26:12.972,0.90677,0.90667,1.02,1
15-08-2014,00:26:21.426,0.90676,0.90667,1,1
15-08-2014,00:26:21.948,0.90677,0.90667,1.02,1
15-08-2014,00:26:26.992,0.90677,0.90667,1.77,1
15-08-2014,00:26:44.143,0.90677,0.90666,2.52,2.02
15-08-2014,00:26:44.660,0.90676,0.90665,2.22,1
15-08-2014,00:26:45.222,0.90674,0.90665,1,1.02
15-08-2014,00:26:45.576,0.90674,0.90663,1.58,1
15-08-2014,00:26:46.082,0.90674,0.90663,2.14,1
15-08-2014,00:26:50.844,0.90674,0.90663,2.14,1
15-08-2014,00:26:53.511,0.90674,0.90663,2.82,1.1
15-08-2014,00:26:59.964,0.90674,0.90663,2.14,1
15-08-2014,00:27:04.732,0.90674,0.90663,2.14,1
15-08-2014,00:27:05.847,0.90674,0.90663,1.25,1
15-08-2014,00:27:12.492,0.90674,0.90664,1.02,1
15-08-2014,00:27:12.998,0.90676,0.90665,1.29,1.13
15-08-2014,00:27:24.465,0.90675,0.90665,1.32,1
15-08-2014,00:27:27.272,0.90674,0.90664,1.32,1.1
15-08-2014,00:27:27.802,0.90673,0.90663,1,1.1
15-08-2014,00:27:32.598,0.90675,0.90663,2.22,1
15-08-2014,00:27:53.477,0.90675,0.90663,2.22,1.25
15-08-2014,00:28:19.451,0.90672,0.90663,1,1
15-08-2014,00:28:26.909,0.90673,0.90663,1.32,1
15-08-2014,00:28:28.097,0.90674,0.90663,1.02,1
15-08-2014,00:28:51.031,0.90676,0.90663,2.07,1
15-08-2014,00:28:52.814,0.90676,0.90662,2.07,1.88
15-08-2014,00:28:55.957,0.90675,0.90662,1.19,2.07
15-08-2014,00:29:16.586,0.90674,0.90662,1.02,2.14
15-08-2014,00:29:17.093,0.90676,0.90664,1.15,1.13
15-08-2014,00:29:17.599,0.90676,0.90664,1.15,1.13
15-08-2014,00:29:18.457,0.90676,0.90664,1.18,1.13
15-08-2014,00:29:18.609,0.90676,0.90664,1.2,1.13
15-08-2014,00:29:21.777,0.90676,0.90664,1.09,1.32
15-08-2014,00:29:22.318,0.90676,0.90664,1.09,1.32
15-08-2014,00:29:33.061,0.90676,0.90664,1.84,1.38
15-08-2014,00:29:33.675,0.90676,0.90664,1.84,1.13
15-08-2014,00:29:37.675,0.90674,0.90664,1.1,1
15-08-2014,00:29:43.526,0.90674,0.90664,2.89,1
15-08-2014,00:29:45.788,0.90674,0.90664,2.14,1
15-08-2014,00:29:47.920,0.90674,0.90664,2.89,1
15-08-2014,00:29:55.258,0.90674,0.90664,2.14,1
15-08-2014,00:30:04.547,0.90674,0.90665,1.39,1
15-08-2014,00:30:14.083,0.90674,0.90666,1.13,1
15-08-2014,00:30:14.609,0.90674,0.90667,1,1
15-08-2014,00:30:14.862,0.90674,0.90665,1,1
15-08-2014,00:30:22.764,0.90674,0.90663,1.02,1
15-08-2014,00:30:56.946,0.90674,0.90663,1.39,1
15-08-2014,00:30:57.999,0.90675,0.90663,1.74,1
15-08-2014,00:31:09.072,0.90675,0.90663,2.22,1
15-08-2014,00:31:10.193,0.90675,0.90663,2.22,1
15-08-2014,00:31:12.165,0.90675,0.90664,1.74,1
15-08-2014,00:31:12.705,0.90675,0.90664,1.74,1
15-08-2014,00:31:19.081,0.90675,0.90663,1.74,1
15-08-2014,00:31:23.309,0.90676,0.90663,1.84,1.02
15-08-2014,00:31:24.898,0.90676,0.90663,1.84,1.25
15-08-2014,00:31:25.766,0.90676,0.90663,1.84,1.02
15-08-2014,00:31:29.039,0.90675,0.90663,1.29,1.1
15-08-2014,00:31:32.112,0.90676,0.90663,1.84,1.02
15-08-2014,00:31:38.425,0.90675,0.90663,1.29,1.2
15-08-2014,00:31:44.135,0.90676,0.90663,2.22,1.32
15-08-2014,00:31:47.224,0.90676,0.90663,1.39,1.39
15-08-2014,00:31:47.772,0.90676,0.90662,1.84,3.72
15-08-2014,00:31:48.277,0.90675,0.90662,1.29,2.97
15-08-2014,00:31:48.782,0.90675,0.90662,1.37,2.52
15-08-2014,00:31:49.755,0.90675,0.90662,1.29,2.59
15-08-2014,00:31:50.373,0.90675,0.90662,1.37,2.52
15-08-2014,00:31:54.683,0.90675,0.90662,1.37,2.89
15-08-2014,00:31:55.212,0.90675,0.90662,1.47,2.89
15-08-2014,00:32:00.345,0.90675,0.90662,1.84,2.89
15-08-2014,00:32:02.617,0.90675,0.90662,1.37,2.52
15-08-2014,00:32:03.674,0.90675,0.90662,1.29,2.97
15-08-2014,00:32:06.228,0.90675,0.90662,1.47,2.89
15-08-2014,00:32:06.778,0.90675,0.90662,1.39,2.97
15-08-2014,00:32:07.749,0.90675,0.90662,1.47,2.89
15-08-2014,00:32:10.342,0.90675,0.90662,1.47,2.89
15-08-2014,00:32:10.850,0.90675,0.90662,1.37,2.89
15-08-2014,00:32:12.199,0.90675,0.90662,1.29,2.97
15-08-2014,00:32:12.859,0.90676,0.90662,1.47,3.72
15-08-2014,00:32:13.386,0.90676,0.90663,1.77,1.32
15-08-2014,00:32:13.904,0.90676,0.90664,1.84,1
15-08-2014,00:32:14.410,0.90676,0.90664,1.84,1
15-08-2014,00:32:14.931,0.90676,0.90664,1.37,1
15-08-2014,00:32:15.440,0.90676,0.90664,1.34,1
15-08-2014,00:32:17.539,0.90676,0.90664,1.84,1
15-08-2014,00:32:28.970,0.90676,0.90664,2.22,1
15-08-2014,00:32:29.497,0.90676,0.90664,2.22,1
15-08-2014,00:32:31.982,0.90676,0.90664,2.22,1
15-08-2014,00:32:32.498,0.90676,0.90664,2.22,1
15-08-2014,00:33:28.647,0.90676,0.90662,1.84,2.22
15-08-2014,00:33:45.708,0.90675,0.90661,1.19,2.07
15-08-2014,00:33:46.715,0.90676,0.90662,2.07,1.32
15-08-2014,00:33:51.177,0.90676,0.90662,2.07,1.57
15-08-2014,00:34:02.721,0.90676,0.90662,2.22,1.67
15-08-2014,00:34:10.063,0.90676,0.90662,1.77,1.72
15-08-2014,00:34:21.977,0.90676,0.90663,1.02,1.74
15-08-2014,00:34:29.984,0.90676,0.90662,1.77,2.22
15-08-2014,00:34:46.640,0.90676,0.90665,1.84,1
15-08-2014,00:34:48.330,0.90676,0.90665,1.34,1
15-08-2014,00:34:51.766,0.90674,0.90663,1.1,1.25
15-08-2014,00:34:51.968,0.90672,0.90663,1,1
15-08-2014,00:34:52.170,0.90676,0.90663,2.22,1
15-08-2014,00:35:02.291,0.90675,0.90663,1.02,1.39
15-08-2014,00:35:07.120,0.90674,0.90663,1,1.02
15-08-2014,00:35:12.285,0.90675,0.90663,1.02,1.39
15-08-2014,00:35:15.369,0.90675,0.90663,1.77,1.2
15-08-2014,00:35:17.780,0.90675,0.90663,1.02,1.39
15-08-2014,00:35:19.119,0.90675,0.90663,1.77,1.2
15-08-2014,00:35:23.141,0.90675,0.90663,1.69,1.28
15-08-2014,00:35:23.674,0.90675,0.90663,1.25,1.47
15-08-2014,00:35:27.809,0.90675,0.90663,1.69,1.28
15-08-2014,00:35:41.542,0.90675,0.90663,1.25,1.47
15-08-2014,00:35:57.670,0.90675,0.90662,1.69,2.97
15-08-2014,00:35:58.677,0.90676,0.90662,1.39,3.72
15-08-2014,00:36:01.711,0.90676,0.90662,1.29,3.72
15-08-2014,00:36:16.106,0.90675,0.90665,1.29,1
15-08-2014,00:36:19.366,0.90676,0.90665,1.84,1
15-08-2014,00:36:30.936,0.90675,0.90665,1.19,1
15-08-2014,00:36:32.113,0.90676,0.90665,1.77,1
15-08-2014,00:36:38.603,0.90676,0.90665,1.02,1
15-08-2014,00:36:40.492,0.90676,0.90662,1.02,1.78
15-08-2014,00:36:42.155,0.90675,0.90662,1.19,1.78
15-08-2014,00:36:52.571,0.90677,0.90661,2.97,2.97
15-08-2014,00:36:55.271,0.90676,0.90662,1.29,1.72
15-08-2014,00:37:17.675,0.90676,0.90663,1.29,1.47
15-08-2014,00:37:18.217,0.90676,0.90663,1.29,1.47
15-08-2014,00:37:30.913,0.90676,0.90664,1.25,1.13
15-08-2014,00:37:43.800,0.90675,0.90664,1,1.13
15-08-2014,00:37:50.739,0.90676,0.90664,1.25,1.13
15-08-2014,00:37:52.158,0.90676,0.90664,1.69,1.13
15-08-2014,00:38:26.002,0.90675,0.90664,1.09,1.13
15-08-2014,00:38:26.667,0.90675,0.90664,1.02,1.13
15-08-2014,00:38:27.240,0.90675,0.90664,1.09,1.13
15-08-2014,00:38:28.170,0.90676,0.90664,1.37,1.13
15-08-2014,00:38:34.790,0.90676,0.90664,1.34,1.13
15-08-2014,00:38:35.353,0.90676,0.90664,1.37,1.13
15-08-2014,00:38:42.046,0.90676,0.90664,1.37,1.13
15-08-2014,00:38:45.116,0.90676,0.90664,1.84,1.13
15-08-2014,00:38:45.628,0.90676,0.90664,1.37,1.13
15-08-2014,00:38:50.405,0.90676,0.90664,1.37,1.13
15-08-2014,00:38:50.970,0.90676,0.90664,1.34,1.13
15-08-2014,00:38:52.705,0.90676,0.90664,1.37,1.13
15-08-2014,00:38:55.307,0.90676,0.90664,1.34,1.13
15-08-2014,00:38:57.364,0.90677,0.90664,2.22,1.13
15-08-2014,00:38:57.904,0.90677,0.90664,2.22,1.13
15-08-2014,00:38:58.450,0.90677,0.90664,2.22,1.32
15-08-2014,00:39:01.544,0.90677,0.90664,2.22,1.32
15-08-2014,00:39:02.726,0.90677,0.90664,2.22,1.32
15-08-2014,00:39:03.483,0.90677,0.90664,2.22,1.32
15-08-2014,00:39:19.706,0.90677,0.90665,1.34,1
15-08-2014,00:39:20.013,0.90676,0.90669,1,1
15-08-2014,00:39:20.165,0.90681,0.90669,2.14,1.58
15-08-2014,00:39:20.672,0.90681,0.90671,1,1
15-08-2014,00:39:23.624,0.90681,0.90671,1,1.38
15-08-2014,00:39:25.434,0.90681,0.90671,1,1.32
15-08-2014,00:39:25.741,0.90683,0.90672,1.25,1.1
15-08-2014,00:39:26.259,0.90683,0.90672,1.25,1.18
15-08-2014,00:39:28.288,0.90683,0.90672,1,1.02
15-08-2014,00:39:35.991,0.90683,0.90672,1,1.09
15-08-2014,00:39:36.508,0.90683,0.90672,1,1.02
15-08-2014,00:39:37.072,0.90683,0.90672,1,1.09
15-08-2014,00:39:41.175,0.90683,0.90672,1,1.1
15-08-2014,00:39:41.695,0.90683,0.90672,1,1.18
15-08-2014,00:39:43.138,0.90683,0.90672,1.25,1.1
15-08-2014,00:39:53.723,0.90683,0.90673,1.25,1
15-08-2014,00:39:54.229,0.90683,0.90671,1.69,1.65
15-08-2014,00:39:54.689,0.90683,0.90675,1,1
15-08-2014,00:40:07.914,0.90683,0.90673,1,1.47
15-08-2014,00:40:08.429,0.90683,0.90671,1,2.22
15-08-2014,00:40:08.943,0.90682,0.90671,1,1.55
15-08-2014,00:40:10.930,0.90682,0.90671,1,2.97
15-08-2014,00:40:16.682,0.90682,0.90671,1,2.97
15-08-2014,00:40:17.198,0.90682,0.90671,1,2.97
15-08-2014,00:40:18.065,0.90682,0.90671,1,2.59
15-08-2014,00:40:18.611,0.90682,0.90671,1,1.4
15-08-2014,00:40:19.607,0.90682,0.90671,1,1.09
15-08-2014,00:40:20.162,0.90682,0.90671,1,2.22
15-08-2014,00:40:20.669,0.90682,0.90671,1,2.22
15-08-2014,00:40:21.377,0.90682,0.90671,1,1.47
15-08-2014,00:40:21.919,0.90682,0.90671,1,1.47
15-08-2014,00:40:23.530,0.90682,0.90671,1,1.47
15-08-2014,00:40:37.169,0.90683,0.90671,1.5,1.47
15-08-2014,00:40:42.044,0.90683,0.9067,1.25,2.22
15-08-2014,00:40:42.550,0.90683,0.90674,1,1.1
15-08-2014,00:40:43.064,0.90683,0.90674,1,1.09
15-08-2014,00:40:50.013,0.90686,0.90676,1,1.15
15-08-2014,00:40:50.266,0.90687,0.90676,1.25,1.28
15-08-2014,00:40:50.367,0.90687,0.90676,1.25,1.28
15-08-2014,00:40:55.061,0.90687,0.90676,1.38,1.18
15-08-2014,00:40:59.127,0.90687,0.90676,1,1.18
15-08-2014,00:40:59.634,0.90688,0.90676,1.5,1.53
15-08-2014,00:41:00.140,0.90688,0.90679,1,1.1
15-08-2014,00:41:13.935,0.90687,0.90679,1,1.1
15-08-2014,00:41:23.783,0.90687,0.90676,1,1.84
15-08-2014,00:41:24.645,0.90687,0.90676,1,1.09
15-08-2014,00:41:39.609,0.90687,0.90676,1,1.84
15-08-2014,00:41:41.368,0.90687,0.90676,1,1.09
15-08-2014,00:41:47.782,0.90687,0.90676,1,1.84
15-08-2014,00:41:48.908,0.90687,0.90676,1,1.09
15-08-2014,00:41:54.166,0.90687,0.90678,1,1
15-08-2014,00:42:25.535,0.90688,0.90678,1.1,1
15-08-2014,00:42:54.212,0.90688,0.90675,1.32,3.72
15-08-2014,00:43:01.278,0.90688,0.90676,1.13,1.47
15-08-2014,00:43:01.787,0.90688,0.90676,1.13,1.47
15-08-2014,00:43:04.663,0.90688,0.90676,1.13,1.47
15-08-2014,00:43:05.174,0.90688,0.90676,1.13,1.47
15-08-2014,00:43:08.733,0.90688,0.90675,1.32,3.72
15-08-2014,00:43:09.238,0.90688,0.90675,1.32,3.72
15-08-2014,00:43:11.214,0.90688,0.90676,1.13,1.47
15-08-2014,00:43:11.723,0.90688,0.90676,1.13,1.47
15-08-2014,00:43:12.296,0.90688,0.90676,1.13,1.47
15-08-2014,00:43:12.806,0.90688,0.90676,1.13,1.39
15-08-2014,00:43:15.568,0.90688,0.90676,1.13,1.47
15-08-2014,00:43:16.074,0.90688,0.90676,1.13,1.47
15-08-2014,00:43:36.226,0.90688,0.90675,1.39,3.64
15-08-2014,00:43:46.501,0.90688,0.90676,1.2,1.39
15-08-2014,00:43:55.445,0.90688,0.90675,1.39,2.89
15-08-2014,00:44:07.040,0.90688,0.90676,1.2,1.39
15-08-2014,00:44:10.163,0.90688,0.90675,1.39,3.64
15-08-2014,00:44:14.929,0.90688,0.90676,1.2,1.39
15-08-2014,00:44:16.174,0.90688,0.90675,1.39,3.64
15-08-2014,00:44:17.258,0.9069,0.90676,1.74,1.39
15-08-2014,00:44:27.383,0.90689,0.90675,1.64,3.64
15-08-2014,00:44:33.963,0.9069,0.90676,2.22,1.39
15-08-2014,00:44:37.068,0.90689,0.90675,1.57,2.82
15-08-2014,00:44:39.301,0.9069,0.90676,2.07,1.19
15-08-2014,00:44:40.883,0.90689,0.90675,1.57,2.82
15-08-2014,00:44:46.026,0.90688,0.90675,1.63,2.44
15-08-2014,00:44:46.531,0.90688,0.90676,1.38,1.19
15-08-2014,00:44:47.333,0.90688,0.90675,1.63,1.19
15-08-2014,00:44:47.898,0.90683,0.90674,1,2.07
15-08-2014,00:44:49.643,0.90685,0.90674,1.02,1
15-08-2014,00:44:49.746,0.90685,0.90676,1.25,1
15-08-2014,00:45:00.200,0.90684,0.90676,1.13,1
15-08-2014,00:45:00.353,0.90683,0.90674,1,1.1
15-08-2014,00:45:32.017,0.90682,0.90674,1,1
15-08-2014,00:45:50.097,0.90682,0.90675,1,1.38
15-08-2014,00:45:50.147,0.90684,0.90675,1,1.38
15-08-2014,00:45:50.401,0.90686,0.90674,1.69,1.47
15-08-2014,00:45:57.751,0.90686,0.90674,1.58,2.89
15-08-2014,00:45:59.599,0.90686,0.90675,1.5,1.47
15-08-2014,00:46:04.469,0.90686,0.90673,1.02,1.72
15-08-2014,00:46:14.568,0.90686,0.90673,1.32,1.77
15-08-2014,00:46:15.621,0.90686,0.90672,1,1.72
15-08-2014,00:46:16.133,0.90685,0.90672,1,1.72
15-08-2014,00:46:16.657,0.90684,0.90671,1,2.22
15-08-2014,00:46:16.859,0.90687,0.90674,1.39,1.38
15-08-2014,00:46:26.113,0.90688,0.90674,2.22,1.2
15-08-2014,00:46:30.215,0.90687,0.90674,1.37,1.39
15-08-2014,00:46:30.736,0.90686,0.90676,1.02,1
15-08-2014,00:46:40.207,0.90687,0.90675,2.22,1
15-08-2014,00:46:41.866,0.90687,0.90675,2.22,1
15-08-2014,00:46:59.670,0.90686,0.90675,1.27,1
15-08-2014,00:47:00.291,0.90686,0.90675,1.34,1
15-08-2014,00:47:00.813,0.90686,0.90675,1.37,1
15-08-2014,00:47:03.219,0.90686,0.90675,1.34,1
15-08-2014,00:47:03.573,0.90686,0.90675,1.37,1
15-08-2014,00:47:18.235,0.90686,0.90674,2.59,1
15-08-2014,00:47:18.691,0.90684,0.90671,1.29,2.97
15-08-2014,00:47:21.886,0.90685,0.90671,1.37,3.72
15-08-2014,00:47:31.555,0.90685,0.90671,1.39,3.72
15-08-2014,00:47:32.355,0.90685,0.90674,1.29,1
15-08-2014,00:47:32.861,0.90686,0.90674,1.84,1
15-08-2014,00:47:33.733,0.90686,0.90674,2.22,1
15-08-2014,00:47:34.283,0.90686,0.90674,2.89,1
15-08-2014,00:47:42.042,0.90686,0.90674,2.22,1
15-08-2014,00:47:42.550,0.90686,0.90674,2.22,1
15-08-2014,00:47:43.057,0.90686,0.90674,1.84,1
15-08-2014,00:47:43.578,0.90686,0.90674,1.77,1
15-08-2014,00:48:23.045,0.90686,0.90674,1.27,1.38
15-08-2014,00:48:25.062,0.90687,0.90675,1.09,1.2
15-08-2014,00:48:25.576,0.90687,0.90675,1.09,1.13
15-08-2014,00:48:26.456,0.90686,0.90673,1.1,1.47
15-08-2014,00:48:26.962,0.90686,0.90673,1.84,1.38
15-08-2014,00:48:27.485,0.90686,0.90673,1.84,1.48
15-08-2014,00:48:28.161,0.90686,0.90673,2.22,1.2
15-08-2014,00:48:28.670,0.90686,0.90673,2.22,1.13
15-08-2014,00:48:29.024,0.90684,0.90671,2.22,1.25
15-08-2014,00:48:30.902,0.90682,0.90671,2.14,1
15-08-2014,00:48:51.166,0.90682,0.90671,1.47,1
15-08-2014,00:48:52.962,0.90682,0.9067,1.74,1
15-08-2014,00:48:53.169,0.90683,0.90667,2.22,2.14
15-08-2014,00:49:05.888,0.90682,0.90668,1.47,1.29
15-08-2014,00:49:08.185,0.90681,0.90667,1.27,2.14
15-08-2014,00:49:09.291,0.90682,0.90668,1.47,1.29
15-08-2014,00:49:12.221,0.90682,0.90668,1.47,1.37
15-08-2014,00:49:16.122,0.90682,0.9067,1.47,1
15-08-2014,00:49:40.830,0.90683,0.9067,1.84,1.63
15-08-2014,00:49:41.343,0.90683,0.90671,1.37,1.38
15-08-2014,00:49:43.999,0.90683,0.90671,1.37,1.13
15-08-2014,00:49:47.191,0.90683,0.9067,1.37,2.14
15-08-2014,00:49:50.188,0.90684,0.90672,1.47,1.13
15-08-2014,00:49:50.845,0.90684,0.90671,1.47,1.38
15-08-2014,00:49:51.636,0.90685,0.90671,3.72,1.38
15-08-2014,00:49:52.141,0.90685,0.90671,3.72,1.38
15-08-2014,00:49:55.481,0.90685,0.90671,1.34,1.88
15-08-2014,00:49:56.050,0.90684,0.90671,1.29,2.22
15-08-2014,00:49:56.564,0.90684,0.90671,1.29,2.22
15-08-2014,00:49:57.070,0.90684,0.90673,1.19,1.1
15-08-2014,00:50:08.096,0.90685,0.90673,1.47,1.13
15-08-2014,00:50:13.034,0.90684,0.90673,1.29,1
15-08-2014,00:50:16.015,0.90685,0.90673,1.47,1
15-08-2014,00:50:25.969,0.90684,0.90671,1.02,2.22
15-08-2014,00:50:26.476,0.90684,0.90672,1.29,1.48
15-08-2014,00:50:27.259,0.90684,0.90671,1.29,1.47
15-08-2014,00:50:29.882,0.90684,0.9067,1.29,1.72
15-08-2014,00:50:35.939,0.90685,0.90671,2.22,1.74
15-08-2014,00:50:36.451,0.90685,0.90673,1.29,1.48
15-08-2014,00:50:36.502,0.90687,0.90675,1.84,1.2
15-08-2014,00:50:36.704,0.90688,0.90677,1.09,1
15-08-2014,00:50:37.111,0.90689,0.90677,1.02,1.1
15-08-2014,00:50:37.617,0.90689,0.90677,1.02,1.95
15-08-2014,00:50:38.156,0.90689,0.90678,1,1.39
15-08-2014,00:50:38.662,0.90689,0.90678,1,1.39
15-08-2014,00:50:51.392,0.90689,0.90677,1,2.22
15-08-2014,00:50:51.898,0.90689,0.90678,1,1.39
15-08-2014,00:51:05.614,0.90692,0.9068,2.97,1.88
15-08-2014,00:51:10.146,0.90692,0.9068,1.84,1.88
15-08-2014,00:51:10.653,0.90692,0.9068,1.77,1.95
15-08-2014,00:51:11.160,0.90692,0.9068,1.84,1.88
15-08-2014,00:51:12.532,0.90692,0.9068,1.77,1.95
15-08-2014,00:51:13.676,0.90692,0.9068,1.1,1.95
15-08-2014,00:51:14.288,0.90692,0.9068,1.18,1.88
15-08-2014,00:51:14.804,0.90692,0.90681,1.08,1.38
15-08-2014,00:51:15.317,0.90692,0.90681,1.02,1.38
15-08-2014,00:51:21.753,0.90692,0.90681,1.1,1.32
15-08-2014,00:51:22.272,0.90692,0.90681,1.47,1
15-08-2014,00:51:22.798,0.90692,0.90681,1.02,1.38
15-08-2014,00:51:31.738,0.90692,0.90681,1.02,1.13
15-08-2014,00:51:34.294,0.90692,0.90681,1.09,1
15-08-2014,00:51:35.103,0.90692,0.90681,1.02,1
15-08-2014,00:51:35.609,0.90692,0.90681,1.77,1
15-08-2014,00:51:36.198,0.90692,0.9068,1.77,2.33
15-08-2014,00:51:49.474,0.90692,0.9068,1.02,1.77
15-08-2014,00:51:55.238,0.90692,0.9068,1.1,1.95
15-08-2014,00:51:59.899,0.90692,0.9068,1.02,2.14
15-08-2014,00:52:01.305,0.90692,0.9068,1.2,2.89
15-08-2014,00:52:01.812,0.90692,0.9068,1.09,1.88
15-08-2014,00:52:11.403,0.90692,0.90681,1.37,1.13
15-08-2014,00:52:11.914,0.90693,0.9068,1.29,1.47
15-08-2014,00:52:14.002,0.90693,0.9068,1.29,1.47
15-08-2014,00:52:16.295,0.90694,0.9068,2.22,2.22
15-08-2014,00:52:19.945,0.90693,0.9068,1.29,1.47
15-08-2014,00:52:20.453,0.90693,0.90681,1.29,1.2
15-08-2014,00:52:20.964,0.90694,0.9068,1.47,2.22
15-08-2014,00:52:23.983,0.90693,0.9068,1.39,1.47
15-08-2014,00:52:24.947,0.90693,0.90679,2.22,1.74
15-08-2014,00:52:25.455,0.90692,0.90679,1.33,1.67
15-08-2014,00:52:25.961,0.90692,0.9068,1.18,1.32
15-08-2014,00:52:26.466,0.90692,0.9068,1.1,1.39
15-08-2014,00:52:26.979,0.90692,0.9068,1.18,1.32
15-08-2014,00:52:27.484,0.90692,0.9068,1.1,1.39
15-08-2014,00:52:28.221,0.90692,0.9068,1.18,1.32
15-08-2014,00:52:28.784,0.90692,0.9068,1.1,1.39
15-08-2014,00:52:29.293,0.90692,0.9068,1.18,1.32
15-08-2014,00:52:29.863,0.90692,0.9068,1.1,1.39
15-08-2014,00:52:30.629,0.90692,0.9068,1.08,1.32
15-08-2014,00:52:31.182,0.90692,0.9068,1.28,1.39
15-08-2014,00:52:31.537,0.90693,0.90679,3.72,1.02
15-08-2014,00:52:31.639,0.90689,0.90678,1.08,1.77
15-08-2014,00:52:32.549,0.90689,0.90678,1.18,1.32
15-08-2014,00:52:37.169,0.90689,0.90677,1.1,2.89
15-08-2014,00:52:54.641,0.90689,0.90677,1.15,2.07
15-08-2014,00:52:55.580,0.90689,0.90677,1.4,1.32
15-08-2014,00:52:58.581,0.90689,0.90678,1.4,1
15-08-2014,00:53:02.770,0.90689,0.90677,1.4,2.07
15-08-2014,00:53:03.428,0.90689,0.90677,1.4,2.07
15-08-2014,00:53:03.531,0.90689,0.90677,1.25,2.22
15-08-2014,00:53:08.400,0.90689,0.90677,1.1,2.14
15-08-2014,00:53:09.625,0.90692,0.9068,3.72,1
15-08-2014,00:53:10.145,0.90692,0.9068,3.72,1
15-08-2014,00:53:13.069,0.90692,0.9068,2.97,1
15-08-2014,00:53:13.589,0.90691,0.9068,1.77,1
15-08-2014,00:53:18.309,0.90692,0.9068,2.97,1
15-08-2014,00:53:23.464,0.90691,0.9068,1.74,1
15-08-2014,00:53:23.989,0.90691,0.9068,1.72,1
15-08-2014,00:53:24.512,0.90691,0.9068,1.74,1
15-08-2014,00:53:26.210,0.90692,0.9068,3.72,1
15-08-2014,00:53:26.727,0.90692,0.9068,3.72,1
15-08-2014,00:53:27.246,0.90691,0.9068,1.47,1
15-08-2014,00:53:27.941,0.90691,0.9068,1.39,1
15-08-2014,00:53:41.292,0.90691,0.9068,1.47,1
15-08-2014,00:53:41.801,0.90691,0.9068,1.47,1
15-08-2014,00:53:46.189,0.90691,0.9068,1.34,1
15-08-2014,00:54:09.646,0.90688,0.90677,1,1.39
15-08-2014,00:54:10.353,0.90688,0.90677,1,1.39
15-08-2014,00:54:15.343,0.90688,0.90677,1,2.14
15-08-2014,00:54:22.295,0.90688,0.90676,1,2.22
15-08-2014,00:54:24.360,0.90688,0.90677,1,1.39
15-08-2014,00:54:24.865,0.90688,0.90678,1,1.38
15-08-2014,00:54:25.375,0.90688,0.90678,1,1.13
15-08-2014,00:54:33.005,0.90692,0.90678,2.97,1.13
15-08-2014,00:54:33.920,0.90692,0.90678,2.97,1.2
15-08-2014,00:54:34.330,0.90692,0.90677,2.14,1.47
15-08-2014,00:54:34.851,0.90692,0.90677,2.22,1.47
15-08-2014,00:54:36.898,0.90692,0.90678,1.84,1.74
15-08-2014,00:54:37.404,0.90692,0.90679,2.22,1.39
15-08-2014,00:54:41.256,0.90692,0.90679,2.22,1.39
15-08-2014,00:54:43.937,0.90691,0.90678,1.77,1.47
15-08-2014,00:54:47.023,0.90691,0.90678,1.02,1.55
15-08-2014,00:54:52.621,0.90691,0.90678,1.02,1.74
15-08-2014,00:54:53.127,0.90691,0.90678,1.02,1.74
15-08-2014,00:54:57.989,0.90691,0.90679,1.5,1.74
15-08-2014,00:54:58.654,0.90691,0.90681,1,1.55
15-08-2014,00:55:00.190,0.90692,0.90681,1,3.72
15-08-2014,00:55:00.510,0.90689,0.90681,1,2.14
15-08-2014,00:55:00.965,0.90689,0.90679,1.5,2.22
15-08-2014,00:55:02.547,0.90689,0.90679,1.5,1.78
15-08-2014,00:55:03.053,0.90689,0.90679,1.5,1.4
15-08-2014,00:55:03.155,0.90688,0.90679,1,1.02
15-08-2014,00:55:03.661,0.90688,0.9068,1,1.38
15-08-2014,00:55:03.965,0.90688,0.90678,1,1.18
15-08-2014,00:55:04.016,0.90686,0.90679,1,1.1
15-08-2014,00:55:04.320,0.90684,0.90676,1,1.19
15-08-2014,00:55:04.371,0.90684,0.90674,1.1,2.82
15-08-2014,00:55:04.877,0.90684,0.90675,1.58,1
15-08-2014,00:55:04.979,0.90682,0.90675,1,1
15-08-2014,00:55:05.080,0.90682,0.90672,1,1.77
15-08-2014,00:55:06.258,0.90682,0.90672,1.1,1.63
15-08-2014,00:55:07.176,0.90682,0.90672,1.1,1.32
15-08-2014,00:55:09.213,0.90682,0.90672,1.18,1
15-08-2014,00:55:09.966,0.90682,0.9067,1.84,2.07
15-08-2014,00:55:10.479,0.9068,0.9067,1,2.07
15-08-2014,00:55:11.098,0.9068,0.9067,1,1.32
15-08-2014,00:55:11.660,0.9068,0.9067,1,2.07
15-08-2014,00:55:12.180,0.9068,0.9067,1,2.07
15-08-2014,00:55:12.230,0.9068,0.9067,1,2.14
15-08-2014,00:55:14.602,0.9068,0.90671,1,1.38
15-08-2014,00:55:15.124,0.9068,0.90672,1,1.13
15-08-2014,00:55:16.866,0.9068,0.9067,1,2.07
15-08-2014,00:55:22.030,0.9068,0.9067,1,1.7
15-08-2014,00:55:22.182,0.90682,0.9067,1.25,1.78
15-08-2014,00:55:23.666,0.90682,0.90674,1,1
15-08-2014,00:55:23.932,0.90682,0.90672,1,1.25
15-08-2014,00:55:24.134,0.90682,0.90674,1,1
15-08-2014,00:55:24.488,0.90686,0.90675,1.72,1
15-08-2014,00:55:24.590,0.90687,0.90677,1.39,1
15-08-2014,00:55:24.894,0.90691,0.90679,1.34,1
15-08-2014,00:55:25.400,0.90692,0.90679,2.14,1.18
15-08-2014,00:55:25.906,0.90689,0.90678,1,1.72
15-08-2014,00:55:30.007,0.90689,0.90678,1,1.74
15-08-2014,00:55:30.675,0.90689,0.90678,1,2.22
15-08-2014,00:55:31.181,0.90689,0.90678,1,1.72
15-08-2014,00:55:34.340,0.90689,0.90678,1.1,1.57
15-08-2014,00:55:36.319,0.90689,0.90678,1,2.14
15-08-2014,00:55:38.004,0.90689,0.90678,1.1,2.07
15-08-2014,00:55:47.271,0.90689,0.90678,1,2.14
15-08-2014,00:55:48.148,0.90689,0.90677,1,2.97
15-08-2014,00:55:49.465,0.90689,0.90677,1.25,2.22
15-08-2014,00:55:53.013,0.90689,0.90677,1,2.22
15-08-2014,00:55:55.898,0.90689,0.90677,1,2.22
15-08-2014,00:56:04.354,0.90689,0.90677,1,2.97
15-08-2014,00:56:17.502,0.90689,0.90678,1,1.67
15-08-2014,00:56:18.291,0.90691,0.90679,1.84,1.32
15-08-2014,00:56:27.449,0.90691,0.9068,2.03,1.19
15-08-2014,00:56:27.966,0.90691,0.90679,2.03,1.19
15-08-2014,00:56:30.695,0.90691,0.90679,2.03,1
15-08-2014,00:56:32.697,0.90691,0.90679,2.97,1
15-08-2014,00:56:33.241,0.90691,0.90679,2.22,1
15-08-2014,00:56:33.778,0.90691,0.90679,2.22,1
15-08-2014,00:56:40.979,0.90691,0.90679,2.89,1
15-08-2014,00:57:02.491,0.90691,0.90679,1.18,1.38
15-08-2014,00:57:13.928,0.90691,0.90679,1.18,1.38
15-08-2014,00:57:14.439,0.90691,0.90679,1,1.45
15-08-2014,00:57:16.180,0.90691,0.90679,1.25,1.33
15-08-2014,00:57:22.699,0.90692,0.90679,1.29,1.7
15-08-2014,00:57:23.586,0.90694,0.90679,2.89,2.22
15-08-2014,00:57:23.738,0.90694,0.90679,2.07,3.72
15-08-2014,00:57:24.244,0.90694,0.90679,2.07,3.72
15-08-2014,00:57:25.688,0.90695,0.90682,2.07,1.4
15-08-2014,00:57:25.951,0.90698,0.90688,1,1
15-08-2014,00:57:26.459,0.907,0.90688,2.89,1.1
15-08-2014,00:57:30.412,0.90702,0.9069,2.97,1
15-08-2014,00:57:30.918,0.90702,0.9069,2.07,1
15-08-2014,00:57:31.323,0.90702,0.90693,1.19,1
15-08-2014,00:57:31.830,0.90703,0.90693,1.32,1
15-08-2014,00:57:32.335,0.90703,0.90693,1.19,1.18
15-08-2014,00:57:32.611,0.90705,0.90693,1.63,1.18
15-08-2014,00:57:33.380,0.90705,0.90693,1.63,1.18
15-08-2014,00:57:33.532,0.90705,0.90693,1.47,1
15-08-2014,00:57:38.185,0.90703,0.90693,1.29,1
15-08-2014,00:57:39.328,0.90704,0.90693,1.39,1
15-08-2014,00:57:43.345,0.90704,0.90693,1.67,1
15-08-2014,00:57:43.654,0.90703,0.90693,1.57,1
15-08-2014,00:57:43.857,0.90702,0.9069,2.22,1
15-08-2014,00:57:44.120,0.907,0.90688,1.2,1.1
15-08-2014,00:57:44.707,0.907,0.90688,1.48,1.1
15-08-2014,00:57:51.005,0.907,0.90688,1.69,1.08
15-08-2014,00:57:51.106,0.907,0.90688,1.69,1.15
15-08-2014,00:57:52.062,0.907,0.90688,1,1.15
15-08-2014,00:57:53.745,0.907,0.90688,1.25,1.09
15-08-2014,00:57:54.299,0.907,0.90688,1.69,1.18
15-08-2014,00:57:55.566,0.907,0.90688,2.07,1.18
15-08-2014,00:57:56.106,0.907,0.90688,2.07,1.18
15-08-2014,00:58:06.865,0.907,0.90688,1.32,1.09
15-08-2014,00:58:09.175,0.907,0.90688,2.07,1.18
15-08-2014,00:58:12.303,0.907,0.90688,1.32,1.09
15-08-2014,00:58:15.066,0.907,0.90688,2.07,1.18
15-08-2014,00:58:16.212,0.907,0.90688,1.32,1.18
15-08-2014,00:58:34.182,0.907,0.90688,2.82,1.18
15-08-2014,00:58:35.102,0.907,0.90688,2.89,1.2
15-08-2014,00:58:43.708,0.907,0.90688,1.2,1.1
15-08-2014,00:58:44.771,0.907,0.90686,1.39,1.47
15-08-2014,00:58:54.391,0.90701,0.90688,1.74,1.02
15-08-2014,00:58:59.078,0.90701,0.90688,1.74,1.02
15-08-2014,00:59:00.271,0.90701,0.90688,1.74,1.77
15-08-2014,00:59:04.883,0.907,0.90688,1.39,1.1
15-08-2014,00:59:07.260,0.90701,0.90688,1.74,1.1
15-08-2014,00:59:11.161,0.907,0.90688,1.39,1.1
15-08-2014,00:59:18.861,0.907,0.90688,1.39,1.02
15-08-2014,00:59:18.912,0.907,0.9069,1.39,1
15-08-2014,00:59:19.844,0.90701,0.9069,1.74,1
15-08-2014,00:59:20.361,0.90701,0.9069,1.74,1
15-08-2014,00:59:20.912,0.90701,0.9069,1.72,1
15-08-2014,00:59:21.444,0.90701,0.9069,1.77,1
15-08-2014,00:59:26.894,0.90702,0.9069,2.97,1
15-08-2014,00:59:27.400,0.907,0.9069,1,1
15-08-2014,00:59:27.905,0.90701,0.9069,1.47,1
15-08-2014,00:59:28.420,0.90701,0.9069,2.22,1
15-08-2014,00:59:29.216,0.90701,0.9069,1.47,1
15-08-2014,00:59:29.723,0.90701,0.9069,1.47,1
15-08-2014,00:59:32.301,0.90699,0.9069,1,1
15-08-2014,00:59:32.707,0.90697,0.9069,1,1
15-08-2014,00:59:32.859,0.90698,0.90687,1.13,1.84
15-08-2014,00:59:33.382,0.90698,0.90685,1.2,1.77
15-08-2014,00:59:36.371,0.90699,0.90687,2.14,1
15-08-2014,00:59:37.399,0.907,0.90687,3.72,1.25
15-08-2014,00:59:40.069,0.907,0.90687,3.64,1.09
15-08-2014,00:59:41.473,0.907,0.90687,3.64,1.09
15-08-2014,00:59:42.076,0.907,0.90687,3.64,1.33
15-08-2014,00:59:42.587,0.907,0.90687,3.57,1.09
15-08-2014,00:59:44.947,0.907,0.90688,2.82,1
15-08-2014,00:59:47.308,0.907,0.90688,2.07,1
15-08-2014,00:59:48.313,0.907,0.90688,2.82,1
15-08-2014,00:59:49.502,0.907,0.90688,2.82,1
15-08-2014,00:59:58.662,0.907,0.90689,1.47,1
15-08-2014,00:59:59.184,0.90701,0.9069,1.19,1.1
15-08-2014,00:59:59.702,0.90702,0.90691,1.39,1
15-08-2014,01:00:00.302,0.90703,0.90691,2.22,1
15-08-2014,01:00:00.836,0.90703,0.9069,2.97,1
15-08-2014,01:00:01.659,0.90701,0.9069,1.29,1
15-08-2014,01:00:02.687,0.90702,0.9069,1.39,1
15-08-2014,01:00:03.665,0.90701,0.9069,1.19,1.1
15-08-2014,01:00:05.960,0.90701,0.9069,1.57,1
15-08-2014,01:00:06.314,0.907,0.90688,2.14,1.58
15-08-2014,01:00:08.602,0.90699,0.90688,1.32,1
15-08-2014,01:00:30.263,0.90699,0.90688,1.47,1
15-08-2014,01:00:44.275,0.90699,0.90688,1.67,1
15-08-2014,01:00:51.121,0.90699,0.90687,1.37,1
15-08-2014,01:00:54.863,0.90698,0.90687,1.29,1
15-08-2014,01:00:56.192,0.90699,0.90687,1.37,1.5
15-08-2014,01:01:04.510,0.90699,0.90687,1.47,1.5
15-08-2014,01:01:12.483,0.90699,0.90687,1.39,1.1
15-08-2014,01:01:24.524,0.907,0.90687,2.97,1.1
15-08-2014,01:01:26.825,0.90699,0.90687,1.39,1.1
15-08-2014,01:01:31.837,0.90699,0.90685,1.32,1.72
15-08-2014,01:01:32.341,0.90699,0.90687,1.39,1.1
15-08-2014,01:01:55.177,0.907,0.90687,2.22,1.1
15-08-2014,01:02:00.817,0.90699,0.90687,1.39,1.2
15-08-2014,01:02:26.117,0.907,0.90684,2.82,2.22
15-08-2014,01:02:27.930,0.90699,0.90685,1.39,1.72
15-08-2014,01:02:28.434,0.907,0.90685,1.65,1.72
15-08-2014,01:02:29.277,0.90702,0.90685,3.72,2.97
15-08-2014,01:02:29.805,0.907,0.90686,1.84,1.47
15-08-2014,01:02:30.457,0.907,0.90686,1.77,1.72
15-08-2014,01:02:31.338,0.907,0.90688,1.32,1.65
15-08-2014,01:02:31.856,0.90701,0.9069,2.07,1.1
15-08-2014,01:02:32.940,0.90702,0.9069,2.14,1.1
15-08-2014,01:02:33.244,0.90702,0.9069,1,3.9
15-08-2014,01:02:36.142,0.90702,0.90695,1,1
15-08-2014,01:03:03.581,0.90701,0.90691,1,1.47
15-08-2014,01:03:12.991,0.90703,0.90693,1.5,1.1
15-08-2014,01:03:14.210,0.90703,0.90693,1,1.18
15-08-2014,01:03:14.808,0.90705,0.90693,2.07,1.18
15-08-2014,01:03:20.542,0.90704,0.90693,2.07,1.18
15-08-2014,01:03:22.450,0.90704,0.90693,2.07,1.18
15-08-2014,01:03:27.563,0.90705,0.90693,2.44,1.55
15-08-2014,01:03:28.536,0.90705,0.90693,1.25,1.47
15-08-2014,01:03:39.565,0.90705,0.90693,1,1.78
15-08-2014,01:03:39.928,0.90707,0.90695,1.77,1.48
15-08-2014,01:03:40.599,0.90706,0.90695,1.19,1.45
15-08-2014,01:03:40.903,0.9071,0.907,1.69,1.1
15-08-2014,01:03:41.788,0.9071,0.907,1,1.1
15-08-2014,01:03:43.536,0.90709,0.907,1,1.1
15-08-2014,01:03:59.208,0.9071,0.907,1,1.1
15-08-2014,01:04:06.127,0.9071,0.907,1.77,1
15-08-2014,01:04:12.398,0.9071,0.90698,1.77,1.48
15-08-2014,01:04:20.148,0.9071,0.90698,1.77,1.2
15-08-2014,01:04:26.869,0.9071,0.90698,1.77,1.48
15-08-2014,01:04:31.771,0.9071,0.90698,1.02,1.39
15-08-2014,01:04:34.665,0.9071,0.90698,1.77,1.48
15-08-2014,01:04:40.477,0.9071,0.90698,1.02,1.48
15-08-2014,01:04:50.970,0.90708,0.90698,1,1.39
15-08-2014,01:04:52.660,0.90708,0.90696,1,3.72
15-08-2014,01:04:52.964,0.90706,0.90696,1,2.22
15-08-2014,01:04:53.471,0.90705,0.90696,1,1.13
15-08-2014,01:04:54.394,0.90705,0.90696,1,1.38
15-08-2014,01:04:54.900,0.90706,0.90693,1.25,2.38
15-08-2014,01:04:55.443,0.90706,0.90693,1.69,1.95
15-08-2014,01:05:01.733,0.90706,0.90693,1.25,2.38
15-08-2014,01:05:02.393,0.90705,0.90693,1,2.38
15-08-2014,01:05:04.927,0.90705,0.90693,1.25,1.95
15-08-2014,01:05:08.161,0.90706,0.90693,1.25,1.7
15-08-2014,01:05:14.631,0.90705,0.90693,1,1.7
15-08-2014,01:05:18.807,0.90704,0.90693,1,1.47
15-08-2014,01:05:19.366,0.90704,0.90693,1.5,1.47
15-08-2014,01:05:39.152,0.90704,0.90692,1.5,1.55
15-08-2014,01:05:50.746,0.90704,0.90691,1.58,1.47
15-08-2014,01:05:52.023,0.90703,0.90691,1.29,1.48
15-08-2014,01:05:52.534,0.90703,0.90691,1.29,1.48
15-08-2014,01:06:00.235,0.90702,0.90691,1.19,1.45
15-08-2014,01:06:01.449,0.90703,0.90691,1.19,1.45
15-08-2014,01:06:17.576,0.90702,0.90691,1.19,1.45
15-08-2014,01:06:20.333,0.90703,0.90689,1.19,2.97
15-08-2014,01:06:23.348,0.90702,0.90689,1.19,2.22
15-08-2014,01:06:29.347,0.90703,0.90689,1.19,2.97
15-08-2014,01:06:32.352,0.90704,0.90689,1.77,2.22
15-08-2014,01:06:34.692,0.90703,0.90689,1.19,2.97
15-08-2014,01:07:49.093,0.90704,0.90689,1.77,1.47
15-08-2014,01:07:52.410,0.90703,0.90689,1.69,1.72
15-08-2014,01:08:24.439,0.90704,0.90692,1.77,1.2
15-08-2014,01:08:27.739,0.90703,0.90692,1.19,1.2
15-08-2014,01:08:33.877,0.90703,0.90692,1.19,1.48
15-08-2014,01:08:34.372,0.90705,0.90692,1.37,1.48
15-08-2014,01:08:35.730,0.90704,0.90692,1.29,1.48
15-08-2014,01:08:37.133,0.90703,0.90692,1.19,1.48
15-08-2014,01:08:39.269,0.90705,0.90692,1.37,1.48
15-08-2014,01:08:41.831,0.90705,0.90692,1.34,1.38
15-08-2014,01:08:42.399,0.90705,0.90692,1.37,1.48
15-08-2014,01:08:42.961,0.90703,0.90692,1.19,1.48
15-08-2014,01:08:44.579,0.90704,0.90692,1.29,1.48
15-08-2014,01:09:01.904,0.90703,0.90693,1.19,1.13
15-08-2014,01:09:07.577,0.90704,0.90692,1.69,1.55
15-08-2014,01:09:14.688,0.90703,0.90692,1.19,1.55
15-08-2014,01:09:17.492,0.90704,0.90692,1.69,1.55
15-08-2014,01:09:21.242,0.90703,0.90692,1.19,1.55
15-08-2014,01:09:31.545,0.90703,0.90692,1.25,1.38
15-08-2014,01:09:34.130,0.90703,0.90692,1.77,1.38
15-08-2014,01:09:35.182,0.90703,0.90692,1.77,1.13
15-08-2014,01:09:55.044,0.90703,0.90692,1.02,1.13
15-08-2014,01:10:00.693,0.90703,0.90692,1.69,1.2
15-08-2014,01:10:16.925,0.90703,0.90692,1.69,1.38
15-08-2014,01:10:35.190,0.90703,0.90692,1.29,1.13
15-08-2014,01:10:48.588,0.90703,0.90692,1.29,1.38
15-08-2014,01:10:52.539,0.90703,0.90692,1.29,1.13
15-08-2014,01:11:03.246,0.90703,0.90692,1.77,1.38
15-08-2014,01:11:04.172,0.90702,0.90693,1.19,1.13
15-08-2014,01:11:07.451,0.90703,0.90693,1.77,1.13
15-08-2014,01:11:10.698,0.90703,0.90692,1.29,1
15-08-2014,01:11:37.226,0.90702,0.90692,1.69,1.13
15-08-2014,01:11:39.900,0.90702,0.90692,1.25,1.13
15-08-2014,01:11:40.611,0.90702,0.90692,1.25,1.38
15-08-2014,01:11:54.439,0.90702,0.90689,1.19,1.78
15-08-2014,01:11:58.328,0.90703,0.90693,1.77,1.13
15-08-2014,01:12:04.038,0.90701,0.90689,1,2.22
15-08-2014,01:12:04.545,0.90701,0.90689,1,2.22
15-08-2014,01:12:06.987,0.90701,0.90689,1.25,1.78
15-08-2014,01:12:31.464,0.90701,0.90688,1.25,2.97
15-08-2014,01:12:53.058,0.90701,0.90694,1,1
15-08-2014,01:12:53.577,0.90703,0.90694,2.44,1
15-08-2014,01:12:54.087,0.90703,0.90694,1.69,1
15-08-2014,01:13:04.037,0.90703,0.90694,2.44,1
15-08-2014,01:13:04.342,0.90702,0.9069,1.25,1.84
15-08-2014,01:13:04.858,0.90701,0.9069,1,1.77
15-08-2014,01:13:11.338,0.90701,0.9069,1.13,1.02
15-08-2014,01:13:28.896,0.907,0.9069,1,1.1
15-08-2014,01:13:29.047,0.90698,0.9069,1,1.1
15-08-2014,01:13:29.554,0.90698,0.90689,1,1
15-08-2014,01:13:39.430,0.90698,0.90686,1.5,2.97
15-08-2014,01:13:40.040,0.90698,0.90686,1.77,1.02
15-08-2014,01:13:40.142,0.90696,0.90686,1,1.02
15-08-2014,01:13:44.164,0.90696,0.90686,1,1.09
15-08-2014,01:13:44.679,0.90696,0.90686,1,1.02
15-08-2014,01:13:45.167,0.90694,0.90686,1,1.1
15-08-2014,01:13:45.673,0.90694,0.90684,1.1,1.38
15-08-2014,01:13:51.651,0.90694,0.90684,1.1,1.25
15-08-2014,01:13:52.157,0.90693,0.90684,1,1.25
15-08-2014,01:13:52.916,0.90692,0.90684,1,1
15-08-2014,01:13:53.220,0.9069,0.90681,1,1.38
15-08-2014,01:14:02.006,0.90693,0.90681,1.84,1.38
15-08-2014,01:14:02.543,0.90693,0.90681,1.84,1.38
15-08-2014,01:14:03.094,0.90693,0.90681,1.84,1.38
15-08-2014,01:14:03.627,0.90693,0.90681,1.84,1.38
15-08-2014,01:14:07.221,0.90693,0.90681,1.84,1.13
15-08-2014,01:14:07.938,0.90691,0.90679,1.1,2.89
15-08-2014,01:14:08.777,0.90691,0.90679,1.15,2.07
15-08-2014,01:14:10.056,0.90691,0.90679,1.47,1.32
15-08-2014,01:14:14.324,0.90688,0.90676,1,3.72
15-08-2014,01:14:14.851,0.90688,0.90677,1,1.29
15-08-2014,01:14:18.573,0.90688,0.90676,1.88,1.18
15-08-2014,01:14:35.488,0.90688,0.90676,1.63,1.84
15-08-2014,01:14:46.727,0.90688,0.90676,1.88,1.84
15-08-2014,01:14:47.253,0.90687,0.90676,1,1.84
15-08-2014,01:14:49.265,0.90687,0.90676,1,1.02
15-08-2014,01:15:00.183,0.90687,0.90676,1,1.77
15-08-2014,01:15:02.276,0.90687,0.90676,1,1.02
15-08-2014,01:15:04.900,0.90687,0.90676,1.38,1.02
15-08-2014,01:15:12.995,0.90687,0.90676,1.39,1
15-08-2014,01:15:14.353,0.90686,0.90674,1.38,1.37
15-08-2014,01:15:14.873,0.90684,0.90673,1.13,1.09
15-08-2014,01:15:15.025,0.90682,0.90672,1,1.37
15-08-2014,01:15:15.178,0.90683,0.90671,1.28,1.69
15-08-2014,01:15:15.702,0.90681,0.90671,1,1
15-08-2014,01:15:16.372,0.90683,0.90671,1.65,1.5
15-08-2014,01:15:18.588,0.90681,0.90671,1,1
15-08-2014,01:15:19.371,0.90683,0.90671,1.09,1.25
15-08-2014,01:15:25.729,0.90684,0.90671,1.84,2.07
15-08-2014,01:15:28.598,0.90684,0.90671,2.59,1.32
15-08-2014,01:15:33.035,0.90683,0.90677,1,1
15-08-2014,01:15:33.390,0.90687,0.90676,1,2.78
15-08-2014,01:15:33.492,0.90687,0.90676,1.38,1.1
15-08-2014,01:15:33.543,0.90688,0.90678,2.7,1
15-08-2014,01:15:33.849,0.90693,0.90684,1.2,1
15-08-2014,01:15:34.204,0.90696,0.90686,1.84,1
15-08-2014,01:15:35.108,0.90695,0.90686,1.02,1
15-08-2014,01:15:35.482,0.90695,0.90686,1.39,1
15-08-2014,01:15:43.554,0.90696,0.90686,2.22,1
15-08-2014,01:15:44.074,0.90696,0.90686,2.22,1
15-08-2014,01:15:44.845,0.90696,0.90686,1.63,1
15-08-2014,01:15:45.704,0.90696,0.90686,1.39,1
15-08-2014,01:15:49.669,0.90697,0.90686,2.22,1.5
15-08-2014,01:17:30.301,0.90696,0.90686,1.48,1
15-08-2014,01:17:31.114,0.90695,0.90685,1.13,1.25
15-08-2014,01:17:31.619,0.90697,0.90686,1.55,1
15-08-2014,01:17:51.423,0.90697,0.90687,1.63,1
15-08-2014,01:17:54.360,0.90697,0.90687,1.63,1
15-08-2014,01:18:12.110,0.90698,0.90687,2.22,1
15-08-2014,01:18:24.832,0.90699,0.90687,1.72,1
15-08-2014,01:18:33.427,0.90698,0.90687,1.32,1
15-08-2014,01:18:34.343,0.90699,0.90687,1.47,1
15-08-2014,01:18:40.537,0.90698,0.90687,1.32,1
15-08-2014,01:18:44.883,0.90698,0.90687,1.57,1
15-08-2014,01:19:03.763,0.90696,0.90686,1.13,1
15-08-2014,01:19:04.311,0.90696,0.90684,1.58,1.19
15-08-2014,01:19:04.895,0.90696,0.90683,1.47,1.69
15-08-2014,01:19:05.759,0.90696,0.90683,1.47,1.69
15-08-2014,01:19:06.498,0.90696,0.90683,1.47,1.69
15-08-2014,01:19:07.004,0.90694,0.90682,1.13,1.19
15-08-2014,01:19:07.409,0.90691,0.90683,1,1
15-08-2014,01:19:07.562,0.90691,0.9068,2.33,1.19
15-08-2014,01:19:07.613,0.90691,0.90678,2.33,1.09
15-08-2014,01:19:17.871,0.90691,0.90679,2.89,1.02
15-08-2014,01:19:21.212,0.90691,0.90679,2.89,1.02
15-08-2014,01:19:24.026,0.90691,0.90679,2.89,1.02
15-08-2014,01:19:35.838,0.90691,0.90679,3.64,1.1
15-08-2014,01:19:54.886,0.90689,0.90678,1.38,1.84
15-08-2014,01:19:55.406,0.90687,0.90678,1,1.02
15-08-2014,01:19:55.923,0.90687,0.90676,1,2.59
15-08-2014,01:20:16.512,0.90688,0.90678,1.38,1
15-08-2014,01:20:17.026,0.90688,0.90678,1.13,1
15-08-2014,01:20:55.606,0.90691,0.90678,1.72,1.25
15-08-2014,01:21:06.556,0.9069,0.90678,1.74,1
15-08-2014,01:21:17.635,0.9069,0.90678,2.22,1
15-08-2014,01:21:18.142,0.90687,0.90676,1.13,1.84
15-08-2014,01:21:18.660,0.90687,0.90676,1.38,1.37
15-08-2014,01:21:23.896,0.90687,0.90677,1.13,1.1
15-08-2014,01:21:25.684,0.90687,0.90676,1.38,1.37
15-08-2014,01:21:38.245,0.90687,0.90675,1.38,1.84
15-08-2014,01:21:42.267,0.90687,0.90675,1.13,1.84
15-08-2014,01:22:06.893,0.90686,0.90677,1,1
15-08-2014,01:22:07.429,0.90686,0.90677,1.38,1
15-08-2014,01:22:20.932,0.90686,0.90677,1,1
15-08-2014,01:22:26.480,0.90686,0.90675,1.13,2.44
15-08-2014,01:22:27.592,0.90686,0.90675,1,1.25
15-08-2014,01:22:29.404,0.90686,0.90675,1,1.63
15-08-2014,01:22:29.949,0.90686,0.90675,1,1.25
15-08-2014,01:22:30.306,0.90686,0.90677,1,1
15-08-2014,01:22:51.504,0.90687,0.90677,1,1.1
15-08-2014,01:22:52.155,0.90687,0.90677,1.13,1.08
15-08-2014,01:23:00.380,0.90687,0.90677,1.13,1.02
15-08-2014,01:23:05.425,0.90688,0.90677,1.13,1.02
15-08-2014,01:23:05.729,0.90688,0.9068,1,1
15-08-2014,01:23:18.498,0.90687,0.9068,1.13,1
15-08-2014,01:23:20.363,0.90687,0.9068,1.38,1
15-08-2014,01:23:20.723,0.90687,0.90676,1.13,1.4
15-08-2014,01:23:39.426,0.90686,0.90676,1,1.4
15-08-2014,01:24:15.125,0.90687,0.90676,1.32,1.65
15-08-2014,01:24:19.107,0.90687,0.90676,1,1.25
15-08-2014,01:24:27.379,0.90686,0.90675,1,1.69
15-08-2014,01:24:43.251,0.90686,0.90677,1,1
15-08-2014,01:24:43.906,0.90686,0.90678,1,1
15-08-2014,01:25:00.277,0.90686,0.90677,1,1
15-08-2014,01:25:06.213,0.90686,0.90678,1,1
15-08-2014,01:25:06.886,0.90686,0.90677,1,1.1
15-08-2014,01:25:44.190,0.90686,0.90675,1,2.22
15-08-2014,01:26:03.503,0.90686,0.90675,1,2.22
15-08-2014,01:26:34.855,0.90687,0.90675,1,2.22
15-08-2014,01:26:51.200,0.90687,0.90677,1,1
15-08-2014,01:26:52.066,0.90687,0.90677,1,1.08
15-08-2014,01:26:58.541,0.90687,0.9068,1,1
15-08-2014,01:26:58.845,0.90688,0.90682,1,1
15-08-2014,01:26:59.149,0.90692,0.90685,1.65,1
15-08-2014,01:27:42.831,0.90692,0.90687,1.08,1
15-08-2014,01:27:43.185,0.90692,0.90685,1.15,1
15-08-2014,01:27:45.161,0.90692,0.90685,1.08,1
15-08-2014,01:27:52.193,0.90692,0.90685,1,1
15-08-2014,01:28:15.084,0.90692,0.90687,1,1
15-08-2014,01:28:15.287,0.90692,0.90685,1,1
15-08-2014,01:28:15.698,0.90692,0.90683,1,1.32
15-08-2014,01:28:29.315,0.90692,0.90684,1,1
15-08-2014,01:28:39.010,0.90692,0.90685,1,1
15-08-2014,01:28:39.213,0.90692,0.90682,1,2.14
15-08-2014,01:28:40.275,0.90692,0.90682,1,1
15-08-2014,01:28:44.757,0.90692,0.90682,1,1.84
15-08-2014,01:29:06.360,0.90691,0.90683,1,1.1
15-08-2014,01:29:06.911,0.90691,0.90682,1,1.39
15-08-2014,01:29:12.321,0.90691,0.90682,1,1.09
15-08-2014,01:29:12.575,0.90694,0.90689,1.25,1
15-08-2014,01:29:13.082,0.90695,0.90689,1,1
15-08-2014,01:29:56.413,0.90698,0.90689,2.07,1
15-08-2014,01:29:56.921,0.90698,0.90689,1,1
15-08-2014,01:30:04.245,0.90697,0.90689,1,1
15-08-2014,01:30:12.583,0.90697,0.90685,1,1.47
15-08-2014,01:30:17.232,0.90697,0.90686,1,1.02
15-08-2014,01:30:20.227,0.90697,0.90689,1,1
15-08-2014,01:30:20.811,0.90695,0.90689,1,1
15-08-2014,01:30:21.014,0.90694,0.90686,1,1.25
15-08-2014,01:30:21.520,0.90694,0.90685,1,1.32
15-08-2014,01:30:22.025,0.90694,0.90686,1,1
15-08-2014,01:30:27.450,0.90694,0.90687,1,1
15-08-2014,01:30:43.840,0.90694,0.90686,1,1.5
15-08-2014,01:30:53.863,0.90694,0.90688,1,1
15-08-2014,01:30:54.268,0.90694,0.90686,1,1.5
15-08-2014,01:30:55.195,0.90694,0.90688,1,1
15-08-2014,01:30:55.701,0.90694,0.90687,1,1
15-08-2014,01:30:56.231,0.90694,0.90688,1,1
15-08-2014,01:30:57.722,0.90694,0.90687,1,1
15-08-2014,01:31:47.287,0.90696,0.90687,1.1,1
15-08-2014,01:31:48.060,0.90696,0.90688,1.1,1
15-08-2014,01:31:51.496,0.90696,0.90687,1.1,1
15-08-2014,01:31:56.195,0.90696,0.90687,1.18,1
15-08-2014,01:32:17.169,0.90698,0.90687,2.22,1
15-08-2014,01:32:20.401,0.90698,0.90687,2.22,1
15-08-2014,01:32:21.972,0.90698,0.90687,2.22,1
15-08-2014,01:32:22.490,0.90698,0.90687,2.22,1
15-08-2014,01:32:23.383,0.90698,0.90687,2.22,1
15-08-2014,01:32:37.917,0.90698,0.90686,1.78,1
15-08-2014,01:32:41.288,0.90698,0.90686,1.47,1
15-08-2014,01:32:41.794,0.90698,0.90685,1.78,1.88
15-08-2014,01:32:48.814,0.90698,0.90686,1.09,1
15-08-2014,01:32:49.320,0.90698,0.90687,1.47,1
15-08-2014,01:32:54.728,0.90698,0.90685,1.84,1.69
15-08-2014,01:32:55.233,0.90698,0.90685,1.84,1.02
15-08-2014,01:33:00.022,0.90698,0.90684,1.09,2.97
15-08-2014,01:33:00.554,0.90698,0.90684,1.09,2.97
15-08-2014,01:33:01.080,0.90698,0.90685,1.4,1
15-08-2014,01:33:01.582,0.90698,0.90685,1.33,1.1
15-08-2014,01:33:02.107,0.90698,0.90685,1.84,1.25
15-08-2014,01:33:05.386,0.90698,0.90686,1.84,1
15-08-2014,01:33:06.405,0.90698,0.90688,1.84,1
15-08-2014,01:33:06.910,0.90698,0.90688,1.77,1
15-08-2014,01:33:07.411,0.90698,0.90689,1.1,1
15-08-2014,01:33:08.353,0.90698,0.90688,1.1,1
15-08-2014,01:33:08.858,0.90698,0.90686,1.1,2.14
15-08-2014,01:33:10.297,0.90698,0.90686,1.02,1.39
15-08-2014,01:33:23.571,0.90698,0.90688,1.02,1
15-08-2014,01:33:24.755,0.90698,0.90689,1.02,1
15-08-2014,01:33:36.829,0.90698,0.90689,1.09,1
15-08-2014,01:34:02.335,0.90698,0.90689,1.47,1
15-08-2014,01:34:08.339,0.90698,0.90689,1.47,1
15-08-2014,01:34:12.238,0.90698,0.90689,1.47,1
15-08-2014,01:34:29.082,0.90698,0.90689,1.47,1
15-08-2014,01:34:29.594,0.90698,0.90689,1.47,1
15-08-2014,01:34:30.127,0.90698,0.90689,1.47,1
15-08-2014,01:34:38.786,0.90698,0.90688,1.47,1
15-08-2014,01:35:00.535,0.90698,0.90688,1.47,1
15-08-2014,01:35:06.640,0.90698,0.90688,1.4,1
15-08-2014,01:35:07.151,0.90698,0.90689,1.4,1
15-08-2014,01:35:07.662,0.90698,0.90689,1.09,1
15-08-2014,01:35:09.252,0.90698,0.90689,1.15,1
15-08-2014,01:35:09.353,0.90698,0.90689,1.1,1
15-08-2014,01:35:09.867,0.90698,0.90688,1.18,1
15-08-2014,01:35:10.383,0.90698,0.90688,1.4,1
15-08-2014,01:35:10.938,0.90698,0.90688,1.09,1
15-08-2014,01:35:21.655,0.90698,0.90688,1.4,1
15-08-2014,01:35:22.165,0.90698,0.90688,1.18,1
15-08-2014,01:35:31.712,0.90698,0.90688,1.15,1
15-08-2014,01:35:32.238,0.90698,0.90688,1.18,1
15-08-2014,01:35:33.235,0.90698,0.90688,1.09,1
15-08-2014,01:35:33.761,0.90698,0.90688,1.09,1
15-08-2014,01:35:34.306,0.90698,0.90688,1.4,1
15-08-2014,01:35:47.108,0.90699,0.90688,1.47,1
15-08-2014,01:35:50.027,0.90699,0.90688,1.47,1
15-08-2014,01:35:50.541,0.90699,0.90688,1.47,1
15-08-2014,01:35:52.299,0.90699,0.90687,1.47,1.13
15-08-2014,01:36:20.318,0.90699,0.90688,1.47,1
15-08-2014,01:36:21.522,0.90699,0.90687,1.47,1.13
15-08-2014,01:36:46.930,0.90699,0.90688,1.47,1
15-08-2014,01:36:50.171,0.90699,0.90688,1.32,1
15-08-2014,01:37:09.164,0.90699,0.90688,1.39,1
15-08-2014,01:37:09.720,0.90699,0.90688,1.47,1
15-08-2014,01:37:13.490,0.907,0.90687,2.22,2.07
15-08-2014,01:37:13.996,0.907,0.90687,2.22,2.07
15-08-2014,01:37:14.516,0.907,0.90688,2.22,1
15-08-2014,01:37:59.201,0.907,0.90687,2.22,1.69
15-08-2014,01:38:13.018,0.90699,0.90687,1.47,1.5
15-08-2014,01:38:16.196,0.90699,0.90687,1.47,1.5
15-08-2014,01:38:16.398,0.90699,0.90687,1.47,1.5
15-08-2014,01:38:25.920,0.90699,0.90687,1.47,1.5
15-08-2014,01:38:26.441,0.90699,0.90687,1.47,1.5
15-08-2014,01:38:27.019,0.90699,0.90687,1.47,1.5
15-08-2014,01:38:27.540,0.90699,0.90687,1.47,1.5
15-08-2014,01:38:30.801,0.90699,0.90687,1.47,1.5
15-08-2014,01:38:31.331,0.90699,0.90687,1.47,1.5
15-08-2014,01:38:31.899,0.907,0.90687,4.09,1.5
15-08-2014,01:38:32.406,0.907,0.90687,4.84,1.5
15-08-2014,01:38:33.324,0.90699,0.90687,1.47,1.5
15-08-2014,01:38:33.850,0.90699,0.90687,1.47,1.5
15-08-2014,01:38:38.154,0.907,0.90687,4.84,1.5
15-08-2014,01:38:43.227,0.907,0.90687,4.84,1.5
15-08-2014,01:38:43.749,0.907,0.90687,4.84,1.5
15-08-2014,01:38:44.670,0.907,0.90687,4.84,1.5
15-08-2014,01:38:50.482,0.907,0.90687,4.84,1.5
15-08-2014,01:38:51.461,0.907,0.90687,4.84,1.5
15-08-2014,01:38:54.287,0.907,0.90687,4.84,1.5
15-08-2014,01:38:55.162,0.907,0.90687,4.84,1.5
15-08-2014,01:38:59.144,0.907,0.90687,1.72,1.5
15-08-2014,01:39:19.243,0.90699,0.90687,1.72,1.5
15-08-2014,01:39:30.023,0.907,0.90687,1.72,1.5
15-08-2014,01:39:30.542,0.907,0.90688,1.72,1
15-08-2014,01:39:31.075,0.907,0.90688,1.72,1
15-08-2014,01:39:43.248,0.90699,0.90688,1.47,1
15-08-2014,01:39:43.762,0.90699,0.90688,1.47,1
15-08-2014,01:40:07.466,0.90699,0.90688,1.47,1
15-08-2014,01:40:07.975,0.90699,0.90688,1.47,1
15-08-2014,01:40:22.191,0.90699,0.90688,1.72,1
15-08-2014,01:40:23.817,0.907,0.90688,2.97,1
15-08-2014,01:40:24.325,0.907,0.90688,2.97,1
15-08-2014,01:40:24.899,0.907,0.90688,2.97,1
15-08-2014,01:40:25.441,0.907,0.90688,2.97,1
15-08-2014,01:40:25.542,0.907,0.90688,2.97,1
15-08-2014,01:40:25.644,0.907,0.90688,2.97,1
15-08-2014,01:40:25.745,0.907,0.90686,2.97,1.13
15-08-2014,01:40:26.282,0.907,0.90686,2.97,1.13
15-08-2014,01:40:26.940,0.907,0.90686,2.97,1.13
15-08-2014,01:40:27.446,0.907,0.90686,2.97,1.13
15-08-2014,01:40:27.956,0.907,0.90686,2.97,1.13
15-08-2014,01:40:28.577,0.907,0.90686,2.97,1.13
15-08-2014,01:40:29.079,0.907,0.90686,2.97,1.13
15-08-2014,01:40:29.603,0.907,0.90686,2.97,1.13
15-08-2014,01:40:30.528,0.907,0.90686,2.97,1.13
15-08-2014,01:40:31.042,0.907,0.90686,2.97,1.13
15-08-2014,01:40:32.220,0.907,0.90687,2.97,1
15-08-2014,01:40:33.409,0.907,0.90687,2.97,1
15-08-2014,01:40:33.561,0.907,0.90687,2.97,1
15-08-2014,01:40:35.053,0.907,0.90687,2.97,1
15-08-2014,01:40:35.597,0.90698,0.90687,1.47,1
15-08-2014,01:40:36.159,0.90698,0.90687,1.47,1
15-08-2014,01:40:36.774,0.90698,0.90687,1.47,1
15-08-2014,01:40:37.747,0.90698,0.90687,1.47,1
15-08-2014,01:40:38.254,0.90698,0.90687,1.47,1
15-08-2014,01:40:39.447,0.90699,0.90687,1.72,1
15-08-2014,01:40:39.810,0.90699,0.90687,1.72,1
15-08-2014,01:40:40.330,0.90699,0.90686,1.72,1.32
15-08-2014,01:40:40.874,0.90699,0.90687,1.72,1
15-08-2014,01:40:41.385,0.90699,0.90687,1.72,1
15-08-2014,01:40:41.921,0.90699,0.90687,1.72,1
15-08-2014,01:40:42.522,0.90699,0.90687,1.72,1
15-08-2014,01:40:43.027,0.90699,0.90687,1.72,1
15-08-2014,01:40:44.024,0.90699,0.90687,1.72,1
15-08-2014,01:40:44.566,0.90699,0.90687,1.72,1
15-08-2014,01:40:45.090,0.90699,0.90687,1.72,1
15-08-2014,01:40:45.595,0.90699,0.90687,1.72,1
15-08-2014,01:40:46.108,0.90699,0.90687,1.72,1
15-08-2014,01:40:46.629,0.90698,0.90687,1.47,1
15-08-2014,01:40:47.133,0.90698,0.90687,1.47,1
15-08-2014,01:40:47.742,0.90698,0.90687,1.47,1
15-08-2014,01:40:50.457,0.90698,0.90687,1.47,1
15-08-2014,01:40:50.992,0.90698,0.90687,1.47,1
15-08-2014,01:40:52.202,0.90698,0.90687,1.47,1
15-08-2014,01:40:52.752,0.90698,0.90687,1.47,1
15-08-2014,01:40:53.305,0.90698,0.90687,1.47,1
15-08-2014,01:40:53.841,0.90698,0.90687,1.47,1
15-08-2014,01:40:54.911,0.90698,0.90687,1.47,1
15-08-2014,01:40:55.442,0.90698,0.90687,1.47,1
15-08-2014,01:40:55.989,0.90698,0.90687,1.47,1
15-08-2014,01:40:56.501,0.90698,0.90687,1.47,1
15-08-2014,01:40:57.524,0.90698,0.90687,1.47,1
15-08-2014,01:40:58.031,0.90698,0.90687,1.47,1
15-08-2014,01:40:58.538,0.90698,0.90687,1.47,1
15-08-2014,01:40:59.072,0.90699,0.90687,1.72,1
15-08-2014,01:41:00.238,0.90699,0.90687,1.72,1
15-08-2014,01:41:00.743,0.90699,0.90687,1.72,1
15-08-2014,01:41:01.257,0.90699,0.90688,1.72,1
15-08-2014,01:41:01.806,0.90698,0.90688,1.47,1
15-08-2014,01:41:02.318,0.90698,0.90688,1.47,1
15-08-2014,01:41:02.828,0.90699,0.90688,1.72,1
15-08-2014,01:41:03.905,0.90699,0.90688,1.72,1
15-08-2014,01:41:04.437,0.90699,0.90687,1.72,1
15-08-2014,01:41:04.942,0.90699,0.90688,1.72,1
15-08-2014,01:41:05.728,0.90699,0.90688,1.72,1
15-08-2014,01:41:06.234,0.90699,0.90688,1.72,1
15-08-2014,01:41:06.740,0.90699,0.90688,1.72,1
15-08-2014,01:41:07.245,0.90699,0.90688,1.47,1
15-08-2014,01:41:07.901,0.90699,0.90688,1.47,1
15-08-2014,01:41:08.753,0.90699,0.90688,1.47,1
15-08-2014,01:41:09.643,0.90699,0.90688,1.47,1
15-08-2014,01:41:10.160,0.90699,0.90688,1.47,1
15-08-2014,01:41:10.858,0.90699,0.90688,1.47,1
15-08-2014,01:41:11.363,0.90699,0.90688,1.47,1
15-08-2014,01:41:15.579,0.90699,0.90687,1.47,1
15-08-2014,01:41:15.883,0.90694,0.90686,1.18,1
15-08-2014,01:41:17.095,0.90694,0.90684,1.09,1
15-08-2014,01:41:23.394,0.90694,0.90684,1.4,1
15-08-2014,01:41:23.906,0.90694,0.90684,1.4,1
15-08-2014,01:41:31.694,0.90689,0.90684,1,1
15-08-2014,01:41:31.846,0.90689,0.90682,1,1
15-08-2014,01:41:32.353,0.90691,0.90682,1.18,1
15-08-2014,01:41:32.876,0.90691,0.90681,1.18,1.32
15-08-2014,01:41:33.745,0.90691,0.90683,1.18,1
15-08-2014,01:41:34.821,0.90691,0.90682,1.18,1
15-08-2014,01:41:49.108,0.90691,0.90681,1.18,1
15-08-2014,01:41:51.491,0.90691,0.9068,1.18,2.07
15-08-2014,01:41:52.035,0.90691,0.9068,1.1,2.07
15-08-2014,01:41:55.060,0.90691,0.90679,1.39,1.39
15-08-2014,01:41:55.365,0.90691,0.90679,1.47,1.1
15-08-2014,01:41:55.870,0.90691,0.90679,1.4,1
15-08-2014,01:41:57.897,0.90691,0.90679,1.4,1.88
15-08-2014,01:41:58.049,0.90691,0.9068,1.09,1.38
15-08-2014,01:42:11.970,0.90691,0.90679,1.09,2.07
15-08-2014,01:42:27.105,0.9069,0.9068,1.39,1
15-08-2014,01:42:33.293,0.90691,0.9068,1.74,1
15-08-2014,01:42:42.112,0.9069,0.9068,1.39,1
15-08-2014,01:42:43.516,0.90691,0.9068,1.74,1
15-08-2014,01:42:53.396,0.90691,0.9068,1.72,1
15-08-2014,01:43:04.657,0.90691,0.90678,1.72,1.25
15-08-2014,01:43:11.916,0.9069,0.90678,1.72,1
15-08-2014,01:43:50.693,0.90691,0.90679,1.72,1
15-08-2014,01:43:52.874,0.90691,0.90682,1.72,1
15-08-2014,01:43:52.976,0.90691,0.9068,1.34,1
15-08-2014,01:44:04.216,0.90693,0.9068,2.97,2.07
15-08-2014,01:44:05.946,0.90693,0.9068,2.97,1.25
15-08-2014,01:44:06.483,0.90692,0.9068,1.47,1
15-08-2014,01:44:07.248,0.90692,0.90678,1.74,3.64
15-08-2014,01:44:08.848,0.90692,0.9068,1.47,1
15-08-2014,01:44:28.788,0.90692,0.9068,1.34,1.13
15-08-2014,01:44:29.747,0.90692,0.9068,1.34,1.13
15-08-2014,01:44:37.458,0.90694,0.9068,1.47,2.63
15-08-2014,01:44:52.950,0.90693,0.9068,1.47,2.07
15-08-2014,01:45:30.252,0.90692,0.9068,1.19,1.13
15-08-2014,01:46:31.613,0.90694,0.90679,3.57,2.07
15-08-2014,01:46:33.136,0.90692,0.90679,1.19,2.07
15-08-2014,01:46:34.436,0.90693,0.9068,1.32,1.32
15-08-2014,01:46:37.425,0.90693,0.9068,1.32,1.63
15-08-2014,01:46:54.152,0.90693,0.9068,1.39,2.07
15-08-2014,01:47:14.273,0.90693,0.9068,1.37,1.88
15-08-2014,01:47:16.633,0.90693,0.9068,1.47,1.88
15-08-2014,01:47:17.138,0.90692,0.90681,1.27,1
15-08-2014,01:47:18.028,0.90693,0.90682,1.37,1
15-08-2014,01:47:18.906,0.90693,0.90683,1.37,1
15-08-2014,01:47:19.423,0.90693,0.90683,1.19,1.13
15-08-2014,01:47:19.780,0.90694,0.90683,1.1,1.88
15-08-2014,01:47:20.305,0.90694,0.90684,1.18,1
15-08-2014,01:47:20.862,0.90694,0.90684,1.2,1
15-08-2014,01:47:21.860,0.90694,0.90684,1.18,1
15-08-2014,01:47:22.381,0.90694,0.90684,1.1,1
15-08-2014,01:47:23.603,0.90694,0.90684,1.08,1
15-08-2014,01:47:24.123,0.90694,0.90684,1,1
15-08-2014,01:47:26.472,0.90694,0.90683,1,2.07
15-08-2014,01:47:27.840,0.90694,0.90683,1.1,2.07
15-08-2014,01:47:35.609,0.90694,0.90683,1.1,1.69
15-08-2014,01:47:46.737,0.90694,0.90684,1.2,1
15-08-2014,01:47:51.341,0.90694,0.90685,1.2,1
15-08-2014,01:47:55.209,0.90694,0.90685,1.28,1
15-08-2014,01:47:55.719,0.90694,0.90685,1.2,1
15-08-2014,01:47:57.099,0.90694,0.90684,1.2,1
15-08-2014,01:48:12.575,0.90694,0.90683,1.1,1.69
15-08-2014,01:48:31.063,0.90696,0.90683,1.37,1.77
15-08-2014,01:48:31.574,0.90696,0.90683,1.34,1.69
15-08-2014,01:48:45.384,0.90696,0.90683,1.47,1.63
15-08-2014,01:49:00.389,0.90696,0.90683,1.47,1.39
15-08-2014,01:49:00.896,0.90696,0.90683,1.47,1.63
15-08-2014,01:49:02.006,0.90696,0.90683,1.47,1.39
15-08-2014,01:49:02.512,0.90696,0.90683,1.47,1.63
15-08-2014,01:49:07.542,0.90696,0.90683,1.47,1.32
15-08-2014,01:49:30.602,0.90696,0.90683,1.47,2.07
15-08-2014,01:49:30.703,0.90696,0.90683,1.47,2.07
15-08-2014,01:49:31.297,0.90696,0.90683,1.47,2.07
15-08-2014,01:49:31.895,0.90696,0.90683,1.47,2.07
15-08-2014,01:49:32.436,0.90696,0.90683,1.47,2.07
15-08-2014,01:49:32.992,0.90696,0.90683,1.47,2.14
15-08-2014,01:49:33.504,0.90696,0.90683,1.47,2.07
15-08-2014,01:49:35.866,0.90696,0.90683,1.47,2.14
15-08-2014,01:49:37.561,0.90696,0.90683,1.47,2.14
15-08-2014,01:49:38.171,0.90696,0.90683,1.47,2.07
15-08-2014,01:49:45.438,0.90696,0.90683,1.47,2.14
15-08-2014,01:49:46.016,0.90696,0.90683,1.47,2.07
15-08-2014,01:50:00.408,0.90696,0.90683,1.47,1.39
15-08-2014,01:50:01.449,0.90696,0.90683,1.47,1.63
15-08-2014,01:50:07.657,0.90696,0.90683,1.47,1.32
15-08-2014,01:50:08.231,0.90696,0.90683,1.47,1.32
15-08-2014,01:50:08.748,0.90696,0.90683,1.47,1.39
15-08-2014,01:50:15.202,0.90696,0.90684,1.37,1.38
15-08-2014,01:50:23.848,0.90698,0.90686,1.72,1
15-08-2014,01:50:24.619,0.90697,0.90685,1.74,1.5
15-08-2014,01:50:26.773,0.90697,0.90685,1.72,1
15-08-2014,01:50:28.282,0.90696,0.90685,1.47,1
15-08-2014,01:50:30.330,0.90696,0.90685,1.47,1
15-08-2014,01:50:50.394,0.90696,0.90684,1.47,1.88
15-08-2014,01:51:03.690,0.90697,0.90684,2.22,1
15-08-2014,01:51:04.204,0.90697,0.90684,2.22,1
15-08-2014,01:51:05.193,0.90696,0.90683,1.34,1.25
15-08-2014,01:51:05.740,0.90696,0.90683,1.34,1.25
15-08-2014,01:51:11.567,0.90696,0.90684,1.84,1
15-08-2014,01:51:23.600,0.90696,0.90684,1.4,1.69
15-08-2014,01:51:25.997,0.90696,0.90684,1.84,1.5
15-08-2014,01:51:55.084,0.90696,0.90684,1.77,2.07
15-08-2014,01:51:55.495,0.90696,0.90687,1.33,1
15-08-2014,01:51:58.146,0.90696,0.90686,1.08,1
15-08-2014,01:52:10.420,0.90696,0.90685,1.77,1
15-08-2014,01:52:15.278,0.90697,0.90685,1.39,1
15-08-2014,01:52:25.057,0.90696,0.90685,1.29,1
15-08-2014,01:52:32.307,0.90696,0.90686,1.29,1
15-08-2014,01:52:39.985,0.90697,0.90686,1.39,1
15-08-2014,01:52:49.804,0.90697,0.90685,1.39,1.5
15-08-2014,01:52:50.832,0.90697,0.90685,1.47,1.5
15-08-2014,01:53:12.976,0.90697,0.90684,1.72,2.07
15-08-2014,01:53:16.152,0.90697,0.90685,1.72,1
15-08-2014,01:53:33.428,0.90697,0.90685,1.67,1.1
15-08-2014,01:54:03.166,0.90697,0.90684,1.74,1.02
15-08-2014,01:54:03.713,0.90697,0.90684,1.72,1.25
15-08-2014,01:54:04.314,0.90697,0.90684,1.72,1.25
15-08-2014,01:54:04.995,0.90697,0.90684,1.72,1.25
15-08-2014,01:54:05.612,0.90697,0.90684,1.72,1.25
15-08-2014,01:54:12.451,0.90696,0.90684,1.47,1
15-08-2014,01:54:13.096,0.90696,0.90683,1.47,1.32
15-08-2014,01:54:15.067,0.90698,0.90683,3.72,1.32
15-08-2014,01:54:15.862,0.90698,0.90683,3.72,1.32
15-08-2014,01:54:16.199,0.90698,0.90684,2.97,1
15-08-2014,01:54:17.330,0.90698,0.90684,3.72,1
15-08-2014,01:54:20.282,0.90696,0.90684,1.47,1
15-08-2014,01:54:20.944,0.90696,0.90684,1.47,1
15-08-2014,01:54:21.493,0.90697,0.90684,2.22,1.25
15-08-2014,01:54:27.241,0.90697,0.90684,1.72,1.25
15-08-2014,01:54:27.752,0.90697,0.90684,1.72,1.25
15-08-2014,01:54:29.271,0.90697,0.90684,1.72,1.25
15-08-2014,01:54:30.580,0.90697,0.90684,2.22,1.32
15-08-2014,01:54:31.086,0.90697,0.90684,2.22,1.32
15-08-2014,01:54:31.592,0.90697,0.90684,2.22,1.32
15-08-2014,01:54:36.150,0.90697,0.90684,2.22,1.32
15-08-2014,01:54:42.783,0.90698,0.90684,2.97,2.07
15-08-2014,01:54:43.333,0.90698,0.90684,2.97,2.07
15-08-2014,01:54:53.697,0.90696,0.90682,2.97,2.82
15-08-2014,01:54:57.599,0.90696,0.90682,2.97,2.82
15-08-2014,01:55:05.528,0.90696,0.90683,2.22,1.32
15-08-2014,01:55:10.246,0.90696,0.90682,2.97,2.82
15-08-2014,01:55:18.550,0.90696,0.90683,1.47,1.32
15-08-2014,01:55:24.205,0.90696,0.90682,2.22,3.38
15-08-2014,01:55:35.124,0.90695,0.90682,1.47,3.57
15-08-2014,01:55:36.197,0.90696,0.90682,2.22,4.32
15-08-2014,01:55:41.967,0.90694,0.90684,1.09,1
15-08-2014,01:55:42.523,0.90694,0.90683,1.09,1.88
15-08-2014,01:55:52.732,0.90694,0.90684,1.09,1
15-08-2014,01:55:53.702,0.90694,0.90684,1.25,1
15-08-2014,01:55:54.631,0.90694,0.90683,1.25,1.13
15-08-2014,01:56:13.705,0.90694,0.90683,1.33,1.13
15-08-2014,01:56:14.161,0.90691,0.90681,1.1,1.13
15-08-2014,01:56:14.728,0.90691,0.90681,1.15,1
15-08-2014,01:56:31.688,0.90691,0.90681,1.09,1.13
15-08-2014,01:56:34.932,0.90691,0.90681,1.18,1.38
15-08-2014,01:57:08.054,0.90691,0.9068,1.09,1.38
15-08-2014,01:57:13.725,0.90691,0.9068,1.09,1.38
15-08-2014,01:57:31.695,0.90693,0.90681,1.19,1.38
15-08-2014,01:57:43.083,0.90692,0.9068,1.19,1.88
15-08-2014,01:57:44.098,0.90692,0.9068,1.69,2.07
15-08-2014,01:57:48.692,0.90692,0.9068,2.44,1.88
15-08-2014,01:57:49.935,0.90692,0.90681,1.69,1.38
15-08-2014,01:57:52.096,0.90692,0.90681,3.19,1.38
15-08-2014,01:57:58.043,0.90692,0.9068,1.25,1.63
15-08-2014,01:58:16.162,0.90692,0.90681,3.27,1.38
15-08-2014,01:58:16.694,0.90692,0.90681,3.72,1
15-08-2014,01:58:17.205,0.90692,0.9068,2.78,1
15-08-2014,01:58:23.568,0.90692,0.9068,1.39,1.02
15-08-2014,01:58:23.619,0.90692,0.90684,1.39,1
15-08-2014,01:58:23.922,0.90692,0.90681,1.39,1.5
15-08-2014,01:58:35.379,0.90692,0.90681,2.14,1.5
15-08-2014,01:59:21.431,0.90693,0.90682,2.22,1
15-08-2014,01:59:55.101,0.90693,0.90681,2.22,1
15-08-2014,01:59:55.354,0.90693,0.90681,2.97,1
15-08-2014,01:59:55.876,0.90693,0.90681,2.97,1
15-08-2014,01:59:56.425,0.90692,0.90681,1.72,1
15-08-2014,02:00:04.901,0.90692,0.9068,1.72,1
15-08-2014,02:00:08.173,0.90692,0.9068,1.72,1
15-08-2014,02:00:12.433,0.90692,0.9068,1.72,1
15-08-2014,02:00:13.018,0.90692,0.9068,1.72,1
15-08-2014,02:00:19.967,0.90692,0.9068,1.72,1
15-08-2014,02:00:20.490,0.90692,0.9068,1.72,1
15-08-2014,02:00:21.038,0.90692,0.90679,1.72,1.25
15-08-2014,02:00:21.621,0.90692,0.90679,1.72,1.25
15-08-2014,02:00:22.132,0.90692,0.90679,1.72,1.25
15-08-2014,02:00:23.575,0.90692,0.90683,1.72,1
15-08-2014,02:00:24.081,0.90695,0.90684,1.64,1
15-08-2014,02:00:24.132,0.90695,0.90684,1.48,1
15-08-2014,02:00:24.668,0.90696,0.90686,1.78,1
15-08-2014,02:00:25.189,0.90697,0.90686,1.72,1
15-08-2014,02:00:25.804,0.90696,0.90685,1.55,1
15-08-2014,02:00:26.940,0.90696,0.90685,1.47,1
15-08-2014,02:00:27.457,0.90696,0.90686,1.47,1
15-08-2014,02:00:28.034,0.90696,0.90686,1.78,1
15-08-2014,02:00:30.463,0.90696,0.90686,1.47,1
15-08-2014,02:00:31.009,0.90696,0.90686,1.78,1
15-08-2014,02:00:37.492,0.90696,0.90686,1.7,1
15-08-2014,02:00:38.207,0.90696,0.90686,1.7,1
15-08-2014,02:00:54.420,0.90696,0.90686,1.7,1
15-08-2014,02:00:54.827,0.90698,0.90688,1.78,1
15-08-2014,02:00:55.341,0.90699,0.90688,3.72,1
15-08-2014,02:00:55.857,0.90699,0.90687,3.72,1
15-08-2014,02:00:57.140,0.90699,0.90688,3.72,1
15-08-2014,02:00:57.667,0.90699,0.90687,3.72,1
15-08-2014,02:01:03.064,0.90699,0.90686,3.72,1.25
15-08-2014,02:01:04.827,0.90699,0.90686,3.72,1.25
15-08-2014,02:01:05.284,0.90699,0.90688,3.72,1
15-08-2014,02:01:05.587,0.90699,0.9069,3.72,1
15-08-2014,02:01:06.465,0.90699,0.9069,1.25,1
15-08-2014,02:01:06.567,0.90699,0.90692,1,1
15-08-2014,02:01:07.073,0.90699,0.90691,1,1
15-08-2014,02:01:07.226,0.90699,0.90689,1,1
15-08-2014,02:01:07.734,0.90699,0.9069,1,1
15-08-2014,02:01:15.403,0.90699,0.90692,1.1,1
15-08-2014,02:01:15.910,0.90699,0.90692,1.48,1
15-08-2014,02:01:15.961,0.90699,0.9069,1.48,1
15-08-2014,02:01:17.825,0.90699,0.9069,1.2,1
15-08-2014,02:01:18.650,0.90699,0.9069,1.48,1
15-08-2014,02:01:19.165,0.90699,0.9069,1.2,1
15-08-2014,02:01:19.684,0.90699,0.90689,1.48,1
15-08-2014,02:01:20.321,0.90699,0.9069,1.48,1
15-08-2014,02:01:23.673,0.90699,0.9069,1.1,1
15-08-2014,02:01:29.902,0.90699,0.90689,1.1,1
15-08-2014,02:01:42.943,0.90699,0.90689,1.18,1
15-08-2014,02:01:43.460,0.90699,0.90689,1.1,1
15-08-2014,02:01:53.424,0.90699,0.90688,1.1,1.69
15-08-2014,02:01:53.945,0.90699,0.90688,1.28,1.25
15-08-2014,02:01:54.458,0.90699,0.90688,1.2,1.25
15-08-2014,02:02:01.608,0.907,0.90689,1.47,1
15-08-2014,02:02:03.112,0.907,0.9069,2.22,1
15-08-2014,02:02:03.822,0.907,0.9069,2.22,1
15-08-2014,02:02:05.462,0.907,0.9069,1.47,1
15-08-2014,02:02:06.227,0.907,0.9069,1.47,1
15-08-2014,02:02:17.712,0.907,0.9069,2.22,1
15-08-2014,02:02:18.232,0.907,0.9069,2.22,1
15-08-2014,02:02:19.406,0.907,0.9069,2.22,1
15-08-2014,02:02:19.916,0.907,0.90689,1.47,1
15-08-2014,02:02:21.381,0.907,0.90689,1.47,1
15-08-2014,02:02:23.376,0.907,0.90688,2.22,1.13
15-08-2014,02:02:23.921,0.907,0.90688,1.84,1.13
15-08-2014,02:02:24.467,0.907,0.90689,1.84,1
15-08-2014,02:02:25.085,0.907,0.90689,1.84,1
15-08-2014,02:02:27.247,0.907,0.90689,1.34,1.13
15-08-2014,02:02:27.601,0.90701,0.90689,2.97,1
15-08-2014,02:02:28.106,0.90701,0.9069,2.97,1
15-08-2014,02:02:33.071,0.90701,0.9069,2.97,1
15-08-2014,02:02:34.046,0.90701,0.9069,2.97,1
15-08-2014,02:02:37.862,0.90701,0.90691,1.4,1
15-08-2014,02:02:38.367,0.90701,0.9069,1.84,1
15-08-2014,02:02:39.586,0.90701,0.90691,1.15,1
15-08-2014,02:02:39.891,0.90701,0.90694,1.25,1
15-08-2014,02:02:39.992,0.90701,0.90692,1.1,1
15-08-2014,02:02:40.650,0.90701,0.90691,1.95,1.5
15-08-2014,02:02:40.802,0.90699,0.90691,1,1.5
15-08-2014,02:02:44.613,0.90699,0.9069,1,1
15-08-2014,02:03:02.287,0.90699,0.90691,1,1
15-08-2014,02:03:02.439,0.90701,0.90691,1.02,1
15-08-2014,02:03:02.944,0.90701,0.90692,1.02,1
15-08-2014,02:03:03.713,0.90702,0.90691,1.09,1.13
15-08-2014,02:03:04.263,0.90702,0.90692,1.09,1
15-08-2014,02:03:05.730,0.90701,0.90691,1.1,1
15-08-2014,02:03:06.792,0.90701,0.9069,1.1,2.07
15-08-2014,02:03:07.293,0.90702,0.90691,1.33,1
15-08-2014,02:03:08.455,0.90701,0.9069,1.1,2.07
15-08-2014,02:03:09.127,0.90702,0.90691,1.02,1
15-08-2014,02:03:16.141,0.90703,0.90692,1.84,1
15-08-2014,02:03:16.680,0.90703,0.90691,1.84,1.69
15-08-2014,02:03:26.090,0.90703,0.90693,1.84,1
15-08-2014,02:03:26.394,0.90703,0.90695,1,1.13
15-08-2014,02:03:26.749,0.90703,0.90693,1,1.69
15-08-2014,02:03:26.851,0.90703,0.90695,1.5,1
15-08-2014,02:03:28.684,0.90703,0.90694,1,1
15-08-2014,02:03:29.251,0.90703,0.90693,1,1.69
15-08-2014,02:03:29.556,0.90701,0.90693,1,1
15-08-2014,02:03:30.062,0.90703,0.90694,1.5,1
15-08-2014,02:03:30.568,0.90703,0.90693,1.58,1
15-08-2014,02:03:31.433,0.90703,0.90694,1.1,1
15-08-2014,02:03:34.989,0.90703,0.90692,1.1,2.07
15-08-2014,02:03:35.091,0.90701,0.90692,1,2.07
15-08-2014,02:03:35.395,0.90703,0.90693,1.77,1
15-08-2014,02:03:53.178,0.90703,0.90693,1.1,1.88
15-08-2014,02:03:53.685,0.90703,0.90696,1,1
15-08-2014,02:03:54.191,0.90703,0.90694,1,1.95
15-08-2014,02:03:54.698,0.90703,0.90696,1,1
15-08-2014,02:03:55.371,0.90703,0.90695,1,1
15-08-2014,02:03:57.554,0.90703,0.90694,1,1.95
15-08-2014,02:03:58.061,0.90703,0.90695,1,1
15-08-2014,02:04:00.176,0.90703,0.90697,1,1
15-08-2014,02:04:04.141,0.90703,0.90696,1,1
15-08-2014,02:04:06.139,0.90703,0.90695,1,1
15-08-2014,02:04:06.649,0.90703,0.90696,1,1
15-08-2014,02:04:19.029,0.90703,0.90697,1,1
15-08-2014,02:04:21.433,0.90703,0.90696,1,1
15-08-2014,02:04:23.844,0.90703,0.90695,1,1.88
15-08-2014,02:04:24.406,0.90703,0.90696,1,1
15-08-2014,02:04:32.875,0.90703,0.90695,1,1.5
15-08-2014,02:04:34.163,0.90703,0.90696,1,1
15-08-2014,02:04:34.867,0.90703,0.90695,1,1
15-08-2014,02:04:35.435,0.90706,0.90695,1.37,1
15-08-2014,02:04:36.813,0.90706,0.90694,1.37,1.13
15-08-2014,02:04:36.914,0.90706,0.90693,1.72,1.25
15-08-2014,02:04:58.464,0.90704,0.90693,1.37,1.38
15-08-2014,02:05:10.102,0.90705,0.90693,1.34,1.88
15-08-2014,02:05:39.067,0.90703,0.90693,1.33,1.5
15-08-2014,02:05:49.254,0.90703,0.90692,1.18,2.07
15-08-2014,02:05:57.788,0.90703,0.90691,2.22,1.5
15-08-2014,02:05:58.092,0.90699,0.90689,1,1.69
15-08-2014,02:05:58.605,0.90699,0.90689,1.09,1
15-08-2014,02:05:59.145,0.90699,0.90689,1.02,1.5
15-08-2014,02:06:01.612,0.90699,0.90689,1.09,1.5
15-08-2014,02:06:02.118,0.90699,0.90689,1.02,1.5
15-08-2014,02:06:04.696,0.90699,0.90689,1.33,1
15-08-2014,02:06:05.207,0.90699,0.90689,1.09,1
15-08-2014,02:06:05.714,0.90699,0.90689,1.84,1
15-08-2014,02:06:11.228,0.90699,0.90689,1.02,1
15-08-2014,02:06:12.299,0.90699,0.90689,1.08,1
15-08-2014,02:06:12.858,0.90699,0.90689,1,1
15-08-2014,02:06:15.660,0.90699,0.90689,1.33,1
15-08-2014,02:06:16.167,0.90699,0.90689,1.02,1
15-08-2014,02:06:16.957,0.90699,0.90689,1.09,1
15-08-2014,02:06:19.242,0.90699,0.90689,1.02,1
15-08-2014,02:06:19.444,0.90699,0.90687,1.09,1.25
15-08-2014,02:06:26.689,0.90699,0.90689,1.09,1
15-08-2014,02:06:36.083,0.90698,0.90688,1.1,1.5
15-08-2014,02:06:39.940,0.90698,0.90688,1.39,1
15-08-2014,02:06:40.457,0.90698,0.90688,1.4,1
15-08-2014,02:06:46.890,0.90698,0.90688,1.18,1
15-08-2014,02:06:47.436,0.90698,0.90688,1.1,1
15-08-2014,02:06:59.962,0.90698,0.9069,1,1
15-08-2014,02:07:00.063,0.907,0.9069,1.02,1.5
15-08-2014,02:07:00.266,0.90701,0.90692,1.18,1
15-08-2014,02:07:00.367,0.90703,0.90692,1.84,1
15-08-2014,02:07:01.260,0.90703,0.90692,1.09,1
15-08-2014,02:07:10.060,0.90703,0.90692,1.84,1
15-08-2014,02:07:12.886,0.90703,0.90692,1.09,1
15-08-2014,02:07:23.113,0.90704,0.90692,1.77,1.39
15-08-2014,02:07:23.629,0.90704,0.90692,1.77,1.32
15-08-2014,02:07:24.141,0.90704,0.90692,1.77,1.39
15-08-2014,02:07:27.376,0.90704,0.90692,1.84,1.32
15-08-2014,02:07:27.889,0.90704,0.90692,1.77,1.39
15-08-2014,02:07:28.410,0.90704,0.90692,1.77,2.07
15-08-2014,02:07:28.916,0.90704,0.90692,1.77,2.14
15-08-2014,02:07:30.867,0.90704,0.90692,1.84,2.07
15-08-2014,02:07:30.968,0.90704,0.90692,1.77,2.14
15-08-2014,02:07:31.474,0.90704,0.90693,1.02,1.5
15-08-2014,02:07:32.334,0.90704,0.90693,1.18,1.69
15-08-2014,02:07:32.862,0.90704,0.90693,1.02,1
15-08-2014,02:07:33.367,0.90704,0.90692,1.02,2.14
15-08-2014,02:07:34.076,0.90704,0.90692,1.18,1
15-08-2014,02:07:34.582,0.90704,0.90692,1.1,1.58
15-08-2014,02:07:35.087,0.90704,0.90692,1.77,1.58
15-08-2014,02:07:39.135,0.90701,0.90691,1.02,1.08
15-08-2014,02:07:39.540,0.90701,0.90689,1.47,1.25
15-08-2014,02:07:39.692,0.90698,0.90688,1,1.02
15-08-2014,02:07:51.057,0.90698,0.90688,1,1.38
15-08-2014,02:07:56.043,0.90701,0.90689,1.84,1.88
15-08-2014,02:08:03.381,0.90701,0.9069,1.09,1.88
15-08-2014,02:08:03.891,0.90701,0.9069,1.25,1.95
15-08-2014,02:08:07.234,0.90701,0.9069,1.1,2.07
15-08-2014,02:08:08.723,0.90701,0.9069,1.1,2.07
15-08-2014,02:08:12.879,0.90701,0.9069,1.02,1.13
15-08-2014,02:08:13.445,0.90701,0.90689,1.02,2.14
15-08-2014,02:08:14.177,0.90701,0.90689,1.77,1.95
15-08-2014,02:08:26.738,0.90701,0.90689,1.84,1.5
15-08-2014,02:08:33.234,0.90701,0.90689,2.22,1.5
15-08-2014,02:08:35.500,0.90701,0.90689,2.22,1.5
15-08-2014,02:08:36.042,0.90701,0.90689,2.22,1.5
15-08-2014,02:08:43.737,0.90701,0.90689,2.22,1.88
15-08-2014,02:08:44.301,0.90701,0.90689,2.22,1.88
15-08-2014,02:08:44.454,0.90698,0.90688,1,1.02
15-08-2014,02:08:54.195,0.90698,0.90688,1.4,1
15-08-2014,02:08:54.780,0.90698,0.90688,1.33,1
15-08-2014,02:08:56.060,0.90698,0.90688,1.33,1
15-08-2014,02:08:56.623,0.90698,0.90688,1.09,1
15-08-2014,02:09:01.130,0.90698,0.90688,1.47,1
15-08-2014,02:09:01.674,0.90698,0.90688,1.47,1
15-08-2014,02:09:03.694,0.90698,0.90688,1.47,1
15-08-2014,02:09:04.210,0.90698,0.90688,1.47,1
15-08-2014,02:09:04.744,0.90698,0.90688,1.47,1
15-08-2014,02:09:13.757,0.90698,0.90688,1.47,1
15-08-2014,02:09:14.369,0.90698,0.90688,1.47,1
15-08-2014,02:09:15.576,0.90698,0.90688,1.47,1
15-08-2014,02:09:16.477,0.90698,0.90688,1.47,1
15-08-2014,02:09:17.525,0.90698,0.90688,1.47,1
15-08-2014,02:09:18.049,0.90698,0.90688,1.47,1
15-08-2014,02:09:29.789,0.90698,0.90688,1.78,1
15-08-2014,02:09:30.302,0.90698,0.90688,1.47,1
15-08-2014,02:09:33.955,0.90698,0.90688,1.09,1
15-08-2014,02:09:34.056,0.90698,0.90688,1.4,1
15-08-2014,02:09:38.383,0.90698,0.90688,1.09,1
15-08-2014,02:09:38.901,0.90698,0.90688,1.09,1
15-08-2014,02:09:49.794,0.90699,0.90687,2.22,1
15-08-2014,02:09:50.295,0.90699,0.90685,2.22,1.57
15-08-2014,02:09:54.796,0.90699,0.90685,1.84,2.07
15-08-2014,02:09:55.252,0.90699,0.90688,1.34,1
15-08-2014,02:09:55.657,0.90699,0.90688,1.29,1.38
15-08-2014,02:09:55.809,0.90701,0.9069,1.84,1.13
15-08-2014,02:09:57.007,0.90701,0.9069,1.34,1
15-08-2014,02:10:01.811,0.90701,0.90689,2.22,1
15-08-2014,02:10:01.862,0.907,0.90688,1.47,1.25
15-08-2014,02:10:22.161,0.907,0.90688,2.22,1
15-08-2014,02:10:25.356,0.907,0.90689,1.37,1
15-08-2014,02:10:25.936,0.90701,0.90689,1.34,1.38
15-08-2014,02:10:32.128,0.90701,0.90689,1.4,1.32
15-08-2014,02:10:39.573,0.90701,0.90689,1.84,1.38
15-08-2014,02:11:01.095,0.90701,0.90689,1.15,1.32
15-08-2014,02:11:05.237,0.90701,0.90689,2.22,1.13
15-08-2014,02:11:05.339,0.90701,0.90689,2.22,1.13
15-08-2014,02:11:07.082,0.90701,0.90689,2.22,1.13
15-08-2014,02:11:18.744,0.907,0.90691,1.37,1
15-08-2014,02:11:19.250,0.90699,0.9069,1,1
15-08-2014,02:11:20.377,0.90699,0.9069,1.18,1
15-08-2014,02:11:22.244,0.90699,0.90691,1.18,1
15-08-2014,02:11:22.446,0.90701,0.90689,1.47,2.07
15-08-2014,02:11:22.547,0.90701,0.90689,1.09,2.07
15-08-2014,02:11:22.649,0.90701,0.90689,1.4,2.07
15-08-2014,02:11:37.681,0.90699,0.9069,1,1
15-08-2014,02:11:41.763,0.90699,0.9069,1.18,1
15-08-2014,02:11:43.270,0.90699,0.9069,1.1,1
15-08-2014,02:11:43.778,0.90699,0.9069,1.08,1
15-08-2014,02:11:45.531,0.90699,0.9069,1.1,1
15-08-2014,02:11:46.044,0.90699,0.9069,1.18,1
15-08-2014,02:11:49.774,0.90699,0.9069,1.1,1.13
15-08-2014,02:11:50.078,0.90699,0.9069,1,1.88
15-08-2014,02:11:51.065,0.90699,0.9069,1,2.07
15-08-2014,02:11:51.571,0.90701,0.9069,1.18,2.07
15-08-2014,02:12:08.953,0.90701,0.9069,1.18,2.82
15-08-2014,02:12:10.225,0.90701,0.9069,1.1,2.82
15-08-2014,02:12:32.872,0.90701,0.90691,1.1,1.13
15-08-2014,02:12:56.679,0.90703,0.90691,2.97,1
15-08-2014,02:13:00.181,0.90702,0.90691,1.77,1
15-08-2014,02:13:02.685,0.90702,0.90691,1.02,1
15-08-2014,02:13:03.657,0.90702,0.90691,1.77,1
15-08-2014,02:13:08.885,0.90702,0.90688,2.14,2.97
15-08-2014,02:13:09.189,0.90698,0.90688,1,2.07
15-08-2014,02:13:16.819,0.90698,0.90688,1,1.5
15-08-2014,02:13:17.335,0.90698,0.90687,1.1,2.07
15-08-2014,02:13:19.418,0.90698,0.90688,1.1,1
15-08-2014,02:13:20.849,0.90698,0.90687,1.1,2.07
15-08-2014,02:13:21.410,0.90698,0.90688,1.1,1
15-08-2014,02:13:23.629,0.90698,0.90687,1,2.07
15-08-2014,02:13:26.907,0.90698,0.90687,1.1,2.82
15-08-2014,02:13:27.211,0.90696,0.90688,1,1.32
15-08-2014,02:13:39.004,0.90696,0.90687,1,1.32
15-08-2014,02:13:42.178,0.90696,0.90687,1,1.38
15-08-2014,02:13:44.198,0.90696,0.90687,1,1
15-08-2014,02:14:27.167,0.90699,0.90687,1.47,1.13
15-08-2014,02:14:33.553,0.90698,0.90687,1.34,1.13
15-08-2014,02:14:34.069,0.90698,0.90687,1.37,1.13
15-08-2014,02:14:51.141,0.907,0.90688,2.97,1
15-08-2014,02:14:57.109,0.90699,0.90688,1.47,1
15-08-2014,02:14:57.638,0.90699,0.90688,1.47,1
15-08-2014,02:14:58.249,0.90699,0.90688,1.47,1
15-08-2014,02:15:00.279,0.90699,0.90687,1.47,1.5
15-08-2014,02:15:00.859,0.90699,0.90687,1.47,1.5
15-08-2014,02:15:01.369,0.90699,0.90687,1.47,1.5
15-08-2014,02:15:01.877,0.90698,0.90687,1.09,1
15-08-2014,02:15:05.897,0.90698,0.90687,1.09,1
15-08-2014,02:15:06.444,0.90698,0.90687,1.09,1
15-08-2014,02:15:20.614,0.90698,0.90687,1.47,1
15-08-2014,02:15:21.136,0.90698,0.90687,1.09,1
15-08-2014,02:15:29.397,0.90698,0.90687,1.4,1
15-08-2014,02:15:30.383,0.90698,0.90687,1.09,1
15-08-2014,02:15:30.888,0.90698,0.90687,1.84,1
15-08-2014,02:15:32.207,0.90698,0.90687,1.84,1.13
15-08-2014,02:15:37.062,0.90698,0.90687,1.09,1.13
15-08-2014,02:15:38.715,0.90698,0.90687,1.09,1.13
15-08-2014,02:15:39.467,0.90698,0.90687,1.4,1
15-08-2014,02:15:41.514,0.90698,0.90687,1.47,1
15-08-2014,02:15:42.968,0.90698,0.90687,1.4,1
15-08-2014,02:16:07.920,0.90698,0.90686,1.4,2.63
15-08-2014,02:16:36.373,0.90698,0.90687,2.22,1
15-08-2014,02:16:43.010,0.90698,0.90687,1.32,1
15-08-2014,02:16:47.109,0.90698,0.90687,1.32,1
15-08-2014,02:16:49.104,0.90699,0.90687,2.82,1
15-08-2014,02:16:51.670,0.90699,0.90687,2.59,1
15-08-2014,02:16:52.178,0.90699,0.90687,2.59,1.13
15-08-2014,02:17:04.264,0.90698,0.90687,1.37,1.13
15-08-2014,02:17:04.891,0.90698,0.90687,1.34,1.13
15-08-2014,02:17:05.543,0.90699,0.90687,2.22,1.13
15-08-2014,02:17:06.054,0.90698,0.90687,1.09,1.13
15-08-2014,02:17:10.752,0.90698,0.90687,1.33,1.13
15-08-2014,02:17:11.272,0.90698,0.90687,1.4,1.13
15-08-2014,02:17:14.677,0.90699,0.90687,2.97,1
15-08-2014,02:17:15.189,0.90699,0.90687,2.22,1
15-08-2014,02:17:17.469,0.90699,0.90687,1.84,1.13
15-08-2014,02:17:18.053,0.90699,0.90687,1.84,1.13
15-08-2014,02:17:21.330,0.90699,0.90687,1.34,1.38
15-08-2014,02:17:21.482,0.90699,0.90687,1.29,1.48
15-08-2014,02:17:21.988,0.90699,0.90688,1.1,1.13
15-08-2014,02:17:22.191,0.90701,0.90689,1.77,1.39
15-08-2014,02:17:22.495,0.90701,0.90692,1.1,1
15-08-2014,02:17:22.808,0.90704,0.90694,1.2,1
15-08-2014,02:17:23.011,0.90704,0.90694,1.58,1
15-08-2014,02:17:23.265,0.90704,0.90691,1.4,4.69
15-08-2014,02:17:23.772,0.90704,0.90691,1.4,3.19
15-08-2014,02:17:24.470,0.90704,0.90691,1.47,2.63
15-08-2014,02:17:33.369,0.90701,0.9069,1.1,1.32
15-08-2014,02:17:44.303,0.90701,0.9069,1.1,1.63
15-08-2014,02:18:22.750,0.90701,0.90691,1.09,1
15-08-2014,02:18:23.256,0.90701,0.90691,1.18,1
15-08-2014,02:18:23.805,0.90701,0.90691,1.18,1
15-08-2014,02:18:24.338,0.90701,0.90691,1.02,1.13
15-08-2014,02:18:24.845,0.90703,0.90691,1.09,1.38
15-08-2014,02:18:25.554,0.90704,0.90691,2.22,1.13
15-08-2014,02:18:26.344,0.90704,0.90691,1.47,1.63
15-08-2014,02:18:29.457,0.90704,0.90691,1.47,1.32
15-08-2014,02:19:04.457,0.90703,0.90692,1.37,1
15-08-2014,02:19:05.075,0.90703,0.90692,1.34,1
15-08-2014,02:19:05.597,0.90705,0.90692,2.22,1.13
15-08-2014,02:19:10.617,0.90704,0.90692,1.47,1.13
15-08-2014,02:19:11.158,0.90704,0.90692,2.22,1.13
15-08-2014,02:19:13.752,0.90703,0.90691,1.4,1.63
15-08-2014,02:19:16.521,0.90704,0.90691,1.47,1.32
15-08-2014,02:19:27.084,0.90703,0.90691,1.34,1.38
15-08-2014,02:19:27.643,0.90704,0.90692,1.47,1.13
15-08-2014,02:19:28.161,0.90704,0.90691,1.47,1.32
15-08-2014,02:19:28.212,0.90704,0.90691,1.47,1.32
15-08-2014,02:19:28.863,0.90704,0.90692,1.47,1
15-08-2014,02:19:29.502,0.90704,0.90692,1.47,1
15-08-2014,02:19:30.171,0.90704,0.90691,1.47,2.07
15-08-2014,02:19:40.328,0.90703,0.90691,1.34,1.88
15-08-2014,02:20:05.911,0.90703,0.9069,2.97,1
15-08-2014,02:20:06.317,0.90698,0.90689,1,1
15-08-2014,02:20:06.824,0.90698,0.90688,1,1
15-08-2014,02:20:16.026,0.90698,0.90689,1.1,1
15-08-2014,02:20:35.997,0.90698,0.90687,1.5,1.74
15-08-2014,02:20:36.514,0.90698,0.90686,1.5,3.72
15-08-2014,02:20:37.946,0.90698,0.90686,1.5,3.72
15-08-2014,02:20:38.511,0.90698,0.90686,1.5,3.72
15-08-2014,02:20:39.490,0.90698,0.90686,1.5,3.72
15-08-2014,02:21:00.237,0.90697,0.90687,1,1.57
15-08-2014,02:21:00.813,0.90696,0.90686,1,2.14
15-08-2014,02:21:28.769,0.90696,0.90685,1,2.22
15-08-2014,02:21:32.253,0.90697,0.90685,1,2.22
15-08-2014,02:21:32.404,0.907,0.90685,1.78,2.22
15-08-2014,02:21:32.815,0.90697,0.90686,1,1.39
15-08-2014,02:21:33.356,0.90696,0.90686,1,1.39
15-08-2014,02:21:35.975,0.90696,0.90685,1,2.22
15-08-2014,02:21:36.980,0.90696,0.90685,1,2.22
15-08-2014,02:21:37.750,0.90696,0.90685,1,2.22
15-08-2014,02:21:38.262,0.90696,0.90685,1,2.22
15-08-2014,02:21:40.934,0.90696,0.90685,1,1.72
15-08-2014,02:21:42.487,0.90696,0.90685,1,2.22
15-08-2014,02:21:43.005,0.90696,0.90685,1,2.22
15-08-2014,02:21:44.495,0.90696,0.90685,1,1.47
15-08-2014,02:21:45.059,0.90696,0.90685,1,1.47
15-08-2014,02:21:58.183,0.90696,0.90685,1,1.55
15-08-2014,02:21:58.688,0.90696,0.90685,1,2.22
15-08-2014,02:21:59.941,0.90696,0.90685,1,1.78
15-08-2014,02:22:00.604,0.90696,0.90685,1,1.47
15-08-2014,02:22:01.111,0.90696,0.90685,1,1.78
15-08-2014,02:22:01.623,0.90696,0.90685,1,2.22
15-08-2014,02:22:03.342,0.90696,0.90685,1,2.22
15-08-2014,02:22:22.358,0.90696,0.90685,1,2.22
15-08-2014,02:22:24.832,0.90696,0.90685,1,1.72
15-08-2014,02:22:25.381,0.90696,0.90685,1,1.74
15-08-2014,02:22:33.067,0.90696,0.90686,1,1.39
15-08-2014,02:22:34.207,0.90696,0.90685,1,1.74
15-08-2014,02:22:35.126,0.90696,0.90685,1,1.74
15-08-2014,02:22:35.664,0.90696,0.90685,1,1.74
15-08-2014,02:22:39.193,0.90696,0.90685,1,1.72
15-08-2014,02:22:39.699,0.90696,0.90685,1,1.74
15-08-2014,02:22:47.562,0.90696,0.90685,1,1.74
15-08-2014,02:22:48.067,0.90696,0.90685,1,1.74
15-08-2014,02:22:51.977,0.90696,0.90685,1,1.72
15-08-2014,02:22:52.489,0.90696,0.90685,1,1.74
15-08-2014,02:22:55.508,0.90696,0.90685,1,1.72
15-08-2014,02:22:56.022,0.90696,0.90685,1,1.72
15-08-2014,02:22:56.624,0.90696,0.90685,1,1.74
15-08-2014,02:22:57.199,0.90696,0.90685,1,1.77
15-08-2014,02:22:58.145,0.90696,0.90685,1,1.72
15-08-2014,02:22:58.806,0.90696,0.90685,1,1.74
15-08-2014,02:23:05.257,0.90696,0.90685,1,2.14
15-08-2014,02:23:36.129,0.90695,0.90684,1,1.48
15-08-2014,02:23:36.180,0.90695,0.90684,1,1.02
15-08-2014,02:23:36.708,0.90695,0.90683,1,1.72
15-08-2014,02:24:06.967,0.90696,0.90684,1.1,1.67
15-08-2014,02:24:28.562,0.90696,0.90685,1.13,1.77
15-08-2014,02:24:37.107,0.90696,0.90685,1,1.02
15-08-2014,02:24:44.488,0.90695,0.90684,1,2.22
15-08-2014,02:24:50.364,0.90695,0.90686,1,1
15-08-2014,02:25:06.839,0.90697,0.90686,2.97,1
15-08-2014,02:25:38.332,0.90695,0.90686,1,1
15-08-2014,02:25:50.387,0.90695,0.90684,1,1.25
15-08-2014,02:25:59.242,0.90695,0.90684,1,1.09
15-08-2014,02:26:00.058,0.90695,0.90684,1,1.09
15-08-2014,02:26:00.563,0.90696,0.90684,1.32,1.09
15-08-2014,02:26:04.364,0.90696,0.90684,1.39,1.02
15-08-2014,02:26:07.843,0.90696,0.90684,1.2,1.77
15-08-2014,02:26:11.916,0.90696,0.90684,1.39,1.02
15-08-2014,02:26:13.396,0.90696,0.90684,1.32,1.09
15-08-2014,02:26:13.954,0.90696,0.90683,1.32,2.22
15-08-2014,02:26:14.456,0.90696,0.90684,1.13,1.19
15-08-2014,02:26:44.239,0.90697,0.90687,1.67,1
15-08-2014,02:26:50.934,0.90698,0.90687,3.64,1
15-08-2014,02:26:51.439,0.90699,0.90687,2.14,1.1
15-08-2014,02:27:39.867,0.90699,0.90687,2.97,1
15-08-2014,02:27:42.373,0.90699,0.90687,4.47,1
15-08-2014,02:27:43.296,0.90698,0.90687,1.39,1
15-08-2014,02:27:46.288,0.90698,0.90687,2.14,1
15-08-2014,02:27:48.876,0.90698,0.90687,2.52,1
15-08-2014,02:27:55.819,0.90698,0.90687,1.77,1
15-08-2014,02:27:57.225,0.90698,0.90687,2.52,1
15-08-2014,02:27:57.731,0.90698,0.90687,2.59,1
15-08-2014,02:27:58.294,0.90698,0.90687,1.84,1
15-08-2014,02:28:10.844,0.90698,0.90687,1.84,1
15-08-2014,02:28:11.375,0.90698,0.90687,1.84,1
15-08-2014,02:28:20.186,0.90698,0.90687,1.84,1
15-08-2014,02:28:20.699,0.90698,0.90687,1.84,1
15-08-2014,02:28:26.177,0.90698,0.90687,2.59,1
15-08-2014,02:28:26.681,0.90698,0.90687,1.37,1
15-08-2014,02:28:27.550,0.90699,0.90687,1.47,1
15-08-2014,02:28:27.904,0.90699,0.90687,1.47,1
15-08-2014,02:28:31.415,0.90699,0.90687,1.47,1
15-08-2014,02:28:31.963,0.90699,0.90687,1.47,1
15-08-2014,02:28:36.873,0.90699,0.90687,1.47,1
15-08-2014,02:28:43.148,0.90699,0.90687,1.47,1
15-08-2014,02:28:43.748,0.90699,0.90687,1.47,1
15-08-2014,02:28:44.986,0.90699,0.90687,1.47,1
15-08-2014,02:28:45.595,0.90699,0.90687,1.47,1
15-08-2014,02:28:50.640,0.90699,0.90687,1.47,1
15-08-2014,02:28:51.286,0.90699,0.90687,1.47,1
15-08-2014,02:28:51.825,0.90699,0.90687,1.47,1
15-08-2014,02:28:52.376,0.90699,0.90687,1.47,1
15-08-2014,02:28:52.905,0.90699,0.90687,1.47,1
15-08-2014,02:28:54.438,0.90699,0.90687,1.47,1
15-08-2014,02:28:54.982,0.90699,0.90687,1.47,1
15-08-2014,02:29:10.297,0.90699,0.90687,1.47,1
15-08-2014,02:29:13.521,0.90699,0.90687,1.47,1
15-08-2014,02:29:14.085,0.90699,0.90687,1.47,1
15-08-2014,02:29:28.655,0.90699,0.90687,1.47,1
15-08-2014,02:29:37.673,0.90699,0.90687,1.47,1
15-08-2014,02:29:38.178,0.90699,0.90687,1.47,1
15-08-2014,02:29:42.016,0.90699,0.90687,1.47,1
15-08-2014,02:29:42.533,0.90699,0.90687,1.47,1
15-08-2014,02:29:50.149,0.90699,0.90687,1.47,1
15-08-2014,02:29:50.664,0.90699,0.90687,1.47,1
15-08-2014,02:29:55.320,0.90699,0.90687,1.47,1
15-08-2014,02:30:14.800,0.90699,0.90687,1.47,1
15-08-2014,02:30:15.310,0.90699,0.90687,1.47,1
15-08-2014,02:30:42.707,0.90699,0.90687,1.34,1.38
15-08-2014,02:30:47.478,0.90699,0.90687,1.34,1.13
15-08-2014,02:31:13.424,0.90696,0.90686,1,1.63
15-08-2014,02:31:13.933,0.90696,0.90685,1,2.14
15-08-2014,02:31:15.779,0.90696,0.90686,1.58,1.63
15-08-2014,02:31:19.159,0.90696,0.90686,1.58,1.13
15-08-2014,02:32:05.710,0.90696,0.90684,1.58,2.89
15-08-2014,02:32:12.435,0.90696,0.90684,1.77,1.39
15-08-2014,02:32:27.498,0.90696,0.90684,1.25,1.63
15-08-2014,02:32:27.548,0.90694,0.90684,1.1,1.63
15-08-2014,02:32:28.054,0.90693,0.90684,1,1.63
15-08-2014,02:32:28.358,0.90695,0.90686,1,2.63
15-08-2014,02:32:30.230,0.90696,0.90686,1,2.14
15-08-2014,02:32:30.736,0.90697,0.90686,1,2.97
15-08-2014,02:32:31.242,0.90697,0.90686,1,2.97
15-08-2014,02:32:32.719,0.90697,0.90686,1,2.97
15-08-2014,02:33:06.228,0.90697,0.90687,1,1.32
15-08-2014,02:33:29.099,0.90697,0.90686,1,1.39
15-08-2014,02:33:32.546,0.90697,0.90686,1,1.39
15-08-2014,02:33:48.454,0.90697,0.90686,1,1.02
15-08-2014,02:33:49.681,0.90697,0.90686,1,1.77
15-08-2014,02:34:05.992,0.90697,0.90688,1,1
15-08-2014,02:34:34.021,0.90697,0.90686,1,1.02
15-08-2014,02:34:34.542,0.90697,0.90687,1,1
15-08-2014,02:34:40.944,0.90697,0.90688,1,1
15-08-2014,02:34:41.488,0.90697,0.90687,1,1
15-08-2014,02:34:45.341,0.90697,0.90686,1,1.2
15-08-2014,02:34:51.946,0.90697,0.90685,1.18,2.07
15-08-2014,02:34:57.163,0.90697,0.90685,1.09,1.32
15-08-2014,02:35:00.639,0.90697,0.90687,1.09,1
15-08-2014,02:35:02.038,0.90697,0.90687,1.1,1
15-08-2014,02:35:02.544,0.90697,0.90687,1.18,1
15-08-2014,02:35:10.004,0.90697,0.90687,1,1
15-08-2014,02:35:10.524,0.90697,0.90687,1.18,1
15-08-2014,02:35:13.261,0.90697,0.90686,1.18,1.25
15-08-2014,02:35:33.777,0.90697,0.90686,1.1,1.25
15-08-2014,02:35:35.571,0.90696,0.90685,1.13,1.69
15-08-2014,02:35:35.622,0.90695,0.90684,1,1.25
15-08-2014,02:35:35.832,0.90696,0.90686,1.15,1
15-08-2014,02:35:36.339,0.90695,0.90685,1,1
15-08-2014,02:35:36.896,0.90695,0.90685,1.08,1
15-08-2014,02:35:37.494,0.90695,0.90683,1.1,2.89
15-08-2014,02:35:37.987,0.90693,0.90683,1,2.89
15-08-2014,02:35:38.291,0.90691,0.90683,1,1
15-08-2014,02:35:45.187,0.90691,0.90682,1,1.13
15-08-2014,02:35:47.590,0.90691,0.90683,1,1
15-08-2014,02:35:48.099,0.90692,0.90683,1.1,1
15-08-2014,02:35:50.664,0.90692,0.90685,1,1.13
15-08-2014,02:35:51.170,0.90692,0.90686,1,1.13
15-08-2014,02:36:12.033,0.90697,0.90686,1.65,1.88
15-08-2014,02:36:12.084,0.90697,0.90686,1.5,2.82
15-08-2014,02:36:12.692,0.90697,0.90689,1,1
15-08-2014,02:36:13.350,0.90697,0.90688,1,1
15-08-2014,02:36:13.995,0.90697,0.90689,1,1
15-08-2014,02:36:21.926,0.90697,0.90688,1,1.13
15-08-2014,02:36:30.422,0.90697,0.90686,1,2.89
15-08-2014,02:36:31.754,0.90697,0.90686,1,2.89
15-08-2014,02:36:32.260,0.90697,0.90687,1,1.63
