Time,Ask,Bid,AskVolume,BidVolume,
2014.08.15,00:00:01.018,102.513,102.511,1,1
2014.08.15,00:00:01.541,102.514,102.511,2.25,1
2014.08.15,00:00:14.554,102.513,102.51,1.5,1.5
2014.08.15,00:00:14.857,102.514,102.512,1,4.75
2014.08.15,00:00:14.907,102.517,102.513,3.19,1.5
2014.08.15,00:00:15.059,102.515,102.513,1,2.25
2014.08.15,00:00:15.210,102.515,102.512,1.5,1.5
2014.08.15,00:00:15.733,102.515,102.513,1.5,1
2014.08.15,00:00:16.272,102.516,102.513,2.25,1.5
2014.08.15,00:00:16.373,102.515,102.512,1,1.13
2014.08.15,00:00:16.576,102.516,102.513,1.5,1.5
2014.08.15,00:00:16.677,102.515,102.513,1,1
2014.08.15,00:00:16.880,102.514,102.511,1,2.25
2014.08.15,00:00:16.981,102.514,102.513,1,1
2014.08.15,00:00:17.082,102.516,102.513,1,2.25
2014.08.15,00:00:17.234,102.515,102.513,1,1.5
2014.08.15,00:00:17.587,102.516,102.513,1.5,2.25
2014.08.15,00:00:17.789,102.514,102.513,1,1
2014.08.15,00:00:17.940,102.516,102.513,1,1
2014.08.15,00:00:19.156,102.516,102.514,1,1
2014.08.15,00:00:20.190,102.517,102.514,1,1
2014.08.15,00:00:21.197,102.517,102.513,1,2.25
2014.08.15,00:00:21.730,102.517,102.514,1,7.5
2014.08.15,00:00:22.518,102.517,102.515,1,1
2014.08.15,00:00:23.022,102.517,102.516,1,5.25
2014.08.15,00:00:23.577,102.519,102.516,1,13
2014.08.15,00:00:23.679,102.521,102.518,1.5,1
2014.08.15,00:00:24.435,102.521,102.517,3.19,2.25
2014.08.15,00:00:25.210,102.52,102.517,1,2.25
2014.08.15,00:00:27.077,102.518,102.517,1,1
2014.08.15,00:00:28.478,102.52,102.517,2.44,1
2014.08.15,00:00:29.029,102.519,102.517,1,1
2014.08.15,00:00:29.331,102.518,102.515,1,6.75
2014.08.15,00:00:30.810,102.515,102.513,1,1
2014.08.15,00:00:31.063,102.514,102.511,1,2.44
2014.08.15,00:00:31.578,102.513,102.511,1,1.25
2014.08.15,00:00:32.090,102.513,102.512,1,1
2014.08.15,00:00:32.500,102.513,102.51,1,6.19
2014.08.15,00:00:33.017,102.513,102.511,1,1
2014.08.15,00:00:33.068,102.514,102.512,1.69,1
2014.08.15,00:00:33.119,102.515,102.513,2.25,3.75
2014.08.15,00:00:33.170,102.518,102.515,2.25,1
2014.08.15,00:00:33.674,102.516,102.514,1,1
2014.08.15,00:00:34.835,102.518,102.514,3.94,1.5
2014.08.15,00:00:37.335,102.517,102.514,1.25,2.25
2014.08.15,00:00:38.211,102.516,102.513,1,1
2014.08.15,00:00:39.078,102.516,102.512,1,1.88
2014.08.15,00:00:44.787,102.516,102.513,1,1
2014.08.15,00:00:45.756,102.515,102.513,1,1.88
2014.08.15,00:00:46.260,102.516,102.513,1,2.63
2014.08.15,00:00:46.787,102.515,102.514,1,1
2014.08.15,00:00:47.319,102.515,102.513,1,1.5
2014.08.15,00:00:50.484,102.516,102.514,1,1
2014.08.15,00:00:51.647,102.518,102.514,2.44,1.88
2014.08.15,00:00:53.030,102.518,102.515,1.25,1
2014.08.15,00:00:53.542,102.517,102.516,1,1
2014.08.15,00:00:54.057,102.518,102.516,1,1
2014.08.15,00:00:54.806,102.519,102.516,1.69,1
2014.08.15,00:01:09.554,102.518,102.515,1,1.25
2014.08.15,00:01:28.700,102.518,102.517,1,3.75
2014.08.15,00:01:30.234,102.52,102.517,3.19,3.75
2014.08.15,00:01:30.796,102.519,102.516,1,6.19
2014.08.15,00:01:31.300,102.521,102.517,1.69,1.69
2014.08.15,00:01:38.519,102.519,102.517,1,1.69
2014.08.15,00:01:39.087,102.518,102.517,1,1
2014.08.15,00:01:40.570,102.52,102.517,1.69,1
2014.08.15,00:01:40.671,102.52,102.518,1,1.69
2014.08.15,00:01:41.175,102.52,102.517,1.5,1.25
2014.08.15,00:01:51.251,102.519,102.517,1,1
2014.08.15,00:01:51.520,102.518,102.515,1,2.44
2014.08.15,00:01:54.882,102.52,102.517,1,2.69
2014.08.15,00:01:54.983,102.521,102.519,1.5,1
2014.08.15,00:01:55.437,102.519,102.518,1,1
2014.08.15,00:01:55.538,102.519,102.516,1,2.44
2014.08.15,00:01:56.374,102.519,102.516,1,2.44
2014.08.15,00:02:00.170,102.519,102.516,1,3.19
2014.08.15,00:02:03.866,102.519,102.517,1,1.19
2014.08.15,00:02:06.182,102.519,102.517,1,1.25
2014.08.15,00:02:10.074,102.519,102.516,1,3.19
2014.08.15,00:02:10.377,102.521,102.519,1.5,1
2014.08.15,00:02:11.729,102.52,102.518,1,3.19
2014.08.15,00:02:12.399,102.519,102.517,1,1.25
2014.08.15,00:02:12.813,102.52,102.519,1,1
2014.08.15,00:02:12.864,102.521,102.519,1,1
2014.08.15,00:02:13.384,102.521,102.518,1,5.25
2014.08.15,00:02:13.894,102.521,102.518,1,5.44
2014.08.15,00:02:15.022,102.521,102.518,1,4.69
2014.08.15,00:02:17.598,102.519,102.518,1,1
2014.08.15,00:02:17.750,102.519,102.516,1.5,1
2014.08.15,00:02:18.167,102.519,102.518,1,1
2014.08.15,00:02:18.268,102.521,102.518,1,1.5
2014.08.15,00:02:18.472,102.519,102.518,1,1
2014.08.15,00:02:18.724,102.519,102.516,1.5,1.69
2014.08.15,00:02:22.081,102.518,102.516,1,1
2014.08.15,00:02:23.461,102.518,102.515,1,5.44
2014.08.15,00:02:24.401,102.518,102.514,1.5,4.69
2014.08.15,00:02:26.161,102.518,102.514,1.5,1.69
2014.08.15,00:02:28.411,102.518,102.513,2.25,2.44
2014.08.15,00:02:29.838,102.518,102.514,2.25,1
2014.08.15,00:02:34.983,102.518,102.513,7.5,3.19
2014.08.15,00:02:35.179,102.515,102.513,1,1.25
2014.08.15,00:02:36.135,102.515,102.512,1,1.69
2014.08.15,00:02:38.634,102.515,102.512,1,1.69
2014.08.15,00:02:38.785,102.517,102.513,1,1.32
2014.08.15,00:02:38.836,102.515,102.512,1,2.44
2014.08.15,00:02:39.833,102.516,102.513,1,1.32
2014.08.15,00:02:41.832,102.515,102.512,1,3.19
2014.08.15,00:02:41.933,102.518,102.514,3.94,1.25
2014.08.15,00:02:42.034,102.516,102.514,1,1.25
2014.08.15,00:02:42.865,102.516,102.512,1,2.44
2014.08.15,00:02:43.434,102.516,102.512,2.25,1.69
2014.08.15,00:02:43.946,102.516,102.511,2.25,6.94
2014.08.15,00:02:44.256,102.516,102.512,2.25,1.19
2014.08.15,00:02:44.971,102.516,102.512,2.25,1.25
2014.08.15,00:02:45.484,102.514,102.512,1,1.25
2014.08.15,00:02:46.046,102.513,102.511,1.5,1.25
2014.08.15,00:03:02.972,102.513,102.51,2.25,1.32
2014.08.15,00:03:15.883,102.512,102.51,1,1.25
2014.08.15,00:03:18.214,102.513,102.51,1,1.25
2014.08.15,00:03:23.406,102.513,102.51,1,1.69
2014.08.15,00:03:23.910,102.512,102.51,1,1.69
2014.08.15,00:03:29.060,102.512,102.51,1,1.69
2014.08.15,00:03:32.126,102.513,102.51,1,1.69
2014.08.15,00:03:38.176,102.513,102.51,1,1.69
2014.08.15,00:03:39.472,102.513,102.51,1,1.69
2014.08.15,00:03:48.847,102.513,102.51,1,1.69
2014.08.15,00:03:49.955,102.513,102.51,1,1.69
2014.08.15,00:03:58.673,102.513,102.51,1,1.69
2014.08.15,00:04:00.605,102.513,102.51,1,4.69
2014.08.15,00:04:04.719,102.513,102.51,1,5.44
2014.08.15,00:04:12.894,102.513,102.511,1,1.19
2014.08.15,00:04:14.989,102.513,102.511,1,1.25
2014.08.15,00:04:18.082,102.515,102.511,3.19,1.32
2014.08.15,00:04:18.285,102.516,102.513,3,1.5
2014.08.15,00:04:19.393,102.516,102.512,2.25,2.07
2014.08.15,00:04:19.913,102.516,102.513,2.25,1
2014.08.15,00:04:23.163,102.516,102.513,2.25,5.82
2014.08.15,00:04:24.106,102.516,102.513,2.25,5.82
2014.08.15,00:04:24.648,102.515,102.513,1,5.82
2014.08.15,00:04:25.167,102.516,102.513,1.5,5.44
2014.08.15,00:04:40.235,102.515,102.513,1,5.25
2014.08.15,00:04:42.843,102.515,102.513,1,6.19
2014.08.15,00:04:45.520,102.516,102.513,1,5.44
2014.08.15,00:04:46.256,102.516,102.513,1,5.82
2014.08.15,00:04:48.065,102.516,102.514,1,3.75
2014.08.15,00:04:59.703,102.516,102.513,1.5,4.5
2014.08.15,00:05:01.189,102.516,102.514,1,2.44
2014.08.15,00:05:01.708,102.517,102.516,1,3.75
2014.08.15,00:05:02.710,102.517,102.515,1,1.13
2014.08.15,00:05:03.013,102.518,102.517,1.69,3.75
2014.08.15,00:05:26.812,102.52,102.517,2.25,4.69
2014.08.15,00:05:26.863,102.52,102.519,1,3.75
2014.08.15,00:05:27.165,102.523,102.519,1.5,1.5
2014.08.15,00:05:27.317,102.523,102.521,1,3.75
2014.08.15,00:05:27.634,102.524,102.522,1.5,3.75
2014.08.15,00:05:28.105,102.523,102.521,1,3.75
2014.08.15,00:05:28.357,102.522,102.52,1,3.75
2014.08.15,00:05:28.509,102.52,102.518,1,3.94
2014.08.15,00:05:30.932,102.521,102.519,2.5,3.75
2014.08.15,00:05:31.659,102.521,102.519,1,4.5
2014.08.15,00:05:32.175,102.522,102.52,1,3.75
2014.08.15,00:05:32.785,102.521,102.52,1,3.75
2014.08.15,00:05:32.836,102.521,102.518,1.69,1
2014.08.15,00:05:32.887,102.521,102.519,1.25,1
2014.08.15,00:05:32.988,102.521,102.519,1.25,1
2014.08.15,00:05:33.500,102.521,102.518,1.25,4.5
2014.08.15,00:05:36.220,102.52,102.518,1,4.69
2014.08.15,00:05:41.114,102.52,102.519,1,1
2014.08.15,00:05:41.366,102.522,102.519,1.25,4.5
2014.08.15,00:05:43.339,102.52,102.519,1,1
2014.08.15,00:05:43.858,102.52,102.518,1,6.19
2014.08.15,00:05:45.177,102.522,102.518,2.44,5.44
2014.08.15,00:05:45.278,102.522,102.52,1,3.75
2014.08.15,00:05:48.009,102.522,102.521,1,3.75
2014.08.15,00:05:48.514,102.523,102.521,1,4.5
2014.08.15,00:05:49.075,102.523,102.521,1,3.75
2014.08.15,00:05:53.524,102.523,102.52,1,1.69
2014.08.15,00:05:55.446,102.522,102.519,1,5.44
2014.08.15,00:05:56.497,102.522,102.519,1,4.69
2014.08.15,00:05:57.052,102.52,102.519,1,1.25
2014.08.15,00:05:57.556,102.52,102.518,1,1.69
2014.08.15,00:06:00.308,102.522,102.519,1.32,3.75
2014.08.15,00:06:00.359,102.522,102.52,1.25,3.75
2014.08.15,00:06:05.118,102.523,102.52,1.69,4.5
2014.08.15,00:06:12.590,102.524,102.52,2.44,5.25
2014.08.15,00:06:24.306,102.523,102.52,2.44,5.25
2014.08.15,00:06:25.329,102.523,102.52,1,4.5
2014.08.15,00:06:25.994,102.522,102.52,1,4.69
2014.08.15,00:06:26.096,102.52,102.518,1,1.5
2014.08.15,00:06:26.449,102.518,102.517,1,3.75
2014.08.15,00:06:27.949,102.519,102.517,1.69,3.75
2014.08.15,00:06:28.860,102.519,102.518,1,1
2014.08.15,00:06:28.961,102.521,102.518,1,1.5
2014.08.15,00:06:29.465,102.522,102.519,1.69,3.75
2014.08.15,00:06:38.177,102.522,102.52,1,1
2014.08.15,00:06:41.039,102.523,102.52,1,1.5
2014.08.15,00:06:55.080,102.522,102.52,2.44,1
2014.08.15,00:06:56.088,102.523,102.52,3,1
2014.08.15,00:07:09.958,102.522,102.52,1,1
2014.08.15,00:07:10.492,102.522,102.519,2.25,3.75
2014.08.15,00:07:14.444,102.522,102.518,2.25,2.25
2014.08.15,00:07:14.646,102.52,102.518,1,5.44
2014.08.15,00:07:14.950,102.518,102.516,1,2.44
2014.08.15,00:07:15.471,102.518,102.516,1,1
2014.08.15,00:07:15.824,102.52,102.517,1.5,1.5
2014.08.15,00:07:17.265,102.52,102.516,3.94,6.19
2014.08.15,00:07:24.564,102.519,102.516,1,2.44
2014.08.15,00:07:25.069,102.518,102.515,1.5,4.69
2014.08.15,00:07:37.453,102.518,102.514,1.69,4.69
2014.08.15,00:07:39.262,102.515,102.512,1,5.44
2014.08.15,00:07:40.270,102.515,102.512,1,4.69
2014.08.15,00:07:57.942,102.514,102.512,1,3.75
2014.08.15,00:07:58.510,102.514,102.512,1,3.75
2014.08.15,00:08:03.760,102.513,102.511,1,4.69
2014.08.15,00:08:09.904,102.514,102.511,1,5.44
2014.08.15,00:08:10.157,102.515,102.511,1.5,6.19
2014.08.15,00:08:11.948,102.515,102.511,1.5,5.44
2014.08.15,00:08:13.125,102.515,102.511,1.5,6.19
2014.08.15,00:08:14.816,102.515,102.511,1.5,5.44
2014.08.15,00:08:18.963,102.515,102.511,1.5,6.19
2014.08.15,00:08:22.450,102.515,102.511,1.5,5.25
2014.08.15,00:08:22.967,102.515,102.511,1.5,6.19
2014.08.15,00:08:25.837,102.515,102.511,2.44,6.19
2014.08.15,00:08:26.974,102.515,102.511,2.63,6.19
2014.08.15,00:08:31.182,102.515,102.511,2.44,6.19
2014.08.15,00:08:31.283,102.513,102.511,1,2.07
2014.08.15,00:08:41.121,102.513,102.51,1.5,1.32
2014.08.15,00:08:44.436,102.513,102.512,1.5,1
2014.08.15,00:08:44.951,102.513,102.511,1,1.25
2014.08.15,00:08:46.113,102.513,102.51,1,1.13
2014.08.15,00:08:51.742,102.513,102.511,1,1
2014.08.15,00:08:52.255,102.514,102.511,1.5,5.44
2014.08.15,00:08:56.490,102.513,102.511,1.88,3.75
2014.08.15,00:08:56.642,102.512,102.509,1.5,4.69
2014.08.15,00:09:04.418,102.511,102.509,1,4.5
2014.08.15,00:09:05.124,102.511,102.51,1,3.75
2014.08.15,00:09:05.426,102.513,102.51,3.19,3.75
2014.08.15,00:09:06.225,102.513,102.509,8.44,1.32
2014.08.15,00:09:06.729,102.512,102.509,1.5,1.69
2014.08.15,00:09:07.334,102.511,102.509,1,1.5
2014.08.15,00:09:07.486,102.509,102.506,1,1.25
2014.08.15,00:09:07.738,102.508,102.504,1.69,6.19
2014.08.15,00:09:12.714,102.506,102.504,1,2.07
2014.08.15,00:09:12.866,102.505,102.502,1,3.75
2014.08.15,00:09:15.239,102.505,102.501,1,5.25
2014.08.15,00:09:15.441,102.505,102.503,1,3.75
2014.08.15,00:09:15.592,102.507,102.504,1.69,1
2014.08.15,00:09:16.096,102.506,102.504,1,1
2014.08.15,00:09:18.253,102.505,102.502,2.5,1
2014.08.15,00:09:18.304,102.503,102.5,1,2.25
2014.08.15,00:09:18.607,102.504,102.502,1,1.13
2014.08.15,00:09:18.658,102.506,102.503,1.25,6.38
2014.08.15,00:09:20.430,102.507,102.505,1.25,3.75
2014.08.15,00:09:21.933,102.507,102.503,1.5,5.44
2014.08.15,00:09:21.984,102.505,102.502,1,1
2014.08.15,00:09:22.186,102.504,102.501,1.69,1
2014.08.15,00:09:22.690,102.503,102.5,1,3.94
2014.08.15,00:09:24.604,102.503,102.499,1.25,2.44
2014.08.15,00:09:29.097,102.503,102.499,3.94,1.5
2014.08.15,00:09:29.886,102.503,102.499,1.5,1.5
2014.08.15,00:09:43.170,102.502,102.499,1,1.25
2014.08.15,00:10:03.063,102.504,102.499,6.19,3.19
2014.08.15,00:10:15.695,102.504,102.499,6.94,3.19
2014.08.15,00:10:18.159,102.504,102.499,6.94,2.25
2014.08.15,00:10:18.724,102.504,102.499,8.44,2.25
2014.08.15,00:10:20.176,102.504,102.5,8.44,1
2014.08.15,00:10:21.364,102.503,102.5,2.44,1
2014.08.15,00:10:22.626,102.503,102.5,2.44,1
2014.08.15,00:10:23.981,102.503,102.5,2.44,1
2014.08.15,00:10:25.217,102.503,102.5,2.44,1
2014.08.15,00:10:28.522,102.502,102.5,1.69,1
2014.08.15,00:10:34.604,102.502,102.498,1,3.19
2014.08.15,00:10:35.116,102.502,102.498,1,3.19
2014.08.15,00:10:39.518,102.502,102.498,1,2.44
2014.08.15,00:10:40.223,102.502,102.499,1,1
2014.08.15,00:10:40.576,102.5,102.498,3.75,1.25
2014.08.15,00:10:40.890,102.497,102.495,1,1
2014.08.15,00:10:41.193,102.495,102.493,4.5,1
2014.08.15,00:10:41.701,102.495,102.492,5.25,1.25
2014.08.15,00:10:45.656,102.495,102.491,7.69,1.69
2014.08.15,00:10:47.726,102.495,102.492,7.69,1
2014.08.15,00:11:03.361,102.495,102.493,1,1.5
2014.08.15,00:11:09.559,102.496,102.493,4.5,2.25
2014.08.15,00:11:10.077,102.497,102.493,3.94,3.19
2014.08.15,00:11:16.296,102.497,102.493,3.75,3.94
2014.08.15,00:11:18.358,102.498,102.494,2.44,1.25
2014.08.15,00:11:18.729,102.498,102.497,1,1
2014.08.15,00:11:18.779,102.5,102.497,5.63,1
2014.08.15,00:11:18.931,102.502,102.498,1,6.75
2014.08.15,00:11:19.233,102.503,102.501,1,1.5
2014.08.15,00:11:35.124,102.503,102.499,4.69,1.5
2014.08.15,00:11:36.686,102.502,102.499,1,1
2014.08.15,00:11:38.606,102.503,102.499,7.69,1
2014.08.15,00:11:39.126,102.502,102.499,1.25,1
2014.08.15,00:11:44.678,102.501,102.499,1,1
2014.08.15,00:11:44.779,102.5,102.497,1.5,6
2014.08.15,00:11:45.032,102.498,102.496,3.5,1
2014.08.15,00:11:45.183,102.497,102.494,1.25,1
2014.08.15,00:11:47.038,102.497,102.495,2.44,1
2014.08.15,00:11:47.189,102.499,102.496,3.75,2.25
2014.08.15,00:11:47.493,102.501,102.498,1.25,9.75
2014.08.15,00:11:47.695,102.501,102.498,1.69,1.5
2014.08.15,00:11:53.563,102.502,102.499,1,3.94
2014.08.15,00:11:53.916,102.503,102.501,1,1
2014.08.15,00:11:56.446,102.502,102.501,1,1
2014.08.15,00:11:58.685,102.503,102.5,2.5,5.07
2014.08.15,00:11:59.780,102.502,102.5,1,1.69
2014.08.15,00:12:02.998,102.502,102.5,1,1
2014.08.15,00:12:03.895,102.503,102.5,5.25,1.5
2014.08.15,00:12:23.664,102.503,102.501,1,1
2014.08.15,00:12:24.186,102.503,102.5,1,1.69
2014.08.15,00:12:24.699,102.503,102.501,1,1
2014.08.15,00:12:25.322,102.503,102.5,1,2.44
2014.08.15,00:12:32.356,102.502,102.5,1,1
2014.08.15,00:12:33.329,102.502,102.499,2.25,1.25
2014.08.15,00:12:33.688,102.5,102.498,1.5,1.69
2014.08.15,00:12:34.557,102.499,102.497,1,1
2014.08.15,00:12:35.069,102.499,102.496,1,1.69
2014.08.15,00:12:36.629,102.5,102.496,1.69,6.19
2014.08.15,00:12:37.133,102.5,102.496,1.5,6.94
2014.08.15,00:12:51.144,102.5,102.497,1,1.19
2014.08.15,00:12:53.653,102.5,102.497,1,1.25
2014.08.15,00:12:55.219,102.501,102.497,5.44,1.69
2014.08.15,00:12:55.950,102.501,102.497,5.25,1.69
2014.08.15,00:12:56.793,102.501,102.497,5.25,1
2014.08.15,00:12:57.309,102.501,102.497,5.25,1.69
2014.08.15,00:13:01.497,102.501,102.497,1.5,1
2014.08.15,00:13:21.890,102.501,102.498,2.44,1
2014.08.15,00:13:25.881,102.501,102.499,1.69,1
2014.08.15,00:13:27.032,102.503,102.499,6.94,1
2014.08.15,00:13:27.830,102.503,102.498,6.19,6
2014.08.15,00:13:32.844,102.503,102.499,6.19,1
2014.08.15,00:13:36.235,102.503,102.499,1,2.44
2014.08.15,00:13:57.909,102.502,102.5,1,1
2014.08.15,00:14:03.345,102.503,102.5,6.19,1
2014.08.15,00:14:19.105,102.503,102.5,3.94,1
2014.08.15,00:14:21.308,102.502,102.498,2.44,2.44
2014.08.15,00:14:25.997,102.5,102.498,1,4.69
2014.08.15,00:14:42.140,102.5,102.497,1,1.25
2014.08.15,00:14:42.444,102.502,102.499,3,1.25
2014.08.15,00:14:43.099,102.501,102.498,3.75,2.44
2014.08.15,00:14:43.603,102.5,102.499,1,1
2014.08.15,00:14:57.015,102.502,102.499,1,5.44
2014.08.15,00:14:57.519,102.503,102.499,3.94,5.44
2014.08.15,00:14:57.776,102.501,102.499,1,5.44
2014.08.15,00:14:58.088,102.503,102.5,2.44,1
2014.08.15,00:14:58.602,102.503,102.5,2.25,5.44
2014.08.15,00:14:58.859,102.502,102.5,1,5.25
2014.08.15,00:14:58.960,102.503,102.5,1.5,5.44
2014.08.15,00:15:01.308,102.505,102.503,6.19,1.5
2014.08.15,00:15:01.462,102.506,102.505,1,3.75
2014.08.15,00:15:01.513,102.508,102.505,2.25,3.75
2014.08.15,00:15:03.764,102.508,102.506,1.5,1
2014.08.15,00:15:06.587,102.507,102.503,1.5,6.38
2014.08.15,00:15:06.688,102.505,102.503,1,1.13
2014.08.15,00:15:10.808,102.505,102.501,1.5,6.19
2014.08.15,00:15:12.042,102.505,102.501,1.5,5.25
2014.08.15,00:15:12.581,102.505,102.502,1.5,1.25
2014.08.15,00:15:14.869,102.505,102.503,1,3.75
2014.08.15,00:15:14.920,102.508,102.504,8.25,1
2014.08.15,00:15:14.970,102.506,102.504,1,1
2014.08.15,00:15:17.249,102.508,102.504,8.44,1.25
2014.08.15,00:15:17.753,102.508,102.504,1.5,5.07
2014.08.15,00:15:18.425,102.508,102.504,3,4.32
2014.08.15,00:15:20.047,102.508,102.505,2.25,3.75
2014.08.15,00:15:20.578,102.509,102.505,1.5,3.75
2014.08.15,00:15:21.334,102.509,102.506,1.5,1.25
2014.08.15,00:15:21.485,102.509,102.507,1,3.75
2014.08.15,00:15:21.536,102.51,102.508,1,4.69
2014.08.15,00:15:22.040,102.512,102.509,1,2.07
2014.08.15,00:15:22.906,102.512,102.509,1,2.82
2014.08.15,00:15:23.446,102.511,102.508,1,1.69
2014.08.15,00:15:23.950,102.51,102.508,1,1.69
2014.08.15,00:15:25.603,102.509,102.508,1,1
2014.08.15,00:15:26.472,102.511,102.508,1.5,4.5
2014.08.15,00:15:27.612,102.51,102.508,1,4.69
2014.08.15,00:15:28.126,102.511,102.508,1.5,4.69
2014.08.15,00:15:29.831,102.511,102.509,1.5,3.75
2014.08.15,00:15:30.652,102.513,102.509,2.25,3.19
2014.08.15,00:15:32.180,102.513,102.511,1.5,1
2014.08.15,00:15:37.283,102.513,102.51,1,5.44
2014.08.15,00:15:38.946,102.515,102.512,1.5,6.01
2014.08.15,00:15:39.249,102.517,102.515,3.19,3.75
2014.08.15,00:15:39.755,102.516,102.515,1,3.75
2014.08.15,00:15:40.271,102.516,102.514,1,1.25
2014.08.15,00:15:41.842,102.516,102.515,1,3.75
2014.08.15,00:15:42.346,102.517,102.515,1,3.75
2014.08.15,00:15:45.310,102.519,102.516,3.19,1
2014.08.15,00:15:45.361,102.519,102.518,1.5,3.75
2014.08.15,00:15:45.983,102.519,102.517,1,3.75
2014.08.15,00:15:48.099,102.519,102.518,1,3.75
2014.08.15,00:15:48.605,102.52,102.517,2.25,4.69
2014.08.15,00:15:50.265,102.519,102.517,1,1.25
2014.08.15,00:15:50.820,102.52,102.516,3,5.44
2014.08.15,00:15:51.123,102.518,102.516,1,5.44
2014.08.15,00:15:51.544,102.52,102.518,1,5.44
2014.08.15,00:15:52.074,102.521,102.518,1,5.44
2014.08.15,00:15:54.241,102.521,102.519,1,3.75
2014.08.15,00:15:54.997,102.522,102.519,1.5,5.44
2014.08.15,00:15:55.804,102.522,102.519,1,2.82
2014.08.15,00:15:56.308,102.523,102.519,2.44,3.19
2014.08.15,00:15:56.509,102.521,102.519,1.5,2.82
2014.08.15,00:15:56.812,102.519,102.516,1,2.25
2014.08.15,00:15:56.913,102.518,102.515,1,1.25
2014.08.15,00:15:57.417,102.518,102.514,1,2.63
2014.08.15,00:15:59.212,102.518,102.516,1,1.5
2014.08.15,00:15:59.262,102.52,102.516,6,2.25
2014.08.15,00:15:59.788,102.52,102.517,6,1
2014.08.15,00:15:59.939,102.518,102.517,1,1
2014.08.15,00:16:00.448,102.518,102.516,1,1.5
2014.08.15,00:16:01.558,102.519,102.516,1.25,1.5
2014.08.15,00:16:02.685,102.519,102.517,1.69,1
2014.08.15,00:16:03.190,102.52,102.517,1,1
2014.08.15,00:16:08.535,102.52,102.518,1.5,1
2014.08.15,00:16:09.141,102.522,102.518,2.25,1.5
2014.08.15,00:16:09.659,102.522,102.518,2.25,1.69
2014.08.15,00:16:10.492,102.522,102.52,1,1
2014.08.15,00:16:10.644,102.524,102.52,1.25,4.69
2014.08.15,00:16:11.650,102.525,102.52,3,5.07
2014.08.15,00:16:13.543,102.525,102.523,2.25,1
2014.08.15,00:16:14.047,102.526,102.524,1,1.69
2014.08.15,00:16:15.238,102.526,102.523,1,1.5
2014.08.15,00:16:15.692,102.524,102.522,1,1.25
2014.08.15,00:16:18.335,102.524,102.521,1,6.94
2014.08.15,00:16:20.173,102.524,102.521,1,5.44
2014.08.15,00:16:20.727,102.525,102.521,1,5.25
2014.08.15,00:16:22.712,102.523,102.521,1,3.75
2014.08.15,00:16:23.216,102.522,102.52,1,3.75
2014.08.15,00:16:23.726,102.522,102.521,1,3.75
2014.08.15,00:16:27.809,102.522,102.519,1,1.25
2014.08.15,00:16:27.960,102.52,102.518,1,3.75
2014.08.15,00:16:30.580,102.52,102.519,1,3.75
2014.08.15,00:16:30.681,102.522,102.519,4.69,3.75
2014.08.15,00:16:30.782,102.521,102.518,1,5.44
2014.08.15,00:16:31.315,102.52,102.518,1,5.44
2014.08.15,00:16:31.520,102.522,102.518,3.19,6.94
2014.08.15,00:16:31.570,102.522,102.52,2.25,3.75
2014.08.15,00:16:32.078,102.522,102.521,1,3.75
2014.08.15,00:16:38.673,102.523,102.522,1.5,1
2014.08.15,00:16:38.824,102.524,102.523,1,1
2014.08.15,00:16:39.278,102.526,102.524,1.25,3.75
2014.08.15,00:16:39.481,102.525,102.522,1,1
2014.08.15,00:16:40.011,102.524,102.521,1.25,1
2014.08.15,00:16:40.580,102.523,102.52,1,4.69
2014.08.15,00:16:41.553,102.523,102.519,1,6.19
2014.08.15,00:16:42.064,102.523,102.519,1,6.94
2014.08.15,00:16:46.884,102.522,102.519,1,6.94
2014.08.15,00:16:47.388,102.522,102.519,1,5.25
2014.08.15,00:16:50.085,102.521,102.519,1,4.5
2014.08.15,00:16:50.237,102.519,102.514,1,6
2014.08.15,00:16:50.752,102.518,102.515,1,1.25
2014.08.15,00:16:52.390,102.519,102.517,1,1
2014.08.15,00:16:52.509,102.522,102.518,1.5,1.5
2014.08.15,00:16:53.040,102.522,102.518,1.5,1.69
2014.08.15,00:16:55.663,102.522,102.519,1,5.44
2014.08.15,00:17:00.619,102.522,102.519,1,6.19
2014.08.15,00:17:01.576,102.521,102.519,1,1
2014.08.15,00:17:02.111,102.521,102.518,1,1.69
2014.08.15,00:17:03.674,102.522,102.518,1.69,1.69
2014.08.15,00:17:04.581,102.522,102.518,1.5,2.44
2014.08.15,00:17:09.513,102.522,102.518,1.5,7.32
2014.08.15,00:17:10.257,102.522,102.519,1,3.75
2014.08.15,00:17:10.874,102.522,102.519,1,5.44
2014.08.15,00:17:15.908,102.522,102.519,1,4.69
2014.08.15,00:17:20.755,102.522,102.519,1,4.69
2014.08.15,00:17:22.022,102.522,102.519,1,3.75
2014.08.15,00:17:22.523,102.522,102.519,1,4.69
2014.08.15,00:17:25.933,102.522,102.519,1,3.75
2014.08.15,00:17:41.040,102.522,102.518,1.5,5.82
2014.08.15,00:17:41.684,102.522,102.518,1.5,6.19
2014.08.15,00:17:48.756,102.521,102.518,1,6.94
2014.08.15,00:17:50.265,102.522,102.518,2.25,6.94
2014.08.15,00:17:56.779,102.522,102.52,1.5,3.75
2014.08.15,00:18:03.794,102.522,102.519,1,1
2014.08.15,00:18:03.895,102.521,102.519,1,1
2014.08.15,00:18:04.297,102.519,102.516,1.69,1.5
2014.08.15,00:18:04.700,102.518,102.514,1.25,5.07
2014.08.15,00:18:05.003,102.516,102.514,1,4.13
2014.08.15,00:18:05.565,102.515,102.514,1,3.75
2014.08.15,00:18:05.766,102.517,102.513,2.44,8.44
2014.08.15,00:18:05.918,102.515,102.513,1.25,4.5
2014.08.15,00:18:06.337,102.514,102.511,2.69,1.13
2014.08.15,00:18:06.995,102.513,102.511,1,1
2014.08.15,00:18:07.147,102.512,102.511,1,3.75
2014.08.15,00:18:07.651,102.512,102.51,1,4.5
2014.08.15,00:18:08.155,102.512,102.51,1,4.5
2014.08.15,00:18:10.920,102.511,102.51,1,3.75
2014.08.15,00:18:11.476,102.512,102.51,1,3.75
2014.08.15,00:18:12.001,102.512,102.509,1,4.88
2014.08.15,00:18:15.966,102.511,102.509,1.25,4.88
2014.08.15,00:18:17.149,102.512,102.509,1.5,4.88
2014.08.15,00:18:22.811,102.511,102.509,1,5.25
2014.08.15,00:18:24.354,102.512,102.509,1,5.44
2014.08.15,00:18:25.484,102.513,102.511,1.69,3.75
2014.08.15,00:18:27.900,102.513,102.511,1,1
2014.08.15,00:18:29.129,102.514,102.512,1.69,3.75
2014.08.15,00:18:39.398,102.515,102.513,1.5,3.75
2014.08.15,00:19:02.446,102.515,102.511,1.5,7.69
2014.08.15,00:19:03.453,102.515,102.511,1.5,6.94
2014.08.15,00:19:07.641,102.515,102.512,1.5,1.25
2014.08.15,00:19:09.559,102.515,102.511,1.69,2.44
2014.08.15,00:19:10.063,102.513,102.511,1,2.44
2014.08.15,00:19:10.933,102.514,102.511,1.5,1.25
2014.08.15,00:19:12.844,102.514,102.51,6.94,1.25
2014.08.15,00:19:13.976,102.513,102.509,1,3.94
2014.08.15,00:19:16.994,102.512,102.509,1,3.19
2014.08.15,00:19:17.835,102.512,102.509,1,1.5
2014.08.15,00:19:19.206,102.514,102.509,6.57,1.5
2014.08.15,00:19:21.620,102.513,102.509,3.75,1.5
2014.08.15,00:19:23.454,102.512,102.509,1,1.88
2014.08.15,00:19:25.132,102.511,102.509,1,2.82
2014.08.15,00:19:26.400,102.511,102.509,1,2.82
2014.08.15,00:19:26.552,102.514,102.509,6.94,2.82
2014.08.15,00:19:27.565,102.514,102.509,5.44,1.88
2014.08.15,00:19:28.560,102.514,102.509,6.19,2.82
2014.08.15,00:19:42.404,102.511,102.509,1,2.44
2014.08.15,00:19:53.704,102.513,102.509,1.69,1.32
2014.08.15,00:19:55.515,102.511,102.508,1,6.94
2014.08.15,00:20:00.658,102.511,102.51,1,1
2014.08.15,00:20:01.569,102.514,102.51,4.69,1
2014.08.15,00:20:02.103,102.512,102.51,1,1
2014.08.15,00:20:03.294,102.513,102.51,1,1.25
2014.08.15,00:20:08.780,102.511,102.51,1,1.25
2014.08.15,00:20:09.003,102.514,102.51,8.44,1.25
2014.08.15,00:20:09.255,102.512,102.51,1,1.25
2014.08.15,00:20:10.112,102.513,102.51,1,1.25
2014.08.15,00:20:10.625,102.512,102.51,1,1.25
2014.08.15,00:20:11.854,102.513,102.51,1,1
2014.08.15,00:20:12.992,102.512,102.51,1,1
2014.08.15,00:20:14.509,102.511,102.51,1,1.25
2014.08.15,00:20:14.610,102.513,102.509,1.5,5.07
2014.08.15,00:20:15.114,102.513,102.509,2.44,4.32
2014.08.15,00:20:20.248,102.513,102.509,2.25,4.69
2014.08.15,00:20:21.127,102.512,102.509,1,3.94
2014.08.15,00:20:21.437,102.51,102.508,1,1.69
2014.08.15,00:20:21.740,102.511,102.507,1.69,5.82
2014.08.15,00:20:22.321,102.509,102.507,1,5.82
2014.08.15,00:20:22.836,102.51,102.507,1,5.44
2014.08.15,00:20:24.419,102.509,102.507,1,4.69
2014.08.15,00:20:25.292,102.508,102.507,1,4.5
2014.08.15,00:20:25.498,102.511,102.507,2.25,4.5
2014.08.15,00:20:25.851,102.509,102.507,1,4.5
2014.08.15,00:20:26.364,102.509,102.507,1,4.5
2014.08.15,00:20:26.415,102.51,102.507,1,4.5
2014.08.15,00:20:32.797,102.511,102.507,2.44,5.44
2014.08.15,00:20:36.964,102.511,102.509,2.25,3.75
2014.08.15,00:20:39.032,102.512,102.509,1,3.75
2014.08.15,00:20:50.830,102.511,102.509,1,4.32
2014.08.15,00:20:54.463,102.512,102.51,1.69,3.75
2014.08.15,00:20:54.982,102.511,102.51,1,4.5
2014.08.15,00:20:55.865,102.512,102.51,1,1
2014.08.15,00:20:56.370,102.513,102.51,1.69,1
2014.08.15,00:20:57.435,102.514,102.51,3.19,1
2014.08.15,00:20:59.494,102.513,102.51,1.25,4.5
2014.08.15,00:21:00.371,102.512,102.51,1,4.5
2014.08.15,00:21:08.310,102.513,102.51,1.69,4.5
2014.08.15,00:21:13.129,102.512,102.51,1,4.5
2014.08.15,00:21:15.122,102.512,102.509,1,5.82
2014.08.15,00:21:17.446,102.513,102.509,3.19,5.07
2014.08.15,00:21:19.075,102.512,102.509,1,4.69
2014.08.15,00:21:20.168,102.513,102.509,2.44,4.69
2014.08.15,00:21:20.836,102.512,102.509,1,4.69
2014.08.15,00:21:22.777,102.511,102.507,1,1.69
2014.08.15,00:21:22.827,102.509,102.507,1,1
2014.08.15,00:21:23.281,102.508,102.505,1.5,1
2014.08.15,00:21:23.835,102.508,102.507,1,1
2014.08.15,00:21:23.936,102.51,102.507,1,5.25
2014.08.15,00:21:28.282,102.51,102.508,1,1
2014.08.15,00:21:29.538,102.511,102.508,2.25,1
2014.08.15,00:21:30.052,102.51,102.508,1,1
2014.08.15,00:21:32.477,102.511,102.509,1.5,3.75
2014.08.15,00:21:35.078,102.511,102.509,1,4.88
2014.08.15,00:21:35.584,102.51,102.508,1,1.13
2014.08.15,00:21:36.823,102.511,102.508,1,4.88
2014.08.15,00:21:39.460,102.512,102.508,1,6
2014.08.15,00:21:44.168,102.512,102.508,1,6.19
2014.08.15,00:21:44.681,102.513,102.508,1.5,6.19
2014.08.15,00:22:09.116,102.513,102.51,3.19,1
2014.08.15,00:22:11.067,102.513,102.509,3.19,1.25
2014.08.15,00:22:19.460,102.512,102.509,1.25,1
2014.08.15,00:22:22.483,102.512,102.508,1.25,4.69
2014.08.15,00:22:24.342,102.513,102.508,5.44,4.5
2014.08.15,00:22:26.179,102.512,102.508,1.25,5.25
2014.08.15,00:22:29.489,102.511,102.508,2.44,5.25
2014.08.15,00:22:30.491,102.512,102.508,2.44,5.44
2014.08.15,00:22:37.281,102.513,102.508,3.94,1.5
2014.08.15,00:22:38.304,102.512,102.508,2.44,1.69
2014.08.15,00:22:45.663,102.512,102.509,2.44,3.75
2014.08.15,00:22:46.016,102.51,102.508,1.25,1.5
2014.08.15,00:22:46.520,102.51,102.507,2.44,4.5
2014.08.15,00:22:48.283,102.509,102.507,1,3.75
2014.08.15,00:22:49.526,102.508,102.507,2.44,3.75
2014.08.15,00:22:52.445,102.508,102.505,4.69,3.75
2014.08.15,00:22:52.967,102.508,102.504,4.69,3.75
2014.08.15,00:22:53.592,102.506,102.504,2.44,3.75
2014.08.15,00:23:01.829,102.507,102.504,2.44,3.75
2014.08.15,00:23:05.557,102.506,102.504,2.44,3.75
2014.08.15,00:23:06.631,102.507,102.504,2.44,3.75
2014.08.15,00:23:09.655,102.506,102.504,2.44,3.75
2014.08.15,00:23:10.842,102.506,102.504,2.44,3.75
2014.08.15,00:23:10.994,102.504,102.501,3.44,1
2014.08.15,00:23:11.044,102.504,102.503,2.44,3.75
2014.08.15,00:23:11.145,102.504,102.501,3.19,5.25
2014.08.15,00:23:11.649,102.503,102.501,1.5,4.5
2014.08.15,00:23:19.160,102.502,102.5,1,1
2014.08.15,00:23:19.668,102.502,102.499,1,3.94
2014.08.15,00:23:24.124,102.502,102.498,1,5.25
2014.08.15,00:23:39.180,102.502,102.499,1.25,1
2014.08.15,00:23:40.991,102.503,102.499,3.19,1
2014.08.15,00:23:42.425,102.502,102.499,1.25,1
2014.08.15,00:23:49.816,102.503,102.499,4.69,1
2014.08.15,00:23:53.636,102.502,102.499,1,1.25
2014.08.15,00:24:02.208,102.501,102.499,3.75,1
2014.08.15,00:24:02.724,102.502,102.498,7.69,3.75
2014.08.15,00:24:03.778,102.501,102.498,1.25,3.75
2014.08.15,00:24:04.044,102.499,102.496,1,4.69
2014.08.15,00:24:04.145,102.501,102.498,1.69,4.5
2014.08.15,00:24:14.531,102.502,102.499,5.44,1
2014.08.15,00:24:15.748,102.501,102.499,1.25,1
2014.08.15,00:24:21.689,102.502,102.499,3.94,1.5
2014.08.15,00:24:22.992,102.501,102.499,2.44,1.5
2014.08.15,00:24:28.275,102.502,102.499,3.19,1.5
2014.08.15,00:24:29.602,102.502,102.499,3.19,1.5
2014.08.15,00:24:30.718,102.502,102.499,3.19,1.5
2014.08.15,00:24:37.085,102.501,102.499,6.19,1
2014.08.15,00:24:37.590,102.501,102.498,7.69,1.5
2014.08.15,00:24:39.075,102.501,102.499,1.25,1
2014.08.15,00:24:40.752,102.501,102.5,1.25,1
2014.08.15,00:24:40.987,102.503,102.5,3.19,1.5
2014.08.15,00:24:46.233,102.503,102.501,3.19,1
2014.08.15,00:24:46.746,102.503,102.5,3.19,1.5
2014.08.15,00:24:47.699,102.503,102.5,3.19,1.5
2014.08.15,00:24:48.714,102.503,102.5,1,1
2014.08.15,00:24:49.719,102.502,102.5,2.44,1
2014.08.15,00:24:53.137,102.503,102.5,1,1.69
2014.08.15,00:25:00.892,102.504,102.5,4.69,4.69
2014.08.15,00:25:21.796,102.503,102.5,1,1.25
2014.08.15,00:25:28.583,102.504,102.5,3.75,4.5
2014.08.15,00:25:37.475,102.503,102.5,3.75,1
2014.08.15,00:25:40.987,102.503,102.499,3.75,1.5
2014.08.15,00:25:42.994,102.503,102.499,3.75,2.44
2014.08.15,00:25:44.440,102.503,102.499,3.94,2.44
2014.08.15,00:25:47.014,102.502,102.499,1,1.69
2014.08.15,00:25:47.729,102.503,102.499,3.75,1
2014.08.15,00:25:53.274,102.504,102.5,6.19,1
2014.08.15,00:26:08.703,102.504,102.5,6.94,1.25
2014.08.15,00:26:12.499,102.504,102.501,5.44,1
2014.08.15,00:26:15.332,102.503,102.501,3.75,1
2014.08.15,00:26:15.849,102.503,102.5,3.75,1.69
2014.08.15,00:26:39.262,102.504,102.5,6,1.5
2014.08.15,00:26:39.766,102.505,102.502,7.5,1
2014.08.15,00:26:40.269,102.506,102.503,3.94,1
2014.08.15,00:26:42.993,102.506,102.501,3.94,6.19
2014.08.15,00:26:43.194,102.506,102.503,7.69,1
2014.08.15,00:26:44.087,102.506,102.503,7.69,1
2014.08.15,00:26:44.708,102.506,102.502,7.69,1.25
2014.08.15,00:26:50.639,102.506,102.501,6.94,6.19
2014.08.15,00:26:52.841,102.506,102.501,6.94,6.19
2014.08.15,00:26:54.021,102.506,102.501,6.94,6.19
2014.08.15,00:26:55.148,102.506,102.501,6.94,6.19
2014.08.15,00:26:55.451,102.503,102.501,1,5.44
2014.08.15,00:26:56.124,102.503,102.501,1,4.69
2014.08.15,00:26:57.043,102.504,102.501,1,4.69
2014.08.15,00:27:03.603,102.505,102.501,1.32,1
2014.08.15,00:27:04.669,102.505,102.502,1.32,1
2014.08.15,00:27:10.521,102.506,102.502,3,1.5
2014.08.15,00:27:13.304,102.506,102.503,2.25,1
2014.08.15,00:27:13.808,102.506,102.502,2.25,2.25
2014.08.15,00:27:18.769,102.505,102.502,3.75,1.5
2014.08.15,00:27:21.064,102.506,102.502,2.82,2.44
2014.08.15,00:27:21.981,102.505,102.502,3.75,2.44
2014.08.15,00:27:24.179,102.506,102.502,6.57,1.25
2014.08.15,00:27:27.022,102.505,102.502,3.75,1.25
2014.08.15,00:27:39.304,102.505,102.502,5.82,1
2014.08.15,00:27:39.710,102.503,102.5,4.69,1.5
2014.08.15,00:28:19.327,102.502,102.5,1,1
2014.08.15,00:28:19.832,102.501,102.498,5.25,1.25
2014.08.15,00:28:20.336,102.5,102.498,1,1.25
2014.08.15,00:28:22.203,102.501,102.498,5.44,1
2014.08.15,00:28:33.541,102.502,102.498,1.69,5.25
2014.08.15,00:28:34.054,102.501,102.499,1,1.25
2014.08.15,00:28:35.387,102.502,102.499,1,1.25
2014.08.15,00:28:36.638,102.503,102.5,6.19,1
2014.08.15,00:29:00.129,102.504,102.5,6.19,2.44
2014.08.15,00:29:06.855,102.504,102.5,6.94,1
2014.08.15,00:29:12.613,102.504,102.5,1.69,2.44
2014.08.15,00:29:13.361,102.503,102.5,1,1.5
2014.08.15,00:29:13.868,102.504,102.5,1,1
2014.08.15,00:29:16.272,102.504,102.502,1.5,1.25
2014.08.15,00:29:16.423,102.507,102.504,1,1.32
2014.08.15,00:29:16.524,102.507,102.506,1,1
2014.08.15,00:29:16.575,102.509,102.506,2.25,3.19
2014.08.15,00:29:17.032,102.51,102.508,1,1
2014.08.15,00:29:17.537,102.509,102.507,1,1
2014.08.15,00:29:17.790,102.509,102.504,6.94,5.25
2014.08.15,00:29:17.841,102.507,102.504,1,3.75
2014.08.15,00:29:18.143,102.505,102.502,1,4.69
2014.08.15,00:29:21.497,102.504,102.501,1,6.38
2014.08.15,00:29:22.013,102.504,102.501,1,6.57
2014.08.15,00:29:22.770,102.504,102.501,1,6.57
2014.08.15,00:29:24.813,102.505,102.502,1.69,1
2014.08.15,00:29:28.330,102.504,102.502,3.75,1.25
2014.08.15,00:29:28.835,102.503,102.5,1,2.44
2014.08.15,00:29:29.509,102.503,102.5,1,1.69
2014.08.15,00:29:38.726,102.502,102.5,2.44,1
2014.08.15,00:29:41.307,102.5,102.498,1,1.69
2014.08.15,00:29:41.610,102.499,102.497,1,1
2014.08.15,00:29:41.660,102.498,102.496,3.75,1
2014.08.15,00:29:41.711,102.497,102.495,6.19,1.5
2014.08.15,00:29:41.762,102.496,102.494,1,1.5
2014.08.15,00:29:42.266,102.496,102.495,1,1
2014.08.15,00:29:47.880,102.496,102.494,3.19,1
2014.08.15,00:29:48.408,102.495,102.493,2.44,1
2014.08.15,00:29:50.858,102.496,102.493,1,1
2014.08.15,00:29:52.838,102.497,102.493,3.19,1.25
2014.08.15,00:29:56.080,102.497,102.493,3.19,1
2014.08.15,00:29:58.258,102.497,102.495,1.5,1
2014.08.15,00:29:58.359,102.499,102.496,12.75,1
2014.08.15,00:30:02.112,102.5,102.497,1,1
2014.08.15,00:30:02.616,102.501,102.497,2.44,1
2014.08.15,00:30:09.368,102.501,102.498,2.25,1
2014.08.15,00:30:09.470,102.503,102.499,3.19,1
2014.08.15,00:30:10.296,102.503,102.5,1.69,1
2014.08.15,00:30:12.037,102.502,102.499,1,2.44
2014.08.15,00:30:12.553,102.502,102.498,2.44,1.69
2014.08.15,00:30:13.827,102.503,102.499,2.44,1
2014.08.15,00:30:14.403,102.502,102.498,1.5,1
2014.08.15,00:30:20.712,102.503,102.499,3.19,1
2014.08.15,00:30:21.226,102.503,102.5,1.25,1
2014.08.15,00:30:28.324,102.502,102.5,1,1.25
2014.08.15,00:30:28.828,102.503,102.5,1,1.25
2014.08.15,00:30:29.456,102.504,102.5,7.69,1.25
2014.08.15,00:30:32.308,102.503,102.5,1,1
2014.08.15,00:30:34.836,102.502,102.5,1,1
2014.08.15,00:30:35.350,102.501,102.499,1.5,1
2014.08.15,00:30:35.552,102.5,102.498,1,1.69
2014.08.15,00:30:35.602,102.499,102.497,1,1
2014.08.15,00:30:35.956,102.5,102.498,1,1.25
2014.08.15,00:30:36.208,102.499,102.496,1.69,1
2014.08.15,00:30:36.309,102.497,102.495,4.69,1
2014.08.15,00:30:36.662,102.496,102.493,1,1.25
2014.08.15,00:30:39.856,102.496,102.492,1.25,3.94
2014.08.15,00:30:48.373,102.496,102.492,1,3.19
2014.08.15,00:30:49.643,102.496,102.492,1,2.25
2014.08.15,00:30:57.230,102.497,102.492,4.69,2.25
2014.08.15,00:31:02.484,102.497,102.492,2.82,3.94
2014.08.15,00:31:10.358,102.495,102.492,1,6.19
2014.08.15,00:31:12.035,102.495,102.491,1,5.44
2014.08.15,00:31:15.926,102.495,102.491,1,1.69
2014.08.15,00:31:16.897,102.495,102.491,1,1
2014.08.15,00:31:22.070,102.494,102.491,1,1.25
2014.08.15,00:31:22.630,102.494,102.49,1.69,1.69
2014.08.15,00:31:27.865,102.494,102.491,1,1
2014.08.15,00:31:38.747,102.493,102.491,1,1
2014.08.15,00:31:39.280,102.492,102.491,1,1
2014.08.15,00:31:39.781,102.493,102.491,1,1
2014.08.15,00:31:43.943,102.494,102.491,6.19,1
2014.08.15,00:31:47.393,102.493,102.491,1,1
2014.08.15,00:31:48.251,102.493,102.49,1,1.5
2014.08.15,00:31:48.777,102.494,102.49,6.75,1.5
2014.08.15,00:31:49.135,102.492,102.49,1,1.5
2014.08.15,00:31:49.657,102.493,102.49,1,1.5
2014.08.15,00:31:50.320,102.494,102.49,7.5,1
2014.08.15,00:31:53.557,102.493,102.49,1,1
2014.08.15,00:31:54.062,102.492,102.49,1,1
2014.08.15,00:31:54.517,102.491,102.489,1,1.5
2014.08.15,00:31:55.027,102.49,102.488,1,1.69
2014.08.15,00:32:00.296,102.49,102.488,1,1.69
2014.08.15,00:32:00.397,102.492,102.488,2.25,3.19
2014.08.15,00:32:03.318,102.492,102.489,1,1.69
2014.08.15,00:32:04.896,102.491,102.489,1,1.19
2014.08.15,00:32:04.997,102.491,102.488,5.25,1.25
2014.08.15,00:32:05.199,102.488,102.486,1,1.69
2014.08.15,00:32:05.300,102.489,102.485,1.69,3.19
2014.08.15,00:32:05.603,102.491,102.486,4.69,2.25
2014.08.15,00:32:06.805,102.491,102.486,6.19,3.19
2014.08.15,00:32:07.445,102.491,102.488,3.19,1.5
2014.08.15,00:32:07.949,102.491,102.487,3.19,1.69
2014.08.15,00:32:09.889,102.491,102.486,6.19,3.19
2014.08.15,00:32:10.393,102.491,102.487,5.25,1
2014.08.15,00:32:10.998,102.491,102.487,3.75,1
2014.08.15,00:32:12.349,102.49,102.487,1,1
2014.08.15,00:32:12.703,102.488,102.486,1,1
2014.08.15,00:32:12.753,102.488,102.484,2.25,1.5
2014.08.15,00:32:12.804,102.487,102.484,1,1.5
2014.08.15,00:32:12.978,102.484,102.482,4.5,1
2014.08.15,00:32:13.483,102.485,102.481,5.25,1.25
2014.08.15,00:32:13.583,102.483,102.479,1,3.94
2014.08.15,00:32:13.886,102.482,102.479,1,3.19
2014.08.15,00:32:13.936,102.483,102.479,3.94,3.19
2014.08.15,00:32:15.147,102.481,102.479,1,3.19
2014.08.15,00:32:15.486,102.483,102.479,4.69,3.19
2014.08.15,00:32:15.587,102.481,102.479,1,3.19
2014.08.15,00:32:16.323,102.482,102.479,1,3.19
2014.08.15,00:32:18.300,102.481,102.479,1,3.19
2014.08.15,00:32:18.451,102.483,102.479,4.69,3.94
2014.08.15,00:32:22.437,102.483,102.479,1,2.44
2014.08.15,00:32:22.588,102.481,102.479,1,2.44
2014.08.15,00:32:23.357,102.481,102.479,1,1.5
2014.08.15,00:32:24.349,102.483,102.479,1,1.5
2014.08.15,00:32:24.577,102.481,102.479,1,1.5
2014.08.15,00:32:29.259,102.481,102.479,1,1.69
2014.08.15,00:32:30.541,102.483,102.479,1,6.19
2014.08.15,00:32:33.532,102.483,102.479,1.69,6.94
2014.08.15,00:32:34.038,102.483,102.48,1.69,1
2014.08.15,00:32:37.881,102.482,102.479,1,3.57
2014.08.15,00:32:38.410,102.483,102.479,1.69,3.57
2014.08.15,00:32:46.101,102.483,102.479,1.5,7.69
2014.08.15,00:32:54.235,102.484,102.48,2.44,1.25
2014.08.15,00:32:54.834,102.483,102.48,1,1.25
2014.08.15,00:32:55.338,102.484,102.48,1.69,1.25
2014.08.15,00:32:55.903,102.483,102.48,1,1.25
2014.08.15,00:32:57.703,102.484,102.48,2.44,1.25
2014.08.15,00:32:58.242,102.483,102.48,1,1.25
2014.08.15,00:33:00.560,102.482,102.48,1,1.25
2014.08.15,00:33:01.507,102.481,102.48,1,1
2014.08.15,00:33:01.608,102.481,102.478,1.5,1.69
2014.08.15,00:33:02.112,102.482,102.478,1.69,1.69
2014.08.15,00:33:06.014,102.482,102.48,1.25,1
2014.08.15,00:33:06.426,102.482,102.478,1.5,5.25
2014.08.15,00:33:09.536,102.482,102.479,2.44,3.75
2014.08.15,00:33:10.051,102.482,102.477,1.25,3.19
2014.08.15,00:33:18.846,102.482,102.479,2.44,1
2014.08.15,00:33:19.375,102.481,102.477,1,6.19
2014.08.15,00:33:23.247,102.482,102.478,2.44,1.25
2014.08.15,00:33:31.339,102.482,102.478,2.44,1
2014.08.15,00:33:42.995,102.482,102.478,1.69,1.69
2014.08.15,00:33:55.784,102.482,102.479,1.69,1.5
2014.08.15,00:33:56.307,102.483,102.479,6.57,1.69
2014.08.15,00:33:57.225,102.483,102.479,6.57,1.5
2014.08.15,00:34:00.934,102.482,102.478,1.69,3.19
2014.08.15,00:34:09.960,102.482,102.479,2.44,1
2014.08.15,00:34:10.476,102.481,102.479,1,1.5
2014.08.15,00:34:11.153,102.482,102.479,1.25,1.5
2014.08.15,00:34:22.390,102.483,102.479,3.19,6.75
2014.08.15,00:34:23.858,102.483,102.479,9.19,2.25
2014.08.15,00:34:31.193,102.483,102.479,9.19,1
2014.08.15,00:34:34.707,102.482,102.479,1,1
2014.08.15,00:34:47.972,102.481,102.478,1,3.94
2014.08.15,00:34:50.636,102.482,102.477,8.82,5.44
2014.08.15,00:34:51.100,102.479,102.477,1,1.25
2014.08.15,00:34:51.505,102.477,102.475,6,1.69
2014.08.15,00:34:51.555,102.476,102.472,1.5,1
2014.08.15,00:34:51.709,102.474,102.471,1,9.94
2014.08.15,00:34:52.013,102.477,102.475,1,1
2014.08.15,00:34:52.517,102.478,102.475,1.5,1
2014.08.15,00:34:55.246,102.477,102.475,3.75,1
2014.08.15,00:34:55.448,102.476,102.473,1.25,1.5
2014.08.15,00:34:55.650,102.478,102.474,1.25,6.19
2014.08.15,00:34:56.173,102.478,102.475,1,1.25
2014.08.15,00:35:00.075,102.478,102.473,5.25,7.69
2014.08.15,00:35:00.432,102.477,102.473,3.19,5.25
2014.08.15,00:35:00.836,102.475,102.471,1,6.75
2014.08.15,00:35:01.340,102.474,102.471,1,6
2014.08.15,00:35:02.392,102.475,102.471,2.63,6
2014.08.15,00:35:02.544,102.475,102.474,2.07,1
2014.08.15,00:35:03.053,102.476,102.473,1.25,5.25
2014.08.15,00:35:06.553,102.476,102.473,3.19,4.5
2014.08.15,00:35:06.755,102.474,102.471,1.69,1
2014.08.15,00:35:07.109,102.471,102.47,1.5,4.5
2014.08.15,00:35:07.210,102.471,102.468,1.5,5.25
2014.08.15,00:35:07.715,102.469,102.468,1,1
2014.08.15,00:35:08.225,102.47,102.467,1.69,1
2014.08.15,00:35:15.728,102.469,102.467,1,1
2014.08.15,00:35:17.936,102.47,102.467,1.69,1.5
2014.08.15,00:35:19.382,102.471,102.469,1.69,1
2014.08.15,00:35:20.396,102.473,102.469,2.44,1.5
2014.08.15,00:35:22.788,102.472,102.469,5.44,1
2014.08.15,00:35:26.727,102.472,102.47,1.25,1
2014.08.15,00:35:27.244,102.474,102.47,6.19,1.5
2014.08.15,00:35:30.769,102.474,102.469,6.57,3.19
2014.08.15,00:35:31.279,102.474,102.47,6.57,1
2014.08.15,00:35:31.789,102.473,102.47,1.19,1
2014.08.15,00:35:37.046,102.473,102.47,1.25,1
2014.08.15,00:35:39.451,102.474,102.47,1.13,1
2014.08.15,00:35:41.657,102.471,102.47,1,1
2014.08.15,00:35:41.758,102.471,102.468,1.5,1.5
2014.08.15,00:35:42.262,102.47,102.468,1,1.5
2014.08.15,00:35:48.093,102.471,102.468,5.82,1
2014.08.15,00:35:55.140,102.47,102.468,1.25,1
2014.08.15,00:35:56.676,102.471,102.468,6.57,1
2014.08.15,00:35:58.745,102.471,102.468,6.57,1
2014.08.15,00:36:01.752,102.471,102.468,2.82,1
2014.08.15,00:36:02.968,102.47,102.468,1.25,1
2014.08.15,00:36:03.712,102.472,102.469,3.75,1
2014.08.15,00:36:03.814,102.47,102.468,1.25,1
2014.08.15,00:36:12.356,102.471,102.468,4.32,1
2014.08.15,00:36:14.200,102.47,102.468,1.25,1
2014.08.15,00:36:21.972,102.471,102.468,5.07,1
2014.08.15,00:36:23.171,102.471,102.468,5.07,1
2014.08.15,00:36:27.806,102.469,102.468,1.25,1
2014.08.15,00:36:27.857,102.469,102.466,1.69,1
2014.08.15,00:36:28.361,102.47,102.467,1.69,1
2014.08.15,00:36:28.865,102.47,102.467,1.25,1.5
2014.08.15,00:36:35.242,102.471,102.467,1.25,3.19
2014.08.15,00:36:39.934,102.471,102.467,1.19,3
2014.08.15,00:36:40.950,102.471,102.467,1.25,3.19
2014.08.15,00:36:42.240,102.471,102.468,1.25,1
2014.08.15,00:36:48.262,102.47,102.468,1,1
2014.08.15,00:36:49.288,102.47,102.467,1.25,1
2014.08.15,00:36:51.735,102.471,102.468,4.69,1
2014.08.15,00:36:53.622,102.472,102.468,3.19,1.5
2014.08.15,00:36:58.190,102.474,102.47,1.69,1.5
2014.08.15,00:37:02.364,102.474,102.47,1.69,1.5
2014.08.15,00:37:06.846,102.473,102.47,1.69,1
2014.08.15,00:37:12.970,102.474,102.47,1.25,1
2014.08.15,00:37:23.095,102.474,102.47,1.69,2.25
2014.08.15,00:37:28.082,102.474,102.472,1.69,1
2014.08.15,00:37:28.598,102.475,102.472,5.44,1
2014.08.15,00:37:29.059,102.475,102.471,1.19,1.5
2014.08.15,00:37:29.211,102.476,102.474,2.44,1
2014.08.15,00:37:33.496,102.474,102.472,3.75,2.25
2014.08.15,00:37:34.001,102.473,102.471,1,1
2014.08.15,00:37:40.579,102.472,102.471,1,1
2014.08.15,00:37:40.731,102.472,102.468,5.25,1
2014.08.15,00:37:41.937,102.472,102.468,6.94,1
2014.08.15,00:37:43.831,102.471,102.47,1.25,1
2014.08.15,00:37:44.740,102.473,102.47,1.25,1
2014.08.15,00:37:50.787,102.474,102.472,1.25,1
2014.08.15,00:38:11.126,102.474,102.471,5.44,1
2014.08.15,00:38:11.674,102.474,102.47,4.69,4.69
2014.08.15,00:38:16.665,102.473,102.47,1,2.25
2014.08.15,00:38:22.122,102.472,102.469,1,9
2014.08.15,00:38:22.626,102.471,102.469,1,1.5
2014.08.15,00:38:25.922,102.471,102.468,1.25,1
2014.08.15,00:38:38.626,102.471,102.468,2.82,1
2014.08.15,00:38:42.149,102.471,102.467,3.57,2.25
2014.08.15,00:38:56.697,102.469,102.467,1,1
2014.08.15,00:38:57.629,102.47,102.467,1.5,1
2014.08.15,00:39:06.093,102.471,102.467,3.19,6.19
2014.08.15,00:39:09.365,102.471,102.469,1.5,1
2014.08.15,00:39:09.466,102.473,102.47,1,4.5
2014.08.15,00:39:18.531,102.473,102.471,1,1
2014.08.15,00:39:19.035,102.474,102.471,1.25,1.5
2014.08.15,00:39:19.438,102.478,102.473,3.75,3.75
2014.08.15,00:39:19.690,102.48,102.477,1.5,1.13
2014.08.15,00:39:20.213,102.481,102.477,3,4.5
2014.08.15,00:39:21.020,102.481,102.477,4.69,4.5
2014.08.15,00:39:21.324,102.48,102.475,1.69,8.44
2014.08.15,00:39:21.475,102.479,102.477,1.25,1
2014.08.15,00:39:22.435,102.478,102.475,1,7.69
2014.08.15,00:39:22.486,102.476,102.475,1,3.94
2014.08.15,00:39:22.638,102.476,102.473,1,1.25
2014.08.15,00:39:22.797,102.477,102.475,5.44,1
2014.08.15,00:39:23.620,102.478,102.475,1.25,1
2014.08.15,00:39:24.499,102.479,102.475,1.69,1.5
2014.08.15,00:39:24.845,102.479,102.477,1,1
2014.08.15,00:39:25.148,102.481,102.48,1,1
2014.08.15,00:39:25.552,102.483,102.481,1.5,5.5
2014.08.15,00:39:25.704,102.484,102.482,1,1.69
2014.08.15,00:39:25.805,102.486,102.482,1.25,2.44
2014.08.15,00:39:26.027,102.486,102.484,1.25,1
2014.08.15,00:39:26.128,102.488,102.485,1,1
2014.08.15,00:39:26.633,102.489,102.486,1.69,1
2014.08.15,00:39:28.236,102.489,102.485,6.19,1
2014.08.15,00:39:29.249,102.487,102.484,1,2.44
2014.08.15,00:39:29.757,102.488,102.484,1.69,2.44
2014.08.15,00:39:30.918,102.488,102.485,1.5,1
2014.08.15,00:39:31.574,102.487,102.485,1,1.69
2014.08.15,00:39:31.977,102.49,102.486,3.19,1.25
2014.08.15,00:39:32.481,102.489,102.487,1,1
2014.08.15,00:39:35.110,102.49,102.487,2.44,1
2014.08.15,00:39:40.084,102.49,102.486,2.44,1.69
2014.08.15,00:39:41.184,102.49,102.486,2.44,1
2014.08.15,00:39:42.091,102.488,102.486,4.69,1
2014.08.15,00:39:42.192,102.487,102.484,1.25,1.5
2014.08.15,00:39:43.169,102.487,102.484,6.19,1
2014.08.15,00:39:52.635,102.487,102.483,2.44,1.5
2014.08.15,00:39:53.149,102.487,102.483,2.44,1.5
2014.08.15,00:39:53.657,102.487,102.483,3.19,1
2014.08.15,00:39:54.069,102.485,102.481,1.5,6.19
2014.08.15,00:39:54.898,102.485,102.481,1.5,6.94
2014.08.15,00:39:57.592,102.485,102.483,1,1
2014.08.15,00:40:15.091,102.485,102.482,1,1.69
2014.08.15,00:40:16.838,102.485,102.482,1,2.44
2014.08.15,00:40:18.716,102.486,102.484,1,1
2014.08.15,00:40:18.828,102.488,102.485,1.5,1
2014.08.15,00:40:20.038,102.489,102.485,4.5,3.19
2014.08.15,00:40:20.543,102.488,102.485,1,3.19
2014.08.15,00:40:21.130,102.489,102.485,4.5,3.19
2014.08.15,00:40:22.392,102.489,102.486,1,1
2014.08.15,00:40:30.590,102.488,102.486,1,1
2014.08.15,00:40:34.431,102.489,102.486,4.5,1
2014.08.15,00:40:40.039,102.489,102.485,4.5,2.44
2014.08.15,00:40:40.601,102.487,102.484,3.75,2.44
2014.08.15,00:40:41.107,102.486,102.483,1,1.5
2014.08.15,00:40:41.839,102.487,102.484,1.5,1
2014.08.15,00:40:42.344,102.488,102.484,1,3.19
2014.08.15,00:40:43.887,102.488,102.484,2.44,2.44
2014.08.15,00:40:45.112,102.488,102.484,6,2.44
2014.08.15,00:40:46.155,102.487,102.484,1,2.44
2014.08.15,00:40:48.852,102.488,102.484,5.25,3.19
2014.08.15,00:40:53.623,102.488,102.486,1,1
2014.08.15,00:40:54.328,102.489,102.486,1.5,1.69
2014.08.15,00:40:59.583,102.49,102.486,6.19,1.69
2014.08.15,00:41:13.882,102.489,102.485,1,1.69
2014.08.15,00:41:14.771,102.489,102.485,1.25,1.69
2014.08.15,00:41:15.290,102.488,102.485,1,1.69
2014.08.15,00:41:18.837,102.488,102.484,1.5,3.57
2014.08.15,00:41:19.598,102.488,102.484,1.5,3.94
2014.08.15,00:41:29.467,102.489,102.485,4.69,2.44
2014.08.15,00:41:34.187,102.489,102.486,5.25,1
2014.08.15,00:41:54.372,102.488,102.485,1,1.25
2014.08.15,00:41:55.007,102.487,102.484,1,5.44
2014.08.15,00:41:55.310,102.486,102.482,6.19,2.44
2014.08.15,00:42:05.934,102.486,102.482,2.25,5.44
2014.08.15,00:42:07.123,102.486,102.482,2.44,5.44
2014.08.15,00:42:11.730,102.487,102.483,5.25,3.19
2014.08.15,00:42:12.134,102.489,102.485,6,1.5
2014.08.15,00:42:12.336,102.487,102.485,1,1.5
2014.08.15,00:42:12.840,102.487,102.483,6,1.69
2014.08.15,00:42:13.721,102.487,102.483,6.19,1.69
2014.08.15,00:42:24.389,102.485,102.483,1,1
2014.08.15,00:42:25.199,102.484,102.483,3.75,1
2014.08.15,00:42:25.249,102.484,102.481,3.75,3.94
2014.08.15,00:42:25.753,102.484,102.482,5.44,1
2014.08.15,00:42:27.118,102.484,102.481,5.44,1
2014.08.15,00:42:29.783,102.483,102.481,1,1
2014.08.15,00:42:37.351,102.482,102.48,1,1.5
2014.08.15,00:42:37.858,102.481,102.48,1.25,1
2014.08.15,00:42:45.303,102.481,102.479,3.19,1
2014.08.15,00:43:00.048,102.48,102.479,1,1
2014.08.15,00:43:02.149,102.481,102.479,4.69,1
2014.08.15,00:43:02.727,102.482,102.479,5.44,1
2014.08.15,00:43:04.095,102.482,102.477,7.69,2.25
2014.08.15,00:43:04.145,102.48,102.477,3.75,2.44
2014.08.15,00:43:06.549,102.479,102.477,1,1
2014.08.15,00:43:07.075,102.479,102.475,1.25,3.94
2014.08.15,00:43:07.126,102.477,102.475,3.75,3.94
2014.08.15,00:43:08.087,102.478,102.474,1,3.75
2014.08.15,00:43:08.390,102.476,102.473,4.32,1
2014.08.15,00:43:08.898,102.475,102.472,1.25,1
2014.08.15,00:43:09.201,102.476,102.475,1.25,1
2014.08.15,00:43:10.140,102.476,102.474,1.25,1
2014.08.15,00:43:12.401,102.477,102.475,1,1
2014.08.15,00:43:24.511,102.478,102.475,1.25,1
2014.08.15,00:43:32.503,102.477,102.475,3.75,1
2014.08.15,00:43:33.217,102.477,102.474,3.75,3.19
2014.08.15,00:43:48.119,102.477,102.475,3.75,1.25
2014.08.15,00:43:50.992,102.477,102.474,3.75,2.25
2014.08.15,00:43:57.913,102.477,102.474,3.75,3.19
2014.08.15,00:44:06.322,102.477,102.474,3.75,2.44
2014.08.15,00:44:11.952,102.477,102.473,7.69,1.69
2014.08.15,00:44:15.556,102.476,102.473,1,1
2014.08.15,00:44:16.060,102.476,102.472,4.5,1.5
2014.08.15,00:44:16.792,102.476,102.474,3.75,1
2014.08.15,00:44:16.943,102.476,102.472,1,4.69
2014.08.15,00:44:17.044,102.476,102.474,1,1
2014.08.15,00:44:18.383,102.477,102.474,6,1
2014.08.15,00:44:25.079,102.477,102.475,1,1.5
2014.08.15,00:44:25.612,102.478,102.475,1,1.5
2014.08.15,00:44:26.756,102.478,102.475,2.44,1
2014.08.15,00:44:27.263,102.477,102.474,1.25,1
2014.08.15,00:44:27.767,102.478,102.475,1.5,1
2014.08.15,00:44:28.786,102.478,102.475,3.94,1
2014.08.15,00:44:29.291,102.477,102.474,6.19,1
2014.08.15,00:44:30.064,102.476,102.474,1,1
2014.08.15,00:44:30.568,102.475,102.474,1,1
2014.08.15,00:44:31.078,102.475,102.472,1.5,1
2014.08.15,00:44:31.595,102.474,102.472,1,1
2014.08.15,00:44:32.099,102.475,102.472,7.69,1
2014.08.15,00:44:33.282,102.475,102.472,6.94,1
2014.08.15,00:44:41.074,102.475,102.472,6.94,1
2014.08.15,00:44:43.084,102.475,102.472,6.94,1
2014.08.15,00:44:48.095,102.473,102.472,3.75,1
2014.08.15,00:44:48.247,102.473,102.47,5.25,2.44
2014.08.15,00:44:48.550,102.471,102.469,3.75,1
2014.08.15,00:44:49.054,102.471,102.469,3,1
2014.08.15,00:44:50.365,102.471,102.468,2.25,1.25
2014.08.15,00:44:50.667,102.469,102.466,4.5,1.25
2014.08.15,00:45:00.296,102.468,102.466,1,1
2014.08.15,00:45:00.599,102.466,102.464,3.75,1
2014.08.15,00:45:00.700,102.465,102.463,5.25,1.5
2014.08.15,00:45:01.254,102.466,102.464,1,1
2014.08.15,00:45:01.359,102.467,102.464,3.75,1
2014.08.15,00:45:01.865,102.467,102.463,4.69,2.44
2014.08.15,00:45:01.966,102.465,102.463,3.75,1.5
2014.08.15,00:45:03.114,102.465,102.463,5.25,1
2014.08.15,00:45:03.621,102.466,102.464,3.75,1.5
2014.08.15,00:45:04.135,102.466,102.464,1,1.5
2014.08.15,00:45:04.186,102.464,102.462,3.75,2.44
2014.08.15,00:45:05.858,102.463,102.461,3.75,1
2014.08.15,00:45:06.765,102.462,102.461,1,1.5
2014.08.15,00:45:06.968,102.46,102.456,1.69,1.13
2014.08.15,00:45:07.473,102.457,102.456,3.75,1
2014.08.15,00:45:07.523,102.457,102.454,4.5,3.19
2014.08.15,00:45:08.028,102.457,102.455,3.75,1
2014.08.15,00:45:10.189,102.458,102.455,2.44,1.5
2014.08.15,00:45:10.391,102.459,102.457,5.44,1
2014.08.15,00:45:11.249,102.459,102.457,1.25,1
2014.08.15,00:45:11.567,102.461,102.459,3.19,1
2014.08.15,00:45:12.071,102.461,102.459,2.82,1
2014.08.15,00:45:12.842,102.461,102.459,1.88,1
2014.08.15,00:45:15.678,102.462,102.459,2.44,1.5
2014.08.15,00:45:15.779,102.463,102.461,5.63,1
2014.08.15,00:45:20.942,102.464,102.462,2.44,1
2014.08.15,00:45:22.281,102.463,102.461,3.75,1
2014.08.15,00:45:23.870,102.464,102.461,4.5,1
2014.08.15,00:45:28.762,102.464,102.462,3.94,1
2014.08.15,00:45:33.718,102.464,102.461,1,1.25
2014.08.15,00:45:34.240,102.465,102.461,6.19,1.25
2014.08.15,00:45:35.631,102.466,102.463,2.25,1
2014.08.15,00:45:35.934,102.47,102.467,2.44,1
2014.08.15,00:45:36.456,102.47,102.467,1,1
2014.08.15,00:45:36.965,102.469,102.466,1.25,1.5
2014.08.15,00:45:37.269,102.467,102.465,1,1
2014.08.15,00:45:37.369,102.467,102.463,1.69,2.44
2014.08.15,00:45:45.689,102.467,102.464,1.69,1
2014.08.15,00:45:48.486,102.467,102.465,1.5,1
2014.08.15,00:45:48.588,102.469,102.466,1.13,1.5
2014.08.15,00:45:53.934,102.47,102.466,2.44,3.19
2014.08.15,00:45:54.862,102.47,102.468,1.5,4.5
2014.08.15,00:45:54.963,102.472,102.469,1,1.5
2014.08.15,00:45:55.467,102.474,102.47,1.69,2.25
2014.08.15,00:45:57.476,102.473,102.47,3.75,1
2014.08.15,00:45:58.003,102.472,102.469,1,1.32
2014.08.15,00:46:00.867,102.472,102.47,1,1
2014.08.15,00:46:02.175,102.473,102.471,1.25,1
2014.08.15,00:46:02.981,102.474,102.471,1.5,1
2014.08.15,00:46:25.505,102.473,102.47,1,3.57
2014.08.15,00:46:26.190,102.471,102.469,1,2.44
2014.08.15,00:46:26.493,102.47,102.468,1,1.32
2014.08.15,00:46:28.324,102.47,102.467,1,5.44
2014.08.15,00:46:31.464,102.47,102.469,1,1
2014.08.15,00:46:31.565,102.472,102.469,1.5,4.5
2014.08.15,00:46:31.666,102.471,102.469,1,5.25
2014.08.15,00:46:32.175,102.47,102.468,1,1.69
2014.08.15,00:46:33.705,102.47,102.469,1,3.75
2014.08.15,00:46:33.756,102.472,102.47,1.5,1
2014.08.15,00:46:34.260,102.473,102.47,1.5,1.5
2014.08.15,00:46:38.401,102.471,102.469,1,3.38
2014.08.15,00:46:38.603,102.47,102.467,1,7.69
2014.08.15,00:46:41.963,102.47,102.469,1.5,1
2014.08.15,00:46:42.115,102.472,102.47,1,1
2014.08.15,00:47:18.442,102.471,102.469,1,1.69
2014.08.15,00:47:19.484,102.47,102.468,1,1.25
2014.08.15,00:47:28.204,102.472,102.468,6,2.44
2014.08.15,00:47:28.255,102.472,102.47,2.25,1.5
2014.08.15,00:47:33.529,102.471,102.47,1,1
2014.08.15,00:47:33.680,102.471,102.468,1,1.69
2014.08.15,00:47:34.230,102.472,102.469,1,1
2014.08.15,00:47:38.454,102.472,102.47,1,1
2014.08.15,00:47:42.068,102.473,102.47,2.25,1.69
2014.08.15,00:47:50.643,102.472,102.47,1,1.25
2014.08.15,00:47:52.953,102.472,102.47,3.75,1
2014.08.15,00:47:53.458,102.473,102.47,1,1
2014.08.15,00:47:53.966,102.474,102.47,2.44,1
2014.08.15,00:47:54.939,102.472,102.47,1,1
2014.08.15,00:47:55.938,102.471,102.469,1,1.25
2014.08.15,00:48:00.786,102.473,102.47,1.69,1
2014.08.15,00:48:01.791,102.473,102.47,1.69,1.5
2014.08.15,00:48:03.977,102.472,102.468,1,6
2014.08.15,00:48:07.039,102.471,102.468,11.25,1.5
2014.08.15,00:48:08.179,102.47,102.468,1,1
2014.08.15,00:48:11.432,102.469,102.466,1,3.19
2014.08.15,00:48:11.585,102.47,102.468,4.5,1.5
2014.08.15,00:48:13.999,102.469,102.468,1,1.5
2014.08.15,00:48:14.503,102.47,102.468,3.75,1
2014.08.15,00:48:15.644,102.468,102.467,1,1
2014.08.15,00:48:15.846,102.47,102.468,4.5,1
2014.08.15,00:48:16.306,102.469,102.466,1,1.5
2014.08.15,00:48:20.599,102.47,102.466,2.82,1.69
2014.08.15,00:48:22.944,102.47,102.467,2.44,1
2014.08.15,00:48:23.045,102.471,102.47,1,1
2014.08.15,00:48:23.248,102.472,102.468,5.25,2.82
2014.08.15,00:48:24.264,102.472,102.469,5.25,1
2014.08.15,00:48:25.628,102.472,102.47,1.5,1
2014.08.15,00:48:25.980,102.475,102.471,5.44,1
2014.08.15,00:48:26.507,102.474,102.471,1,1
2014.08.15,00:48:27.012,102.474,102.47,1,3.19
2014.08.15,00:48:29.016,102.473,102.47,1,3.19
2014.08.15,00:48:29.469,102.472,102.468,6.19,1
2014.08.15,00:48:30.831,102.471,102.468,6.19,1
2014.08.15,00:48:30.882,102.471,102.465,7.69,4.13
2014.08.15,00:48:31.184,102.468,102.465,3.75,3.38
2014.08.15,00:48:33.475,102.469,102.466,5.44,1
2014.08.15,00:48:33.928,102.466,102.463,4.69,1
2014.08.15,00:48:34.446,102.465,102.463,3.75,1
2014.08.15,00:48:40.734,102.463,102.461,3.75,1.69
2014.08.15,00:48:40.784,102.463,102.46,3.75,3.94
2014.08.15,00:48:41.302,102.463,102.46,1,1.69
2014.08.15,00:48:57.164,102.462,102.46,1.69,1
2014.08.15,00:48:57.670,102.461,102.459,1.25,1
2014.08.15,00:48:58.174,102.461,102.458,1.25,3
2014.08.15,00:49:00.412,102.462,102.459,1,1
2014.08.15,00:49:00.925,102.463,102.459,6.94,1
2014.08.15,00:49:02.492,102.462,102.459,3.75,1
2014.08.15,00:49:03.950,102.463,102.459,6.94,1
2014.08.15,00:49:14.042,102.463,102.46,1,1
2014.08.15,00:49:14.582,102.463,102.459,1,1.5
2014.08.15,00:49:15.882,102.463,102.459,1.69,1.13
2014.08.15,00:49:16.464,102.463,102.461,1.5,1
2014.08.15,00:49:16.994,102.463,102.462,1,1
2014.08.15,00:49:17.196,102.465,102.462,1.69,1
2014.08.15,00:49:33.689,102.466,102.464,5.25,1
2014.08.15,00:49:33.942,102.468,102.464,6.19,1.69
2014.08.15,00:49:34.930,102.468,102.464,7.69,1.5
2014.08.15,00:49:39.853,102.466,102.464,1.69,1
2014.08.15,00:49:39.954,102.465,102.462,1.5,1.5
2014.08.15,00:49:40.773,102.465,102.463,1,1
2014.08.15,00:49:41.277,102.465,102.462,1,2.44
2014.08.15,00:49:44.369,102.464,102.462,1,6.94
2014.08.15,00:49:45.450,102.464,102.461,1,3.19
2014.08.15,00:49:45.804,102.465,102.462,1,4.5
2014.08.15,00:49:46.778,102.465,102.461,2.44,1.69
2014.08.15,00:49:47.131,102.463,102.461,1,1.69
2014.08.15,00:49:47.636,102.462,102.46,1.13,2.5
2014.08.15,00:49:48.140,102.462,102.46,1.5,1.5
2014.08.15,00:49:50.744,102.461,102.46,1,1
2014.08.15,00:49:50.997,102.461,102.458,1.5,1
2014.08.15,00:49:51.501,102.463,102.458,4.69,1.5
2014.08.15,00:49:52.005,102.461,102.458,1.5,1
2014.08.15,00:49:52.671,102.461,102.457,2.44,1
2014.08.15,00:49:53.225,102.461,102.456,4.69,6.19
2014.08.15,00:49:53.730,102.461,102.457,4.69,1
2014.08.15,00:49:54.542,102.46,102.456,1.25,6.94
2014.08.15,00:49:55.066,102.46,102.457,1.25,1
2014.08.15,00:49:55.997,102.461,102.458,3.19,1
2014.08.15,00:49:56.664,102.461,102.458,1.69,1
2014.08.15,00:49:56.765,102.463,102.46,1.5,1
2014.08.15,00:49:56.968,102.464,102.46,1.5,2.44
2014.08.15,00:49:57.472,102.465,102.462,4.69,1
2014.08.15,00:49:57.674,102.465,102.462,1.69,1
2014.08.15,00:49:57.976,102.466,102.462,6.94,1
2014.08.15,00:49:58.481,102.465,102.462,4.13,1
2014.08.15,00:49:59.204,102.464,102.462,1,1
2014.08.15,00:50:00.373,102.463,102.461,1,1
2014.08.15,00:50:00.476,102.463,102.459,1,3.94
2014.08.15,00:50:00.986,102.463,102.459,2.07,1.69
2014.08.15,00:50:05.954,102.462,102.458,1,6.94
2014.08.15,00:50:06.548,102.462,102.458,1.69,6.94
2014.08.15,00:50:07.053,102.462,102.459,1,3.94
2014.08.15,00:50:08.622,102.462,102.459,1,5.44
2014.08.15,00:50:13.910,102.462,102.459,1,4.69
2014.08.15,00:50:16.205,102.462,102.458,1.88,1.69
2014.08.15,00:50:19.466,102.462,102.458,5.44,1.25
2014.08.15,00:50:21.290,102.462,102.459,3,3.94
2014.08.15,00:50:22.218,102.462,102.459,1,5.44
2014.08.15,00:50:23.273,102.462,102.46,1,3.75
2014.08.15,00:50:23.525,102.464,102.46,3.94,4.5
2014.08.15,00:50:24.556,102.463,102.46,1,5.44
2014.08.15,00:50:25.099,102.464,102.46,1.69,6.19
2014.08.15,00:50:27.818,102.464,102.461,1.25,1
2014.08.15,00:50:33.465,102.464,102.462,1,1
2014.08.15,00:50:34.342,102.464,102.461,1,5.44
2014.08.15,00:50:36.371,102.465,102.463,2.44,1
2014.08.15,00:50:36.573,102.467,102.464,2.25,1.5
2014.08.15,00:50:36.825,102.468,102.464,1.32,1.5
2014.08.15,00:50:39.403,102.467,102.464,1,1.69
2014.08.15,00:50:39.907,102.465,102.464,1,1.5
2014.08.15,00:50:40.008,102.465,102.462,1.5,1.69
2014.08.15,00:50:47.649,102.464,102.461,1,5.44
2014.08.15,00:50:50.875,102.464,102.46,6.38,1
2014.08.15,00:50:51.379,102.464,102.46,9.19,1
2014.08.15,00:50:51.883,102.462,102.459,1.69,1
2014.08.15,00:50:52.542,102.46,102.459,1,1
2014.08.15,00:50:52.847,102.46,102.457,1,1.25
2014.08.15,00:50:53.889,102.46,102.456,1.25,3.94
2014.08.15,00:50:54.556,102.459,102.456,1,3.19
2014.08.15,00:50:55.078,102.46,102.456,3.94,1.25
2014.08.15,00:50:55.230,102.46,102.458,3.19,1
2014.08.15,00:50:55.332,102.461,102.458,2.44,1
2014.08.15,00:50:55.836,102.462,102.459,1.25,1
2014.08.15,00:51:02.072,102.463,102.459,1.5,3.94
2014.08.15,00:51:02.580,102.464,102.459,3.19,3.94
2014.08.15,00:51:03.671,102.464,102.459,2.25,3.94
2014.08.15,00:51:07.207,102.464,102.459,2.44,3.94
2014.08.15,00:51:10.247,102.463,102.46,3.75,1.25
2014.08.15,00:51:10.751,102.463,102.459,3.94,3.94
2014.08.15,00:51:11.295,102.463,102.459,4.5,4.69
2014.08.15,00:51:11.814,102.464,102.459,1.69,4.69
2014.08.15,00:51:13.517,102.464,102.459,2.44,4.69
2014.08.15,00:51:15.215,102.463,102.46,1.25,1
2014.08.15,00:51:16.813,102.463,102.459,3.94,3.94
2014.08.15,00:51:17.074,102.461,102.459,1,3.94
2014.08.15,00:51:17.579,102.461,102.458,1.5,1
2014.08.15,00:51:18.091,102.46,102.458,1,1
2014.08.15,00:51:19.259,102.461,102.458,1.5,1
2014.08.15,00:51:21.473,102.46,102.458,1,1
2014.08.15,00:51:21.978,102.46,102.457,1,3.94
2014.08.15,00:51:22.532,102.46,102.456,2.25,2.25
2014.08.15,00:51:22.842,102.458,102.456,1,1.5
2014.08.15,00:51:23.498,102.46,102.456,4.69,1.5
2014.08.15,00:51:24.003,102.459,102.456,1.25,1.5
2014.08.15,00:51:25.029,102.46,102.456,4.69,1.5
2014.08.15,00:51:28.153,102.46,102.458,3.19,3.75
2014.08.15,00:51:28.304,102.462,102.459,1,5.25
2014.08.15,00:51:34.695,102.46,102.459,1,3.94
2014.08.15,00:51:34.846,102.46,102.456,1.5,6.19
2014.08.15,00:51:35.404,102.46,102.458,1,1
2014.08.15,00:51:36.219,102.46,102.457,1,3.94
2014.08.15,00:51:45.627,102.461,102.458,1.32,1
2014.08.15,00:51:58.106,102.461,102.458,1.69,1.5
2014.08.15,00:51:59.259,102.461,102.458,1.69,1.5
2014.08.15,00:52:03.590,102.461,102.459,1.13,1
2014.08.15,00:52:04.094,102.461,102.458,1,1.69
2014.08.15,00:52:04.626,102.462,102.458,1.69,1.69
2014.08.15,00:52:06.076,102.463,102.459,5.44,1.5
2014.08.15,00:52:06.529,102.462,102.457,1.25,7.5
2014.08.15,00:52:07.034,102.462,102.458,1.25,1
2014.08.15,00:52:07.639,102.462,102.457,1.69,6.75
2014.08.15,00:52:07.891,102.463,102.459,1.69,1.5
2014.08.15,00:52:08.920,102.462,102.459,1.69,2.25
2014.08.15,00:52:10.029,102.463,102.459,1.13,6.75
2014.08.15,00:52:13.203,102.462,102.459,1.25,1.5
2014.08.15,00:52:15.041,102.463,102.459,1.69,6.19
2014.08.15,00:52:15.586,102.462,102.459,1.69,2.25
2014.08.15,00:52:15.899,102.462,102.46,1.69,1
2014.08.15,00:52:16.410,102.462,102.46,1.69,1.5
2014.08.15,00:52:20.871,102.462,102.459,1.5,1
2014.08.15,00:52:21.375,102.462,102.458,2.25,1.5
2014.08.15,00:52:23.041,102.462,102.459,1,1
2014.08.15,00:52:23.545,102.463,102.46,1,1
2014.08.15,00:52:24.049,102.462,102.46,1,1
2014.08.15,00:52:24.654,102.461,102.459,1,1
2014.08.15,00:52:25.158,102.462,102.459,1.25,1.5
2014.08.15,00:52:25.762,102.463,102.459,2.63,1
2014.08.15,00:52:27.766,102.463,102.46,1.5,1
2014.08.15,00:52:28.770,102.463,102.461,1.5,3.75
2014.08.15,00:52:29.536,102.464,102.463,1,1
2014.08.15,00:52:29.586,102.465,102.463,1,1
2014.08.15,00:52:30.091,102.466,102.463,1.69,1
2014.08.15,00:52:31.300,102.466,102.464,1,1
2014.08.15,00:52:31.552,102.468,102.465,1.69,1
2014.08.15,00:52:32.108,102.468,102.464,1,5.25
2014.08.15,00:52:32.613,102.466,102.463,5.25,1
2014.08.15,00:52:33.117,102.466,102.462,1.69,2.44
2014.08.15,00:52:35.995,102.466,102.463,1,1
2014.08.15,00:52:37.067,102.469,102.465,1.5,3.75
2014.08.15,00:52:37.270,102.473,102.47,3.94,3.75
2014.08.15,00:52:37.321,102.471,102.468,3.75,3.19
2014.08.15,00:52:37.839,102.472,102.468,1.25,8.07
2014.08.15,00:52:38.452,102.471,102.467,3.75,1.13
2014.08.15,00:52:38.979,102.471,102.468,3.75,1
2014.08.15,00:52:39.484,102.471,102.467,5.44,1.25
2014.08.15,00:52:41.544,102.471,102.468,4.69,1
2014.08.15,00:52:41.696,102.473,102.469,2.82,5.25
2014.08.15,00:52:42.208,102.472,102.469,4.5,1.5
2014.08.15,00:52:45.403,102.472,102.468,1,2.63
2014.08.15,00:52:48.263,102.472,102.468,1,3.19
2014.08.15,00:52:50.795,102.473,102.469,2.25,6.19
2014.08.15,00:52:51.324,102.474,102.47,7.5,1
2014.08.15,00:52:54.384,102.473,102.47,1,4.5
2014.08.15,00:52:56.453,102.473,102.469,1.5,2.44
2014.08.15,00:52:57.988,102.474,102.47,4.88,1
2014.08.15,00:52:58.974,102.473,102.47,1,1.25
2014.08.15,00:52:59.487,102.472,102.47,1,1.25
2014.08.15,00:53:07.201,102.472,102.469,1,5.25
2014.08.15,00:53:10.450,102.473,102.469,1.69,6.19
2014.08.15,00:53:12.506,102.473,102.47,1.25,1
2014.08.15,00:53:12.658,102.474,102.472,1.5,3.75
2014.08.15,00:53:12.809,102.478,102.473,2.25,4.5
2014.08.15,00:53:13.011,102.476,102.474,1,1.5
2014.08.15,00:53:13.062,102.476,102.473,1,5.44
2014.08.15,00:53:13.566,102.475,102.472,1.5,4.69
2014.08.15,00:53:15.164,102.475,102.471,1.5,5.25
2014.08.15,00:53:18.336,102.473,102.471,1,4.5
2014.08.15,00:53:20.137,102.474,102.471,1,5.44
2014.08.15,00:53:22.683,102.474,102.473,1,1.5
2014.08.15,00:53:22.734,102.476,102.473,1.5,2.25
2014.08.15,00:53:23.087,102.476,102.473,1,1
2014.08.15,00:53:24.259,102.477,102.473,4.5,3
2014.08.15,00:53:24.763,102.477,102.474,4.5,1.25
2014.08.15,00:53:26.138,102.476,102.474,1,1.25
2014.08.15,00:53:26.645,102.475,102.473,1,1.25
2014.08.15,00:53:27.269,102.475,102.472,1,6.75
2014.08.15,00:53:28.810,102.475,102.473,1,1
2014.08.15,00:53:29.811,102.475,102.472,1,6.19
2014.08.15,00:53:46.283,102.474,102.472,1,4.69
2014.08.15,00:53:56.363,102.475,102.472,1,6.94
2014.08.15,00:53:57.731,102.475,102.472,1,6.94
2014.08.15,00:53:58.436,102.475,102.474,1,1
2014.08.15,00:53:59.338,102.476,102.474,1.5,1.69
2014.08.15,00:53:59.650,102.478,102.475,1,1
2014.08.15,00:54:00.162,102.478,102.475,1.69,1
2014.08.15,00:54:00.212,102.476,102.474,1.5,1.69
2014.08.15,00:54:04.384,102.477,102.474,1.5,1.69
2014.08.15,00:54:04.925,102.476,102.474,1,1.69
2014.08.15,00:54:05.485,102.476,102.474,1,2.44
2014.08.15,00:54:07.792,102.476,102.474,1.5,2.82
2014.08.15,00:54:08.459,102.476,102.474,1,2.07
2014.08.15,00:54:08.667,102.478,102.474,1.5,2.07
2014.08.15,00:54:09.171,102.478,102.476,1,3.75
2014.08.15,00:54:09.326,102.478,102.476,1,1.19
2014.08.15,00:54:09.377,102.481,102.477,1.5,8.45
2014.08.15,00:54:09.947,102.483,102.48,2.25,4.69
2014.08.15,00:54:10.451,102.483,102.481,2.25,3.75
2014.08.15,00:54:13.577,102.483,102.48,2.25,4.69
2014.08.15,00:54:16.573,102.482,102.48,1,5.44
2014.08.15,00:54:17.077,102.483,102.48,1.5,5.44
2014.08.15,00:54:18.538,102.482,102.48,1,5.44
2014.08.15,00:54:21.091,102.483,102.48,2.25,4.69
2014.08.15,00:54:21.293,102.482,102.48,1,3.94
2014.08.15,00:54:22.169,102.482,102.48,1,3.94
2014.08.15,00:54:31.308,102.481,102.48,1,3.75
2014.08.15,00:54:33.503,102.483,102.481,2.25,1
2014.08.15,00:54:34.115,102.483,102.482,1,1
2014.08.15,00:54:34.166,102.485,102.482,1.5,1
2014.08.15,00:54:34.697,102.484,102.482,1,1
2014.08.15,00:54:35.721,102.485,102.482,1.5,1
2014.08.15,00:54:36.913,102.484,102.482,1,1
2014.08.15,00:54:37.559,102.484,102.481,1,4.69
2014.08.15,00:54:37.812,102.487,102.485,1,1
2014.08.15,00:54:38.014,102.486,102.484,1,1.69
2014.08.15,00:54:38.698,102.486,102.483,1,2.25
2014.08.15,00:54:38.800,102.486,102.484,1.5,1.69
2014.08.15,00:54:39.569,102.485,102.483,1,1.19
2014.08.15,00:54:39.842,102.488,102.485,1,4
2014.08.15,00:54:40.095,102.491,102.486,1.5,4.19
2014.08.15,00:54:40.197,102.493,102.489,2.25,1.5
2014.08.15,00:54:40.702,102.493,102.49,1.88,5.44
2014.08.15,00:54:40.984,102.492,102.49,1,5.44
2014.08.15,00:54:41.512,102.494,102.49,1.69,6.19
2014.08.15,00:54:42.029,102.494,102.49,3.19,4.69
2014.08.15,00:54:42.180,102.492,102.49,1,4.69
2014.08.15,00:54:43.376,102.493,102.491,1.13,3.75
2014.08.15,00:54:44.189,102.493,102.491,1.32,3.75
2014.08.15,00:54:44.492,102.492,102.489,1,1.69
2014.08.15,00:54:44.845,102.491,102.489,1,5.44
2014.08.15,00:54:46.820,102.491,102.49,1,3.75
2014.08.15,00:54:47.357,102.491,102.489,1,4.69
2014.08.15,00:54:47.610,102.492,102.489,1,5.44
2014.08.15,00:54:48.164,102.493,102.489,1.32,5.44
2014.08.15,00:54:48.668,102.493,102.489,1.13,5.44
2014.08.15,00:54:50.234,102.493,102.491,1.13,3.75
2014.08.15,00:54:50.386,102.493,102.49,1.88,4.5
2014.08.15,00:54:50.790,102.492,102.488,1,1.25
2014.08.15,00:54:50.891,102.491,102.49,1,4.5
2014.08.15,00:54:51.353,102.493,102.49,2.63,4.5
2014.08.15,00:54:51.990,102.492,102.489,1,4.5
2014.08.15,00:54:52.091,102.492,102.489,1,4.5
2014.08.15,00:54:52.765,102.49,102.489,1,4.5
2014.08.15,00:54:53.286,102.491,102.489,1,4.5
2014.08.15,00:54:54.938,102.493,102.49,3.38,3.75
2014.08.15,00:54:55.443,102.491,102.49,1,4.5
2014.08.15,00:54:55.951,102.492,102.488,1,1.69
2014.08.15,00:54:56.455,102.493,102.49,1,6
2014.08.15,00:54:56.959,102.493,102.491,1.5,3.75
2014.08.15,00:54:57.843,102.494,102.491,1.5,3.75
2014.08.15,00:54:57.945,102.497,102.492,1,8.25
2014.08.15,00:54:57.996,102.497,102.494,1.5,3.75
2014.08.15,00:54:58.248,102.496,102.492,1,1.13
2014.08.15,00:54:58.820,102.497,102.494,1.5,1
2014.08.15,00:54:59.285,102.495,102.492,1,1
2014.08.15,00:54:59.857,102.493,102.491,1,1
2014.08.15,00:55:00.161,102.494,102.492,1,1
2014.08.15,00:55:00.664,102.494,102.492,1,1
2014.08.15,00:55:01.168,102.494,102.491,1,2.25
2014.08.15,00:55:01.219,102.493,102.491,1,2.25
2014.08.15,00:55:01.472,102.494,102.491,1,1
2014.08.15,00:55:01.674,102.492,102.49,1,1
2014.08.15,00:55:02.188,102.493,102.489,1,2.44
2014.08.15,00:55:02.692,102.492,102.489,1,2.44
2014.08.15,00:55:03.322,102.493,102.49,1.5,1
2014.08.15,00:55:03.373,102.493,102.492,1,1
2014.08.15,00:55:03.675,102.494,102.49,1,1.69
2014.08.15,00:55:04.185,102.493,102.49,1,1.25
2014.08.15,00:55:04.691,102.492,102.489,1,1.69
2014.08.15,00:55:05.196,102.491,102.489,1,1.25
2014.08.15,00:55:05.700,102.492,102.49,1.5,1.69
2014.08.15,00:55:06.257,102.492,102.491,1,3.75
2014.08.15,00:55:07.280,102.492,102.489,1,1.69
2014.08.15,00:55:07.804,102.492,102.491,1,3.75
2014.08.15,00:55:09.040,102.492,102.49,1,1.25
2014.08.15,00:55:10.327,102.492,102.49,1,3.75
2014.08.15,00:55:10.479,102.493,102.491,1,1
2014.08.15,00:55:10.884,102.494,102.492,1.5,3.75
2014.08.15,00:55:11.187,102.498,102.494,3.19,3.94
2014.08.15,00:55:12.329,102.498,102.493,2.25,12.19
2014.08.15,00:55:12.380,102.495,102.493,1,4.69
2014.08.15,00:55:14.051,102.501,102.495,1.5,9
2014.08.15,00:55:14.152,102.504,102.499,3.19,3.19
2014.08.15,00:55:14.203,102.502,102.501,1,3.75
2014.08.15,00:55:14.707,102.503,102.501,1,3.75
2014.08.15,00:55:15.061,102.504,102.502,1,5.25
2014.08.15,00:55:15.162,102.506,102.502,2.25,5.25
2014.08.15,00:55:15.212,102.504,102.502,1,5.25
2014.08.15,00:55:16.422,102.505,102.502,1,5.44
2014.08.15,00:55:16.926,102.504,102.502,1,3.75
2014.08.15,00:55:18.179,102.504,102.501,2.25,3.94
2014.08.15,00:55:18.684,102.503,102.501,1.5,3.94
2014.08.15,00:55:19.702,102.502,102.501,1,3.75
2014.08.15,00:55:20.217,102.501,102.497,1,2.44
2014.08.15,00:55:20.722,102.5,102.497,1,2.44
2014.08.15,00:55:21.328,102.5,102.497,2.25,1.19
2014.08.15,00:55:21.379,102.499,102.497,1,1
2014.08.15,00:55:21.883,102.498,102.496,1,1.69
2014.08.15,00:55:22.186,102.499,102.498,1,1.25
2014.08.15,00:55:22.388,102.501,102.499,1,4.69
2014.08.15,00:55:23.145,102.502,102.499,2.25,1.25
2014.08.15,00:55:23.901,102.501,102.498,1,5.44
2014.08.15,00:55:24.405,102.502,102.498,1.5,6.19
2014.08.15,00:55:24.909,102.502,102.499,1.5,3.75
2014.08.15,00:55:25.413,102.501,102.499,1,3.75
2014.08.15,00:55:26.540,102.502,102.499,1.5,5.25
2014.08.15,00:55:27.086,102.502,102.499,1.5,5.44
2014.08.15,00:55:27.639,102.502,102.499,1.5,4.5
2014.08.15,00:55:28.609,102.501,102.499,1,1
2014.08.15,00:55:29.172,102.502,102.499,1.5,1
2014.08.15,00:55:29.626,102.501,102.499,1,5.44
2014.08.15,00:55:29.677,102.502,102.499,1,5.44
2014.08.15,00:55:31.028,102.501,102.499,1,5.44
2014.08.15,00:55:31.532,102.5,102.498,1.5,1
2014.08.15,00:55:32.037,102.5,102.497,2.25,4.69
2014.08.15,00:55:32.188,102.498,102.497,1.5,3.75
2014.08.15,00:55:32.692,102.498,102.495,1.5,1.69
2014.08.15,00:55:33.196,102.499,102.495,3.38,2.44
2014.08.15,00:55:33.573,102.498,102.497,1,3.75
2014.08.15,00:55:33.876,102.501,102.498,2.25,3.75
2014.08.15,00:55:34.129,102.501,102.499,2.25,3.75
2014.08.15,00:55:39.186,102.5,102.497,1,6.19
2014.08.15,00:55:39.741,102.501,102.498,2.25,3.94
2014.08.15,00:55:40.257,102.501,102.498,1.5,4.69
2014.08.15,00:55:41.509,102.5,102.498,1,4.69
2014.08.15,00:55:42.050,102.5,102.498,1,4.69
2014.08.15,00:55:42.937,102.501,102.498,1.5,4.69
2014.08.15,00:55:43.995,102.501,102.499,1.5,3.75
2014.08.15,00:55:44.499,102.501,102.5,1.5,3.75
2014.08.15,00:55:44.906,102.501,102.498,1,4.69
2014.08.15,00:55:47.016,102.5,102.498,1,3.94
2014.08.15,00:55:47.521,102.5,102.498,3.75,3.75
2014.08.15,00:55:47.924,102.499,102.496,1.5,1.25
2014.08.15,00:55:47.995,102.498,102.496,2.25,4.69
2014.08.15,00:55:48.096,102.5,102.495,3,1.19
2014.08.15,00:55:48.147,102.498,102.495,1.5,1.19
2014.08.15,00:55:48.652,102.497,102.496,1.5,3.75
2014.08.15,00:55:49.308,102.501,102.496,3,6
2014.08.15,00:55:49.813,102.5,102.498,1,6.19
2014.08.15,00:55:50.318,102.501,102.498,1,6.94
2014.08.15,00:55:50.822,102.503,102.5,1.25,5.25
2014.08.15,00:55:51.074,102.502,102.5,1,5.25
2014.08.15,00:55:51.175,102.502,102.499,1,1.69
2014.08.15,00:55:51.276,102.503,102.5,2.44,5.25
2014.08.15,00:55:51.782,102.502,102.5,1,5.25
2014.08.15,00:56:13.808,102.502,102.499,1,5.82
2014.08.15,00:56:14.324,102.503,102.5,1.25,1.5
2014.08.15,00:56:17.087,102.503,102.501,1.5,1
2014.08.15,00:56:19.377,102.503,102.502,1,2.25
2014.08.15,00:56:19.428,102.505,102.503,1,3.75
2014.08.15,00:56:19.580,102.506,102.503,1,1.69
2014.08.15,00:56:19.832,102.505,102.501,2.25,6.19
2014.08.15,00:56:20.346,102.505,102.501,2.63,6.19
2014.08.15,00:56:20.598,102.503,102.501,1,2.44
2014.08.15,00:56:21.102,102.503,102.501,1,1.69
2014.08.15,00:56:26.321,102.503,102.5,1.5,4.69
2014.08.15,00:56:33.974,102.503,102.499,2.44,6.19
2014.08.15,00:56:47.226,102.502,102.499,1,5.44
2014.08.15,00:56:56.874,102.502,102.5,1,1
2014.08.15,00:56:57.395,102.503,102.5,4.69,1
2014.08.15,00:57:00.832,102.501,102.5,1,1
2014.08.15,00:57:01.135,102.503,102.5,2.25,1
2014.08.15,00:57:06.959,102.502,102.498,1,5.44
2014.08.15,00:57:08.976,102.501,102.498,1.5,1.5
2014.08.15,00:57:09.278,102.499,102.498,1,1
2014.08.15,00:57:09.808,102.499,102.497,1,1.25
2014.08.15,00:57:09.959,102.501,102.498,1.69,5.25
2014.08.15,00:57:10.470,102.502,102.498,1.5,6
2014.08.15,00:57:11.116,102.502,102.498,1.5,6.94
2014.08.15,00:57:12.695,102.502,102.5,1,1
2014.08.15,00:57:16.933,102.502,102.499,1,4.5
2014.08.15,00:57:21.104,102.502,102.5,1,1
2014.08.15,00:57:21.155,102.503,102.501,2.25,3.75
2014.08.15,00:57:21.256,102.504,102.503,1,5.25
2014.08.15,00:57:21.408,102.506,102.503,1,7.69
2014.08.15,00:57:23.671,102.508,102.504,7.69,1
2014.08.15,00:57:23.934,102.506,102.504,1,1
2014.08.15,00:57:24.704,102.508,102.504,8.44,1.25
2014.08.15,00:57:25.113,102.508,102.506,3.19,3.75
2014.08.15,00:57:25.737,102.508,102.505,1,6.19
2014.08.15,00:57:27.287,102.508,102.504,2.44,6.19
2014.08.15,00:57:27.804,102.508,102.505,1.69,3.75
2014.08.15,00:57:31.597,102.508,102.506,1,1
2014.08.15,00:57:31.900,102.512,102.509,1.5,5.44
2014.08.15,00:57:32.001,102.513,102.51,1.69,4.5
2014.08.15,00:57:32.506,102.513,102.511,1,1.5
2014.08.15,00:57:40.492,102.513,102.51,1,5.44
2014.08.15,00:57:41.148,102.513,102.511,1,3.75
2014.08.15,00:57:42.678,102.513,102.51,1,6.19
2014.08.15,00:57:44.010,102.512,102.51,1,1.69
2014.08.15,00:57:44.909,102.512,102.51,1.69,1
2014.08.15,00:57:44.960,102.511,102.508,1,6
2014.08.15,00:57:45.061,102.509,102.507,1.5,1.5
2014.08.15,00:57:45.212,102.508,102.505,1.5,1.69
2014.08.15,00:57:45.716,102.508,102.506,1,3.75
2014.08.15,00:57:45.817,102.509,102.507,1.69,1
2014.08.15,00:57:45.918,102.508,102.506,1,4.5
2014.08.15,00:57:46.271,102.51,102.507,1.69,6
2014.08.15,00:57:46.775,102.511,102.507,1,7.69
2014.08.15,00:57:47.631,102.511,102.509,1.5,3.75
2014.08.15,00:57:52.765,102.509,102.507,1,5.25
2014.08.15,00:57:53.269,102.509,102.506,1.5,4.69
2014.08.15,00:57:54.858,102.509,102.505,1.5,2.44
2014.08.15,00:57:55.211,102.51,102.508,1,3.75
2014.08.15,00:57:55.362,102.512,102.509,2.44,3.75
2014.08.15,00:57:55.866,102.511,102.509,1,3.75
2014.08.15,00:57:56.497,102.51,102.509,1,3.94
2014.08.15,00:57:58.013,102.512,102.509,1,3.94
2014.08.15,00:58:00.454,102.51,102.508,4.5,1.88
2014.08.15,00:58:00.980,102.51,102.507,1.5,3.94
2014.08.15,00:58:01.771,102.51,102.509,1,3.75
2014.08.15,00:58:03.685,102.511,102.508,1,5.82
2014.08.15,00:58:03.786,102.513,102.508,3.19,5.82
2014.08.15,00:58:07.274,102.513,102.508,2.25,4.88
2014.08.15,00:58:07.788,102.513,102.508,3.19,5.82
2014.08.15,00:58:08.667,102.513,102.51,1.69,1
2014.08.15,00:58:09.176,102.513,102.509,1.69,2.44
2014.08.15,00:58:12.563,102.513,102.51,1.5,1
2014.08.15,00:58:13.793,102.514,102.51,3,1
2014.08.15,00:58:15.272,102.514,102.509,3,10.69
2014.08.15,00:58:15.802,102.513,102.509,1,9.94
2014.08.15,00:58:17.586,102.513,102.51,1,1
2014.08.15,00:58:18.575,102.513,102.509,1,3.19
2014.08.15,00:58:22.849,102.513,102.509,1,3.19
2014.08.15,00:58:24.387,102.512,102.509,1,2.44
2014.08.15,00:58:25.128,102.512,102.509,1,1.69
2014.08.15,00:58:31.367,102.512,102.509,1,2.44
2014.08.15,00:58:32.385,102.512,102.509,1,1
2014.08.15,00:58:43.133,102.512,102.508,2.25,2.44
2014.08.15,00:58:43.385,102.508,102.507,1,1
2014.08.15,00:58:43.587,102.51,102.507,5.25,1.69
2014.08.15,00:58:43.847,102.508,102.507,1,1
2014.08.15,00:58:44.099,102.508,102.505,1,4.69
2014.08.15,00:58:47.234,102.508,102.504,1.69,4.69
2014.08.15,00:58:47.758,102.508,102.505,1.69,3.75
2014.08.15,00:58:48.582,102.509,102.508,1.5,1
2014.08.15,00:58:48.734,102.512,102.51,1.25,3.75
2014.08.15,00:58:49.241,102.513,102.51,1,4.5
2014.08.15,00:58:58.821,102.514,102.51,5.07,4.69
2014.08.15,00:58:59.333,102.514,102.511,4.69,3.75
2014.08.15,00:59:01.187,102.513,102.51,1,1.25
2014.08.15,00:59:01.439,102.512,102.508,6.19,1.32
2014.08.15,00:59:01.961,102.511,102.508,1,1.25
2014.08.15,00:59:02.475,102.511,102.507,2.44,5.82
2014.08.15,00:59:03.240,102.511,102.507,2.25,6.19
2014.08.15,00:59:04.835,102.512,102.509,1.5,3.94
2014.08.15,00:59:09.276,102.51,102.508,4.5,1.25
2014.08.15,00:59:09.377,102.508,102.505,1,5.07
2014.08.15,00:59:10.232,102.508,102.505,1,5.07
2014.08.15,00:59:11.063,102.508,102.506,1,4.5
2014.08.15,00:59:11.215,102.512,102.508,3.94,1
2014.08.15,00:59:11.265,102.512,102.509,3,3.75
2014.08.15,00:59:11.769,102.512,102.508,1.5,4.88
2014.08.15,00:59:12.122,102.51,102.507,1,5.44
2014.08.15,00:59:12.625,102.512,102.508,2.44,4.5
2014.08.15,00:59:13.151,102.511,102.507,5.44,1.25
2014.08.15,00:59:13.654,102.512,102.508,1.69,5.82
2014.08.15,00:59:18.688,102.512,102.508,1.5,5.44
2014.08.15,00:59:19.015,102.51,102.507,5.25,1.25
2014.08.15,00:59:19.167,102.509,102.505,1.5,1.69
2014.08.15,00:59:20.550,102.509,102.506,2.25,1.25
2014.08.15,00:59:21.666,102.509,102.507,1,1.25
2014.08.15,00:59:22.364,102.509,102.506,1,6.19
2014.08.15,00:59:22.415,102.509,102.508,1,3.75
2014.08.15,00:59:22.516,102.512,102.508,1.5,4.5
2014.08.15,00:59:23.081,102.512,102.509,1.5,1.25
2014.08.15,00:59:23.597,102.513,102.509,1.69,3.19
2014.08.15,00:59:26.179,102.513,102.51,1.5,3.75
2014.08.15,00:59:26.686,102.512,102.509,3.75,1.25
2014.08.15,00:59:27.041,102.51,102.507,1,1.19
2014.08.15,00:59:27.244,102.508,102.505,2.25,1.25
2014.08.15,00:59:27.750,102.508,102.504,2.44,5.44
2014.08.15,00:59:29.062,102.508,102.506,2.44,1
2014.08.15,00:59:29.214,102.512,102.509,3,2.25
2014.08.15,00:59:30.423,102.511,102.508,3.75,1.25
2014.08.15,00:59:30.907,102.509,102.507,4.5,1.25
2014.08.15,00:59:31.109,102.508,102.504,1.5,1.19
2014.08.15,00:59:32.203,102.508,102.504,1.69,4.69
2014.08.15,00:59:33.989,102.508,102.505,2.44,3.75
2014.08.15,00:59:34.594,102.508,102.506,1,1
2014.08.15,00:59:44.489,102.509,102.507,1,1.5
2014.08.15,00:59:44.792,102.511,102.508,1.25,1
2014.08.15,00:59:45.298,102.511,102.509,1,3.94
2014.08.15,00:59:45.803,102.512,102.51,1,3.75
2014.08.15,00:59:46.207,102.511,102.509,1,1.5
2014.08.15,00:59:48.466,102.512,102.509,1.5,3.75
2014.08.15,00:59:48.517,102.512,102.511,1.5,3.75
2014.08.15,00:59:49.021,102.513,102.511,1,3.75
2014.08.15,00:59:49.528,102.513,102.512,1,1
2014.08.15,00:59:50.429,102.513,102.51,5.25,1
2014.08.15,00:59:50.479,102.511,102.51,1,1
2014.08.15,00:59:50.631,102.511,102.508,1,5.44
2014.08.15,00:59:51.507,102.512,102.508,1.69,7.69
2014.08.15,00:59:52.061,102.511,102.508,1,6.94
2014.08.15,00:59:58.507,102.512,102.509,1,3.75
2014.08.15,00:59:59.010,102.513,102.509,2.44,3.75
2014.08.15,00:59:59.515,102.513,102.51,1.69,4.5
2014.08.15,01:00:00.020,102.513,102.511,1.69,3.75
2014.08.15,01:00:02.584,102.513,102.51,1.5,4.5
2014.08.15,01:00:04.096,102.513,102.509,2.25,5.44
2014.08.15,01:00:06.311,102.512,102.509,1,4.69
2014.08.15,01:00:06.828,102.513,102.51,2.44,1
2014.08.15,01:00:07.243,102.511,102.51,1,1
2014.08.15,01:00:07.294,102.511,102.507,3,3
2014.08.15,01:00:07.799,102.51,102.507,1,1.69
2014.08.15,01:00:07.951,102.511,102.509,1.25,3.75
2014.08.15,01:00:08.526,102.512,102.509,1,3.94
2014.08.15,01:00:09.892,102.511,102.509,1,1.25
2014.08.15,01:00:10.397,102.51,102.508,1,7.32
2014.08.15,01:00:11.103,102.509,102.508,1,4.5
2014.08.15,01:00:11.254,102.509,102.505,2.44,6.94
2014.08.15,01:00:11.759,102.508,102.505,1.5,6.19
2014.08.15,01:00:15.820,102.508,102.504,1.5,2.82
2014.08.15,01:00:21.004,102.508,102.504,1.5,2.44
2014.08.15,01:00:23.008,102.508,102.504,1.69,2.44
2014.08.15,01:00:23.980,102.507,102.504,1,2.44
2014.08.15,01:00:24.031,102.506,102.504,1,1.69
2014.08.15,01:00:24.182,102.507,102.504,1,1.25
2014.08.15,01:00:25.053,102.507,102.505,1,1
2014.08.15,01:00:27.622,102.507,102.504,1,2.44
2014.08.15,01:00:29.037,102.507,102.504,1,5.44
2014.08.15,01:00:31.654,102.507,102.503,1.5,2.44
2014.08.15,01:00:31.755,102.505,102.503,1,1.25
2014.08.15,01:00:32.766,102.505,102.502,1.5,1.25
2014.08.15,01:00:32.968,102.504,102.5,2.25,1.25
2014.08.15,01:00:33.487,102.503,102.499,1,1.19
2014.08.15,01:00:37.334,102.503,102.499,1,1.32
2014.08.15,01:00:38.254,102.5,102.498,1,2.82
2014.08.15,01:00:38.658,102.5,102.497,1,1
2014.08.15,01:00:38.809,102.498,102.496,1,1.25
2014.08.15,01:00:38.960,102.501,102.497,1,3.94
2014.08.15,01:00:39.061,102.501,102.499,1,1.25
2014.08.15,01:00:39.580,102.5,102.498,1,1.25
2014.08.15,01:00:40.098,102.499,102.497,1,1.69
2014.08.15,01:00:41.763,102.499,102.496,1.5,1.25
2014.08.15,01:00:44.274,102.499,102.497,1,1
2014.08.15,01:00:44.784,102.499,102.497,1,1
2014.08.15,01:00:51.014,102.499,102.495,3.94,2.44
2014.08.15,01:00:51.531,102.498,102.495,1.5,1.25
2014.08.15,01:00:52.043,102.499,102.495,1.5,2.44
2014.08.15,01:00:56.292,102.499,102.496,1.5,1.25
2014.08.15,01:00:56.906,102.499,102.495,1.5,5.44
2014.08.15,01:00:57.677,102.499,102.496,1.5,3.75
2014.08.15,01:00:58.862,102.499,102.495,1.5,5.44
2014.08.15,01:01:02.188,102.499,102.496,1.5,1.25
2014.08.15,01:01:05.883,102.499,102.495,1.5,5.44
2014.08.15,01:01:06.921,102.499,102.496,1.5,1.25
2014.08.15,01:01:09.949,102.499,102.497,1,1
2014.08.15,01:01:13.124,102.5,102.497,1,1.25
2014.08.15,01:01:15.388,102.5,102.498,1,3.75
2014.08.15,01:01:19.290,102.5,102.498,1,3.75
2014.08.15,01:01:19.492,102.501,102.497,2.44,6.19
2014.08.15,01:01:20.333,102.501,102.497,2.25,6.19
2014.08.15,01:01:24.727,102.501,102.497,2.25,6.94
2014.08.15,01:01:37.064,102.501,102.498,1.5,1.25
2014.08.15,01:01:39.875,102.501,102.497,1.5,5.63
2014.08.15,01:01:40.789,102.501,102.498,1.5,3.75
2014.08.15,01:01:58.298,102.498,102.497,1.5,1
2014.08.15,01:01:58.449,102.497,102.496,1,1
2014.08.15,01:01:58.954,102.498,102.495,1.5,3.75
2014.08.15,01:02:00.065,102.498,102.496,1,3.75
2014.08.15,01:02:00.714,102.499,102.496,1,4.5
2014.08.15,01:02:01.219,102.5,102.497,2.25,3.75
2014.08.15,01:02:01.438,102.5,102.499,1,3.75
2014.08.15,01:02:01.489,102.502,102.499,1,3.75
2014.08.15,01:02:01.949,102.5,102.498,1,1.69
2014.08.15,01:02:01.999,102.5,102.497,1,5.44
2014.08.15,01:02:02.151,102.501,102.499,1.69,3.75
2014.08.15,01:02:02.670,102.502,102.499,1.5,3.94
2014.08.15,01:02:05.482,102.502,102.499,3.19,3.75
2014.08.15,01:02:05.684,102.499,102.496,1,1.13
2014.08.15,01:02:06.354,102.498,102.496,1,1.13
2014.08.15,01:02:07.910,102.5,102.496,5.44,4.69
2014.08.15,01:02:08.417,102.5,102.496,3.19,5.44
2014.08.15,01:02:08.756,102.501,102.499,1.69,3.75
2014.08.15,01:02:09.261,102.502,102.499,1.69,3.75
2014.08.15,01:02:12.331,102.502,102.498,1,3.19
2014.08.15,01:02:20.108,102.502,102.498,1,2.44
2014.08.15,01:02:21.362,102.501,102.498,3.75,2.44
2014.08.15,01:02:21.514,102.5,102.497,2.25,1.25
2014.08.15,01:02:28.220,102.5,102.497,1,6.94
2014.08.15,01:02:29.328,102.501,102.498,1.5,5.44
2014.08.15,01:02:32.316,102.501,102.499,1,1
2014.08.15,01:02:33.140,102.501,102.5,1,1
2014.08.15,01:02:34.382,102.502,102.5,1,1
2014.08.15,01:02:53.185,102.502,102.499,1.69,1.5
2014.08.15,01:02:58.907,102.503,102.5,1.69,3.75
2014.08.15,01:02:59.427,102.503,102.5,1,4.5
2014.08.15,01:03:10.863,102.502,102.5,1,1.25
2014.08.15,01:03:12.557,102.502,102.499,1,1.13
2014.08.15,01:03:14.567,102.501,102.498,1,1.32
2014.08.15,01:03:19.821,102.499,102.497,1,4.69
2014.08.15,01:03:20.086,102.501,102.497,1,4.69
2014.08.15,01:03:20.595,102.5,102.497,1,4.69
2014.08.15,01:03:21.130,102.5,102.497,1,3.75
2014.08.15,01:03:26.654,102.5,102.496,1.25,7.32
2014.08.15,01:03:27.411,102.499,102.496,1,7.32
2014.08.15,01:03:32.376,102.499,102.497,1,1.25
2014.08.15,01:03:32.427,102.501,102.497,1.69,4.69
2014.08.15,01:03:39.384,102.501,102.499,1.5,1
2014.08.15,01:03:39.888,102.502,102.499,1,1.5
2014.08.15,01:03:43.172,102.502,102.499,1.5,5.82
2014.08.15,01:03:46.048,102.503,102.499,3.75,6.19
2014.08.15,01:03:46.369,102.501,102.499,1,6.19
2014.08.15,01:03:52.573,102.502,102.499,1.5,6.19
2014.08.15,01:03:53.829,102.502,102.499,1,5.25
2014.08.15,01:03:54.785,102.502,102.499,1,5.44
2014.08.15,01:03:55.609,102.503,102.499,3,5.44
2014.08.15,01:03:56.126,102.502,102.499,1,4.5
2014.08.15,01:03:59.501,102.503,102.499,2.44,5.44
2014.08.15,01:03:59.855,102.501,102.499,1,5.44
2014.08.15,01:04:00.056,102.503,102.499,1.69,5.44
2014.08.15,01:04:03.447,102.502,102.499,1,4.69
2014.08.15,01:04:03.970,102.501,102.499,1,4.69
2014.08.15,01:04:12.291,102.502,102.499,1.5,5.44
2014.08.15,01:04:13.625,102.502,102.499,2.25,5.44
2014.08.15,01:04:14.260,102.502,102.499,2.25,4.69
2014.08.15,01:04:14.776,102.501,102.499,1,4.69
2014.08.15,01:04:19.323,102.502,102.499,1,4.69
2014.08.15,01:04:23.928,102.503,102.499,3.75,3.75
2014.08.15,01:04:24.130,102.501,102.499,1,3.75
2014.08.15,01:04:24.231,102.503,102.499,3.75,3.75
2014.08.15,01:04:24.351,102.501,102.499,1,3.75
2014.08.15,01:04:43.274,102.503,102.499,5.44,3.94
2014.08.15,01:04:43.375,102.501,102.499,1,3.94
2014.08.15,01:04:43.940,102.503,102.499,4.69,3.94
2014.08.15,01:04:52.814,102.502,102.499,1,3.94
2014.08.15,01:04:53.279,102.5,102.499,1,3.75
2014.08.15,01:04:53.431,102.5,102.497,1,7.69
2014.08.15,01:05:07.980,102.499,102.497,1,5.44
2014.08.15,01:05:08.503,102.498,102.497,1,1
2014.08.15,01:05:11.754,102.501,102.499,1,3.75
2014.08.15,01:05:12.266,102.502,102.499,1,5.25
2014.08.15,01:05:51.825,102.502,102.499,1.5,1.69
2014.08.15,01:05:57.090,102.501,102.5,1,1.25
2014.08.15,01:06:01.112,102.502,102.5,1,1.25
2014.08.15,01:06:02.507,102.502,102.499,1,1.69
2014.08.15,01:06:03.518,102.502,102.499,1,1.69
2014.08.15,01:06:04.074,102.503,102.499,1.5,3.19
2014.08.15,01:06:06.414,102.502,102.499,1,3.19
2014.08.15,01:06:14.964,102.502,102.499,1,3.19
2014.08.15,01:06:15.678,102.501,102.499,1,3.19
2014.08.15,01:06:17.071,102.502,102.499,1,2.44
2014.08.15,01:06:25.748,102.502,102.499,1,3.19
2014.08.15,01:06:26.257,102.503,102.499,1.5,6.94
2014.08.15,01:06:29.651,102.503,102.499,1.5,6.19
2014.08.15,01:06:39.961,102.501,102.499,1,6.19
2014.08.15,01:06:41.497,102.502,102.499,1,2.44
2014.08.15,01:06:42.519,102.503,102.499,2.44,2.44
2014.08.15,01:06:47.166,102.503,102.5,1.69,3.75
2014.08.15,01:07:01.579,102.503,102.501,2.25,3.75
2014.08.15,01:07:17.932,102.503,102.5,2.25,4.5
2014.08.15,01:07:31.893,102.503,102.501,1,3.75
2014.08.15,01:07:32.398,102.503,102.502,1,3.75
2014.08.15,01:07:34.756,102.504,102.502,1,1.19
2014.08.15,01:07:34.857,102.505,102.503,1,1.25
2014.08.15,01:07:34.908,102.507,102.503,3.94,6.19
2014.08.15,01:07:35.411,102.506,102.503,1.5,1.25
2014.08.15,01:07:42.120,102.507,102.503,3.19,1.25
2014.08.15,01:07:47.511,102.506,102.503,1,1
2014.08.15,01:07:48.015,102.505,102.502,1,3.75
2014.08.15,01:07:51.241,102.506,102.503,2.44,1
2014.08.15,01:07:54.410,102.505,102.503,1,1
2014.08.15,01:07:55.202,102.506,102.503,2.25,1
2014.08.15,01:08:03.877,102.505,102.503,1.88,1
2014.08.15,01:08:04.380,102.504,102.503,1.5,1
2014.08.15,01:08:12.103,102.504,102.501,1,1.69
2014.08.15,01:08:28.798,102.505,102.501,1.69,2.44
2014.08.15,01:08:29.460,102.505,102.501,1.5,6.57
2014.08.15,01:08:37.267,102.504,102.502,1,1.69
2014.08.15,01:08:38.244,102.503,102.501,1,2.07
2014.08.15,01:08:41.779,102.505,102.501,2.44,1.69
2014.08.15,01:08:42.399,102.506,102.501,4.69,6.57
2014.08.15,01:08:44.792,102.507,102.502,8.44,6.19
2014.08.15,01:08:48.576,102.507,102.502,8.44,5.44
2014.08.15,01:08:50.802,102.507,102.502,8.44,6.19
2014.08.15,01:08:51.324,102.507,102.502,8.44,5.44
2014.08.15,01:08:59.906,102.507,102.502,8.82,4.69
2014.08.15,01:09:01.068,102.507,102.502,8.82,4.69
2014.08.15,01:09:01.574,102.505,102.502,1,4.69
2014.08.15,01:09:18.612,102.506,102.502,1.25,1.69
2014.08.15,01:09:30.547,102.506,102.502,1.25,5.44
2014.08.15,01:09:33.512,102.506,102.502,1.25,6.19
2014.08.15,01:09:34.160,102.506,102.502,1,6.94
2014.08.15,01:09:41.236,102.506,102.502,1.69,4.69
2014.08.15,01:09:45.786,102.505,102.502,1,1.25
2014.08.15,01:09:51.273,102.505,102.501,1.69,5.44
2014.08.15,01:09:57.593,102.503,102.5,1,1.19
2014.08.15,01:09:58.386,102.503,102.5,1,1.25
2014.08.15,01:10:00.584,102.504,102.5,4.69,1.25
2014.08.15,01:10:04.172,102.503,102.5,1,1.25
2014.08.15,01:10:04.675,102.503,102.499,1.5,6.19
2014.08.15,01:10:39.136,102.503,102.499,1.5,5.44
2014.08.15,01:10:46.123,102.503,102.499,1.69,1.69
2014.08.15,01:10:55.457,102.503,102.498,6,6.94
2014.08.15,01:11:02.678,102.503,102.5,6,1.25
2014.08.15,01:11:04.069,102.503,102.499,2.44,1.69
2014.08.15,01:11:32.525,102.503,102.499,2.25,5.44
2014.08.15,01:11:33.701,102.503,102.499,2.25,4.5
2014.08.15,01:11:34.229,102.503,102.5,1.5,1
2014.08.15,01:12:06.671,102.503,102.499,1.69,1.69
2014.08.15,01:12:07.665,102.502,102.499,3.75,1.69
2014.08.15,01:12:09.859,102.502,102.499,3.75,1.69
2014.08.15,01:12:11.354,102.502,102.499,3.75,1.69
2014.08.15,01:12:23.100,102.502,102.5,4.5,1
2014.08.15,01:12:23.403,102.497,102.495,3.75,1
2014.08.15,01:12:23.912,102.497,102.494,1,1.25
2014.08.15,01:12:32.817,102.496,102.494,1,1
2014.08.15,01:12:33.322,102.496,102.493,1.5,1.25
2014.08.15,01:12:33.838,102.495,102.491,2.25,2.44
2014.08.15,01:12:35.989,102.495,102.491,2.44,2.44
2014.08.15,01:13:12.097,102.494,102.491,1,2.25
2014.08.15,01:13:15.855,102.495,102.491,1.25,3.94
2014.08.15,01:13:16.757,102.495,102.491,1.5,3.94
2014.08.15,01:13:18.004,102.495,102.491,2.07,3.94
2014.08.15,01:13:25.414,102.494,102.491,1,3.94
2014.08.15,01:13:26.179,102.495,102.491,2.44,3.94
2014.08.15,01:13:29.460,102.494,102.491,1,2.25
2014.08.15,01:13:32.589,102.494,102.491,3.94,1.5
2014.08.15,01:13:32.905,102.491,102.49,1,1
2014.08.15,01:13:37.428,102.491,102.489,1,1
2014.08.15,01:13:37.957,102.491,102.488,4.5,1
2014.08.15,01:13:51.955,102.491,102.487,1.69,3.94
2014.08.15,01:14:04.760,102.489,102.486,1,4.69
2014.08.15,01:14:05.770,102.488,102.485,1,3.94
2014.08.15,01:14:06.072,102.49,102.487,1,1
2014.08.15,01:14:06.576,102.49,102.488,1,1
2014.08.15,01:14:12.966,102.49,102.487,1.5,1
2014.08.15,01:14:47.732,102.488,102.487,1,1.69
2014.08.15,01:14:50.044,102.49,102.487,2.25,1.25
2014.08.15,01:14:53.454,102.489,102.487,1,1
2014.08.15,01:14:59.157,102.49,102.487,2.25,1
2014.08.15,01:15:02.333,102.489,102.487,3.75,1
2014.08.15,01:15:03.118,102.49,102.487,3.19,1
2014.08.15,01:15:04.011,102.489,102.487,1,1.25
2014.08.15,01:15:05.300,102.488,102.487,1,1.25
2014.08.15,01:15:05.858,102.49,102.487,2.25,1.25
2014.08.15,01:15:06.410,102.49,102.486,1.69,1.69
2014.08.15,01:15:07.487,102.49,102.486,1.5,5.44
2014.08.15,01:15:13.094,102.49,102.488,1,1
2014.08.15,01:15:25.678,102.491,102.488,1,6.75
2014.08.15,01:15:28.623,102.49,102.488,1,6.94
2014.08.15,01:15:31.646,102.491,102.488,1,8.07
2014.08.15,01:15:33.860,102.492,102.49,1,1
2014.08.15,01:15:35.162,102.492,102.49,1,4.5
2014.08.15,01:15:43.233,102.493,102.49,1,5.44
2014.08.15,01:15:43.385,102.494,102.492,1,1.5
2014.08.15,01:15:43.537,102.496,102.492,2.44,3.94
2014.08.15,01:15:43.587,102.496,102.494,1.25,1
2014.08.15,01:15:43.840,102.498,102.494,6.94,3.19
2014.08.15,01:15:44.432,102.497,102.494,1,1.69
2014.08.15,01:15:49.515,102.498,102.495,1.5,3.75
2014.08.15,01:15:49.869,102.5,102.498,1,2.44
2014.08.15,01:15:50.172,102.502,102.499,1.25,1
2014.08.15,01:15:51.182,102.501,102.499,3.75,1
2014.08.15,01:15:53.059,102.5,102.498,1,1.5
2014.08.15,01:15:54.333,102.499,102.497,1,2.44
2014.08.15,01:15:54.852,102.498,102.497,1,2.44
2014.08.15,01:15:55.257,102.497,102.494,1,2.82
2014.08.15,01:15:55.611,102.498,102.496,2.07,1
2014.08.15,01:15:56.013,102.497,102.495,1,2.25
2014.08.15,01:15:56.265,102.499,102.496,5.25,1
2014.08.15,01:15:56.769,102.498,102.496,5.25,1
2014.08.15,01:15:57.275,102.499,102.496,1.5,1.5
2014.08.15,01:15:57.476,102.5,102.498,1,1
2014.08.15,01:15:58.319,102.499,102.498,1,1
2014.08.15,01:16:02.180,102.5,102.498,1.5,1
2014.08.15,01:16:03.151,102.499,102.498,1,1
2014.08.15,01:16:03.680,102.5,102.498,1.5,1.25
2014.08.15,01:16:04.842,102.499,102.498,1,1
2014.08.15,01:16:08.782,102.501,102.498,2.44,1
2014.08.15,01:16:10.829,102.5,102.498,1,1
2014.08.15,01:16:19.456,102.499,102.498,1,1
2014.08.15,01:16:20.682,102.499,102.497,1,2.44
2014.08.15,01:16:20.884,102.5,102.498,1.5,1
2014.08.15,01:16:21.387,102.499,102.498,1,1
2014.08.15,01:16:26.285,102.5,102.498,1.5,1
2014.08.15,01:16:26.795,102.499,102.498,1.5,1
2014.08.15,01:16:27.711,102.5,102.498,1.5,1
2014.08.15,01:16:28.239,102.499,102.498,1,1
2014.08.15,01:16:33.961,102.5,102.498,1.5,1
2014.08.15,01:16:37.842,102.499,102.498,1,1
2014.08.15,01:16:38.389,102.499,102.497,1,3.19
2014.08.15,01:16:39.970,102.499,102.497,1,3.19
2014.08.15,01:16:40.536,102.5,102.497,1.5,3.19
2014.08.15,01:16:43.089,102.5,102.497,1.5,2.25
2014.08.15,01:16:43.731,102.5,102.497,1.5,3.19
2014.08.15,01:16:45.537,102.499,102.497,1,3.19
2014.08.15,01:16:46.301,102.499,102.497,4.5,2.44
2014.08.15,01:16:46.805,102.498,102.496,1.5,1
2014.08.15,01:16:47.075,102.498,102.495,6.94,1
2014.08.15,01:16:47.125,102.496,102.494,1,2.44
2014.08.15,01:16:47.630,102.495,102.493,1.5,1.5
2014.08.15,01:16:56.130,102.495,102.492,1,8.44
2014.08.15,01:16:58.090,102.498,102.494,6.94,1
2014.08.15,01:16:58.594,102.497,102.495,1,1.5
2014.08.15,01:17:03.234,102.498,102.495,1,1.69
2014.08.15,01:17:03.918,102.498,102.494,1.5,2.25
2014.08.15,01:17:04.069,102.495,102.494,1,1
2014.08.15,01:17:04.575,102.495,102.493,1,2.25
2014.08.15,01:17:05.441,102.496,102.494,1,1.25
2014.08.15,01:17:05.593,102.498,102.496,1.69,1
2014.08.15,01:17:06.349,102.499,102.497,1,1
2014.08.15,01:17:06.853,102.499,102.497,1,1
2014.08.15,01:17:23.803,102.499,102.496,1,5.44
2014.08.15,01:17:24.317,102.498,102.496,1,1.69
2014.08.15,01:17:28.756,102.497,102.496,1,1.25
2014.08.15,01:17:29.278,102.497,102.495,1,1.25
2014.08.15,01:17:30.196,102.497,102.496,1,1
2014.08.15,01:17:30.297,102.496,102.494,1,1
2014.08.15,01:17:30.449,102.495,102.493,1.5,1
2014.08.15,01:17:51.166,102.495,102.491,2.25,2.44
2014.08.15,01:17:51.732,102.494,102.491,1,1.69
2014.08.15,01:17:52.968,102.495,102.491,3.19,2.44
2014.08.15,01:17:53.512,102.494,102.491,1,2.44
2014.08.15,01:17:54.258,102.493,102.491,1,1.69
2014.08.15,01:17:54.309,102.492,102.489,1,1.25
2014.08.15,01:17:54.813,102.49,102.487,1,2.44
2014.08.15,01:17:56.407,102.491,102.487,2.25,2.44
2014.08.15,01:18:13.100,102.491,102.487,1.5,1.5
2014.08.15,01:18:13.618,102.491,102.487,1.5,2.44
2014.08.15,01:18:29.002,102.49,102.488,1,1.25
2014.08.15,01:18:29.506,102.491,102.488,1,4.69
2014.08.15,01:18:32.962,102.491,102.488,2.82,1
2014.08.15,01:18:40.844,102.489,102.488,1,1
2014.08.15,01:18:41.360,102.49,102.488,1,1
2014.08.15,01:18:42.618,102.489,102.488,1,1
2014.08.15,01:18:47.348,102.49,102.488,1.25,1
2014.08.15,01:18:48.569,102.491,102.488,2.44,1
2014.08.15,01:18:49.886,102.492,102.488,3.19,2.44
2014.08.15,01:19:04.436,102.491,102.488,1,2.25
2014.08.15,01:19:06.548,102.49,102.488,1,2.25
2014.08.15,01:19:07.558,102.489,102.488,1,1.5
2014.08.15,01:19:08.062,102.491,102.488,1,1.5
2014.08.15,01:19:11.392,102.492,102.488,4.69,1.69
2014.08.15,01:19:12.480,102.491,102.488,1,1.69
2014.08.15,01:19:20.423,102.49,102.488,1,1.25
2014.08.15,01:19:22.696,102.491,102.488,1.5,1.25
2014.08.15,01:19:35.727,102.491,102.487,1,6.75
2014.08.15,01:19:37.360,102.49,102.487,1,6.19
2014.08.15,01:19:45.965,102.49,102.487,1,6.94
2014.08.15,01:19:46.525,102.491,102.487,1.5,6.94
2014.08.15,01:19:50.979,102.49,102.487,1,6.94
2014.08.15,01:19:51.855,102.49,102.487,1,6.94
2014.08.15,01:19:53.204,102.491,102.487,1.69,6.94
2014.08.15,01:19:53.960,102.491,102.487,1.5,6.94
2014.08.15,01:19:54.526,102.49,102.487,1,6.94
2014.08.15,01:19:55.247,102.491,102.487,1.5,6.94
2014.08.15,01:20:01.682,102.491,102.487,1.69,6.94
2014.08.15,01:20:05.161,102.491,102.489,1.25,1
2014.08.15,01:20:05.693,102.492,102.489,1.25,1
2014.08.15,01:20:10.579,102.492,102.49,1,1
2014.08.15,01:21:30.706,102.492,102.489,1,1
2014.08.15,01:22:07.665,102.492,102.488,6,5.63
2014.08.15,01:22:16.157,102.491,102.488,1,6.19
2014.08.15,01:22:17.302,102.492,102.488,1.69,2.44
2014.08.15,01:22:26.176,102.491,102.488,1,2.44
2014.08.15,01:22:26.679,102.49,102.488,1,2.44
2014.08.15,01:22:26.730,102.492,102.488,1.69,2.44
2014.08.15,01:22:27.238,102.491,102.488,1,6.19
2014.08.15,01:22:30.353,102.492,102.488,6.19,6.19
2014.08.15,01:22:31.736,102.492,102.488,6,6.19
2014.08.15,01:23:18.745,102.492,102.488,5.44,2.44
2014.08.15,01:23:49.035,102.492,102.488,1.69,1
2014.08.15,01:23:58.123,102.491,102.487,4.69,6.57
2014.08.15,01:24:10.197,102.491,102.488,1,1.69
2014.08.15,01:24:10.700,102.492,102.488,1.5,6.19
2014.08.15,01:24:11.230,102.492,102.488,1.69,6.19
2014.08.15,01:24:11.757,102.492,102.489,1.25,1
2014.08.15,01:24:15.382,102.492,102.488,1.25,5.82
2014.08.15,01:24:19.315,102.493,102.489,6.19,1
2014.08.15,01:24:29.172,102.492,102.488,5.44,4.69
2014.08.15,01:24:43.134,102.492,102.489,1,1.25
2014.08.15,01:24:49.825,102.491,102.489,1,1.13
2014.08.15,01:25:05.766,102.493,102.489,6.94,1
2014.08.15,01:25:06.326,102.493,102.49,1.69,1
2014.08.15,01:25:13.098,102.493,102.489,6.94,6.94
2014.08.15,01:25:17.107,102.493,102.489,6.75,3.19
2014.08.15,01:25:19.011,102.493,102.489,6.94,3.57
2014.08.15,01:25:25.021,102.493,102.489,8.07,1.5
2014.08.15,01:25:46.986,102.492,102.487,1.5,6.57
2014.08.15,01:25:47.906,102.492,102.488,2.44,1.25
2014.08.15,01:25:58.303,102.492,102.488,1,6.19
2014.08.15,01:26:00.682,102.492,102.488,1.25,6.19
2014.08.15,01:26:28.853,102.492,102.488,1.5,7.32
2014.08.15,01:26:30.316,102.492,102.488,1.5,2.82
2014.08.15,01:26:30.669,102.492,102.49,1,1
