Time,Ask,Bid,AskVolume,BidVolume,
2014.09.09,00:00:00.379,1.28916,1.28912,3.75,3.19
2014.09.09,00:00:00.885,1.28915,1.28912,1,1.69
2014.09.09,00:00:01.391,1.28916,1.28912,1.5,1.69
2014.09.09,00:00:01.900,1.28916,1.28913,1.5,1.5
2014.09.09,00:00:02.355,1.28916,1.28915,1.5,1.5
2014.09.09,00:00:02.456,1.28916,1.28913,1.5,1.5
2014.09.09,00:00:02.968,1.28916,1.28914,1.5,3.19
2014.09.09,00:00:03.069,1.28918,1.28916,1,1
2014.09.09,00:00:03.374,1.28919,1.28917,3,1
2014.09.09,00:00:03.629,1.28922,1.2892,1,7
2014.09.09,00:00:03.680,1.28924,1.28921,1,3.44
2014.09.09,00:00:03.834,1.28925,1.28924,1,1.12
2014.09.09,00:00:03.935,1.28928,1.28923,1.5,3.19
2014.09.09,00:00:04.238,1.28927,1.28922,1.5,1.5
2014.09.09,00:00:04.744,1.28926,1.28923,1.5,1
2014.09.09,00:00:05.301,1.28928,1.28923,3,1
2014.09.09,00:00:05.813,1.28927,1.28922,1,3.75
2014.09.09,00:00:06.327,1.28926,1.28923,1,1
2014.09.09,00:00:06.798,1.28925,1.28921,1.5,3
2014.09.09,00:00:07.303,1.28924,1.28921,1,2.25
2014.09.09,00:00:09.435,1.28924,1.2892,1,2.25
2014.09.09,00:00:10.043,1.28924,1.28921,2.25,1
2014.09.09,00:00:10.550,1.28924,1.28922,1,1
2014.09.09,00:00:11.157,1.28924,1.28921,2.44,1.5
2014.09.09,00:00:11.308,1.28921,1.28919,1,1.5
2014.09.09,00:00:11.460,1.2892,1.28917,1.5,1
2014.09.09,00:00:11.511,1.2892,1.28915,2.25,1.5
2014.09.09,00:00:12.017,1.28919,1.28916,1.5,1.5
2014.09.09,00:00:12.068,1.28917,1.28916,1,1.5
2014.09.09,00:00:13.281,1.28919,1.28916,1,1.5
2014.09.09,00:00:13.787,1.2892,1.28916,3.94,1.5
2014.09.09,00:00:14.334,1.2892,1.28917,1.25,1.5
2014.09.09,00:00:18.681,1.28921,1.28917,5.62,1.5
2014.09.09,00:00:19.198,1.2892,1.28917,1.5,1.5
2014.09.09,00:00:19.707,1.28921,1.28917,6.19,1.5
2014.09.09,00:00:20.318,1.2892,1.28917,2.25,1.5
2014.09.09,00:00:20.932,1.28921,1.28917,6,1.5
2014.09.09,00:00:21.439,1.2892,1.28915,12.75,1
2014.09.09,00:00:21.540,1.28918,1.28915,1.25,1
2014.09.09,00:00:22.046,1.28918,1.28916,1,1
2014.09.09,00:00:22.562,1.28918,1.28915,1,2.25
2014.09.09,00:00:24.627,1.28917,1.28915,1,2.25
2014.09.09,00:00:26.068,1.28916,1.28913,1,3.19
2014.09.09,00:00:27.901,1.28918,1.28915,1,2.25
2014.09.09,00:00:28.419,1.28918,1.28916,1,1
2014.09.09,00:00:29.756,1.28919,1.28916,3.19,1
2014.09.09,00:00:30.273,1.28919,1.28917,1.12,1
2014.09.09,00:00:31.095,1.28918,1.28917,1,1
2014.09.09,00:00:31.622,1.28919,1.28917,1.69,1
2014.09.09,00:00:33.500,1.28918,1.28917,1,1
2014.09.09,00:00:34.005,1.28917,1.28916,1,1
2014.09.09,00:00:34.580,1.28918,1.28916,1.69,1
2014.09.09,00:00:37.772,1.28918,1.28917,1,1
2014.09.09,00:00:38.279,1.28918,1.28916,1,2.25
2014.09.09,00:00:43.771,1.28918,1.28917,1.5,1
2014.09.09,00:00:45.770,1.28918,1.28916,1.5,3
2014.09.09,00:00:46.639,1.28918,1.28917,1.5,1
2014.09.09,00:00:47.148,1.28918,1.28916,1,1
2014.09.09,00:00:50.135,1.28919,1.28916,2.44,1.5
2014.09.09,00:00:50.692,1.28919,1.28916,1.69,1.5
2014.09.09,00:00:51.703,1.28919,1.28916,1.69,2.25
2014.09.09,00:00:52.209,1.28919,1.28917,1.25,1
2014.09.09,00:00:53.719,1.2892,1.28917,1.25,1
2014.09.09,00:00:55.109,1.2892,1.28916,3.94,4.5
2014.09.09,00:00:55.159,1.28918,1.28915,3.75,3
2014.09.09,00:00:55.463,1.28915,1.28914,1.31,1
2014.09.09,00:00:55.615,1.28915,1.28914,1.87,1
2014.09.09,00:00:55.767,1.28915,1.28913,1,1.5
2014.09.09,00:00:55.869,1.28914,1.28911,1.5,1
2014.09.09,00:00:55.970,1.28913,1.2891,1.25,3
2014.09.09,00:00:56.476,1.2891,1.28908,1,1.56
2014.09.09,00:00:56.679,1.28909,1.28907,1,1
2014.09.09,00:00:56.932,1.28905,1.28903,1.25,1
2014.09.09,00:01:10.246,1.28904,1.28903,1,1
2014.09.09,00:01:10.348,1.28903,1.289,1,1
2014.09.09,00:01:10.398,1.28901,1.28899,1,4.5
2014.09.09,00:01:10.702,1.28904,1.28901,1.5,1
2014.09.09,00:01:12.661,1.28903,1.28901,1,1
2014.09.09,00:01:13.978,1.28903,1.28902,1,1
2014.09.09,00:01:14.484,1.28904,1.28902,1,1
2014.09.09,00:01:15.226,1.28905,1.28902,3.94,1
2014.09.09,00:01:16.147,1.28905,1.28903,2.62,1
2014.09.09,00:01:16.604,1.28907,1.28903,2.44,1
2014.09.09,00:01:16.756,1.28905,1.28903,1,1
2014.09.09,00:01:17.085,1.28907,1.28905,1,1
2014.09.09,00:01:17.601,1.28908,1.28905,2.25,1
2014.09.09,00:01:17.957,1.28906,1.28905,1,1
2014.09.09,00:01:18.464,1.28907,1.28905,2.25,1
2014.09.09,00:01:21.169,1.28905,1.28903,1,1
2014.09.09,00:01:21.776,1.28905,1.28902,1,3.75
2014.09.09,00:01:21.979,1.28905,1.28903,1,1
2014.09.09,00:01:22.080,1.28904,1.28902,1,1.5
2014.09.09,00:01:22.232,1.28906,1.28903,1.69,1
2014.09.09,00:01:22.739,1.28907,1.28904,1,1.5
2014.09.09,00:01:25.458,1.28906,1.28904,1,1.5
2014.09.09,00:01:28.479,1.28906,1.28903,1,1.5
2014.09.09,00:01:30.593,1.28906,1.28902,1,5.25
2014.09.09,00:01:30.694,1.28906,1.28904,1,1
2014.09.09,00:01:30.795,1.28906,1.28902,1,3.75
2014.09.09,00:01:31.423,1.28906,1.28903,1.5,1
2014.09.09,00:01:31.946,1.28906,1.28902,1.5,4.5
2014.09.09,00:01:32.493,1.28904,1.28902,1,3
2014.09.09,00:01:33.001,1.28905,1.28902,1,3
2014.09.09,00:01:33.506,1.28906,1.28902,1.87,5.25
2014.09.09,00:01:34.012,1.28906,1.28902,2.81,4.5
2014.09.09,00:01:35.526,1.28906,1.28902,1.5,4.5
2014.09.09,00:01:36.035,1.28906,1.28903,1,1.5
2014.09.09,00:01:36.894,1.28906,1.28903,1.37,1.5
2014.09.09,00:01:37.410,1.28906,1.28903,1.12,1
2014.09.09,00:01:37.917,1.28906,1.28902,5.06,1.5
2014.09.09,00:01:38.422,1.28904,1.28901,1,3.75
2014.09.09,00:01:38.726,1.28902,1.289,1,1.5
2014.09.09,00:01:39.080,1.28901,1.28898,3.75,1.5
2014.09.09,00:01:39.435,1.28899,1.28896,3,1.69
2014.09.09,00:01:39.940,1.28899,1.28897,2.25,1
2014.09.09,00:01:40.446,1.28898,1.28897,1,1
2014.09.09,00:01:40.959,1.28899,1.28897,2.25,1
2014.09.09,00:01:42.349,1.289,1.28898,1.5,1
2014.09.09,00:01:42.856,1.28901,1.28899,2.25,1.5
2014.09.09,00:01:43.363,1.28901,1.289,1.12,1
2014.09.09,00:01:43.869,1.28902,1.289,1.12,5.25
2014.09.09,00:01:44.376,1.28903,1.28901,1.5,1
2014.09.09,00:01:44.679,1.28903,1.289,1.5,3
2014.09.09,00:01:44.730,1.28902,1.289,1.12,3
2014.09.09,00:01:45.387,1.28902,1.289,1.5,3
2014.09.09,00:01:45.935,1.28902,1.28899,1.5,3.75
2014.09.09,00:01:46.553,1.28902,1.289,1.5,3
2014.09.09,00:01:47.099,1.28902,1.28899,1.12,4.5
2014.09.09,00:01:47.627,1.28902,1.289,1.5,3
2014.09.09,00:01:48.140,1.28902,1.28899,1.5,3
2014.09.09,00:01:48.657,1.28902,1.289,1,4.5
2014.09.09,00:01:49.219,1.28902,1.28899,1,3
2014.09.09,00:01:49.738,1.28902,1.289,1,5.25
2014.09.09,00:01:50.249,1.28903,1.289,1,5.25
2014.09.09,00:01:51.968,1.28902,1.28901,1,1
2014.09.09,00:01:52.498,1.28903,1.289,1,4.5
2014.09.09,00:01:53.180,1.28903,1.28901,1,1
2014.09.09,00:01:53.282,1.28905,1.28902,5.62,1
2014.09.09,00:01:53.383,1.28905,1.28902,5.62,2.25
2014.09.09,00:01:53.889,1.28904,1.28902,1,3
2014.09.09,00:01:54.394,1.28905,1.28902,1.5,2.25
2014.09.09,00:01:54.496,1.28904,1.28902,1,2.25
2014.09.09,00:01:54.698,1.28905,1.28902,2.25,3
2014.09.09,00:01:55.001,1.28903,1.28901,1,2.25
2014.09.09,00:01:55.506,1.28904,1.28902,1,3
2014.09.09,00:01:55.608,1.28906,1.28902,5.25,3
2014.09.09,00:01:55.709,1.28904,1.28901,1,3.75
2014.09.09,00:01:56.164,1.28906,1.28902,4.5,3
2014.09.09,00:01:56.265,1.28904,1.28902,1,3
2014.09.09,00:01:56.766,1.28905,1.28903,2.25,1
2014.09.09,00:01:56.867,1.28905,1.28903,1,3.75
2014.09.09,00:01:57.019,1.28906,1.28905,2.25,1
2014.09.09,00:01:57.323,1.28904,1.28901,1,1
2014.09.09,00:01:57.823,1.28904,1.28903,1,1
2014.09.09,00:01:58.010,1.28904,1.28903,1,1
2014.09.09,00:01:58.517,1.28903,1.28902,1,1.5
2014.09.09,00:01:58.923,1.28905,1.28902,1,1
2014.09.09,00:01:59.429,1.28904,1.28902,1,1
2014.09.09,00:02:00.253,1.28905,1.28903,2.25,1
2014.09.09,00:02:00.354,1.28904,1.28902,1,1.5
2014.09.09,00:02:00.863,1.28903,1.28901,1,2.25
2014.09.09,00:02:01.471,1.28903,1.28902,1,1.5
2014.09.09,00:02:01.977,1.28903,1.28901,1,1.5
2014.09.09,00:02:02.503,1.28904,1.28902,1,1.5
2014.09.09,00:02:03.328,1.28903,1.28901,1,1.5
2014.09.09,00:02:03.640,1.28905,1.28904,1,1
2014.09.09,00:02:04.147,1.28906,1.28904,1.5,1
2014.09.09,00:02:04.855,1.28905,1.28904,1,1.5
2014.09.09,00:02:05.439,1.28906,1.28904,1.5,1.5
2014.09.09,00:02:05.965,1.28905,1.28904,1,1.5
2014.09.09,00:02:06.475,1.28906,1.28904,1.5,1.5
2014.09.09,00:02:07.347,1.28906,1.28905,1.5,1
2014.09.09,00:02:07.853,1.28907,1.28905,1.5,2.25
2014.09.09,00:02:08.107,1.28909,1.28907,2.25,1
2014.09.09,00:02:08.620,1.2891,1.28908,3,1
2014.09.09,00:02:08.925,1.28909,1.28907,2.25,1.25
2014.09.09,00:02:09.127,1.28909,1.28907,1.5,1
2014.09.09,00:02:09.583,1.28909,1.28908,2.25,1
2014.09.09,00:02:09.638,1.28909,1.28908,2.25,1
2014.09.09,00:02:09.948,1.28909,1.28908,1.5,1
2014.09.09,00:02:10.155,1.28909,1.28908,1.5,1
2014.09.09,00:02:10.669,1.28909,1.28908,1.5,1
2014.09.09,00:02:11.184,1.28909,1.28908,1.5,1.5
2014.09.09,00:02:12.878,1.28911,1.28909,1,1
2014.09.09,00:02:12.982,1.2891,1.28909,1,1
2014.09.09,00:02:13.495,1.28909,1.28908,2.25,1.5
2014.09.09,00:02:14.005,1.28909,1.28908,2.25,1.5
2014.09.09,00:02:14.107,1.28909,1.28908,2.25,1.5
2014.09.09,00:02:14.411,1.28909,1.28908,2.25,1
2014.09.09,00:02:14.515,1.28909,1.28908,3,1
2014.09.09,00:02:14.820,1.2891,1.28908,1,1
2014.09.09,00:02:14.922,1.28912,1.28909,1.5,1.5
2014.09.09,00:02:15.427,1.28912,1.2891,1,1.5
2014.09.09,00:02:15.478,1.28914,1.2891,6.94,1
2014.09.09,00:02:15.731,1.28912,1.28911,1,1
2014.09.09,00:02:16.765,1.28913,1.28911,1,1
2014.09.09,00:02:20.317,1.28914,1.28911,5.44,1.5
2014.09.09,00:02:21.705,1.28914,1.28912,2.25,1
2014.09.09,00:02:22.109,1.28914,1.28913,1.5,1
2014.09.09,00:02:22.615,1.28915,1.28913,3.75,1
2014.09.09,00:02:23.096,1.28914,1.28913,1,1
2014.09.09,00:02:23.614,1.28914,1.28912,1.5,1
2014.09.09,00:02:24.018,1.28914,1.28912,1.5,1.5
2014.09.09,00:02:24.134,1.28915,1.28912,5.25,1.5
2014.09.09,00:02:24.649,1.28914,1.28912,1.5,1
2014.09.09,00:02:25.364,1.28915,1.28912,5.25,1
2014.09.09,00:02:26.033,1.28914,1.28912,1.5,1
2014.09.09,00:02:26.748,1.28915,1.28912,6.37,1
2014.09.09,00:02:27.232,1.28915,1.28914,3.19,1
2014.09.09,00:02:27.333,1.28917,1.28914,3,2.25
2014.09.09,00:02:27.435,1.28918,1.28916,1,1
2014.09.09,00:02:27.640,1.2892,1.28916,3,3
2014.09.09,00:02:28.299,1.28919,1.28916,1,2.25
2014.09.09,00:02:30.388,1.2892,1.28916,3,3
2014.09.09,00:02:31.146,1.2892,1.28917,1.87,1.5
2014.09.09,00:02:34.698,1.28921,1.28917,2.62,1.5
2014.09.09,00:02:35.434,1.2892,1.28917,1,1.5
2014.09.09,00:02:36.098,1.28921,1.28917,3.19,1.5
2014.09.09,00:02:36.628,1.2892,1.28917,2.06,2.25
2014.09.09,00:02:37.174,1.28921,1.28917,3.19,1.5
2014.09.09,00:02:37.696,1.2892,1.28917,1.69,1.5
2014.09.09,00:02:38.261,1.28921,1.28917,5.81,1
2014.09.09,00:02:38.869,1.2892,1.28917,1.69,1
2014.09.09,00:02:39.433,1.28921,1.28917,5.81,1
2014.09.09,00:02:40.808,1.2892,1.28917,1.69,1
2014.09.09,00:02:41.386,1.28921,1.28917,5.81,1
2014.09.09,00:02:42.069,1.2892,1.28917,1.69,1
2014.09.09,00:02:42.587,1.28921,1.28917,5.81,1
2014.09.09,00:02:43.248,1.2892,1.28917,1,1
2014.09.09,00:02:44.092,1.28921,1.28917,5.81,1
2014.09.09,00:02:44.701,1.2892,1.28917,1.69,1
2014.09.09,00:02:45.219,1.28921,1.28917,5.06,1
2014.09.09,00:02:46.151,1.2892,1.28917,1.69,1
2014.09.09,00:02:46.710,1.28921,1.28917,5.06,1
2014.09.09,00:02:47.522,1.28921,1.28918,4.31,1
2014.09.09,00:02:48.028,1.2892,1.28918,2.44,1
2014.09.09,00:02:48.609,1.28921,1.28918,4.31,1
2014.09.09,00:02:49.174,1.2892,1.28917,1.5,1.5
2014.09.09,00:02:58.091,1.2892,1.28919,1.5,1
2014.09.09,00:02:58.395,1.28924,1.28921,1,1
2014.09.09,00:02:58.972,1.28925,1.28921,3.75,3
2014.09.09,00:03:00.525,1.28924,1.2892,2.25,1.5
2014.09.09,00:03:03.505,1.28924,1.28919,1.69,5.44
2014.09.09,00:03:04.623,1.28923,1.28919,1,3.94
2014.09.09,00:03:07.246,1.28924,1.28922,1.25,1
2014.09.09,00:03:12.221,1.28925,1.28922,8.81,1
2014.09.09,00:03:22.323,1.28924,1.28922,1.12,1
2014.09.09,00:03:22.833,1.28925,1.28922,8.06,1
2014.09.09,00:03:27.821,1.28924,1.28922,1,1
2014.09.09,00:03:30.151,1.28925,1.28922,5.06,1
2014.09.09,00:03:35.754,1.28924,1.28922,1,1
2014.09.09,00:03:36.459,1.28925,1.28922,5.06,1
2014.09.09,00:03:36.965,1.28924,1.28922,1,1
2014.09.09,00:03:37.475,1.28925,1.28922,5.81,1
2014.09.09,00:03:37.980,1.28924,1.28922,1.5,1
2014.09.09,00:03:44.094,1.28924,1.2892,1.5,6
2014.09.09,00:03:44.599,1.28924,1.28919,1,4.5
2014.09.09,00:03:45.104,1.28923,1.28919,1.5,3.75
2014.09.09,00:03:46.531,1.28921,1.28918,1.5,1.5
2014.09.09,00:03:47.037,1.28923,1.28919,2.25,1
2014.09.09,00:03:47.340,1.28921,1.28919,1,1
2014.09.09,00:03:48.556,1.28922,1.28919,1,1
2014.09.09,00:03:50.037,1.28921,1.28919,1.5,1.25
2014.09.09,00:03:52.944,1.28922,1.28919,1,1.5
2014.09.09,00:04:12.948,1.28921,1.28919,1,1
2014.09.09,00:04:13.100,1.28919,1.28916,2.25,1.5
2014.09.09,00:04:13.525,1.28918,1.28914,1.5,4.69
2014.09.09,00:04:13.777,1.28918,1.28916,1,1
2014.09.09,00:04:17.964,1.28918,1.28915,1,2.62
2014.09.09,00:04:20.995,1.28918,1.28916,1,1
2014.09.09,00:04:21.562,1.28919,1.28916,3.19,1
2014.09.09,00:04:22.417,1.28919,1.28915,5.25,1
2014.09.09,00:04:22.723,1.28915,1.28913,1,3
2014.09.09,00:04:22.925,1.28917,1.28913,1,2.25
2014.09.09,00:04:24.097,1.28917,1.28914,1,1
2014.09.09,00:04:25.312,1.28917,1.28913,1,6.75
2014.09.09,00:04:25.817,1.28917,1.28914,1,2.25
2014.09.09,00:04:33.660,1.28918,1.28914,1,1.25
2014.09.09,00:04:34.166,1.28918,1.28915,1.5,1.5
2014.09.09,00:04:34.671,1.2892,1.28918,1.5,1
2014.09.09,00:04:35.177,1.28921,1.28918,3.94,1
2014.09.09,00:04:35.329,1.28921,1.28916,3.94,4.69
2014.09.09,00:04:35.684,1.28921,1.28918,4.69,1
2014.09.09,00:04:36.040,1.28921,1.2892,1,1
2014.09.09,00:04:36.344,1.28923,1.2892,1.5,1
2014.09.09,00:04:36.851,1.28923,1.28921,1.5,1
2014.09.09,00:04:37.874,1.28923,1.2892,1,3
2014.09.09,00:04:40.376,1.28924,1.28921,1.5,1.5
2014.09.09,00:04:40.528,1.28925,1.28923,1.5,1
2014.09.09,00:04:41.034,1.28924,1.28922,1,1
2014.09.09,00:04:43.063,1.28923,1.28922,1,1
2014.09.09,00:04:43.367,1.28922,1.2892,1,1.5
2014.09.09,00:04:44.513,1.28922,1.28919,1,3.94
2014.09.09,00:04:45.020,1.28921,1.2892,1,1
2014.09.09,00:04:45.526,1.28921,1.28919,1,1
2014.09.09,00:04:51.870,1.28921,1.28919,1,1.37
2014.09.09,00:04:52.378,1.28923,1.28919,3.11,2.25
2014.09.09,00:04:59.030,1.28921,1.28919,1,1
2014.09.09,00:05:03.160,1.28921,1.28918,1,3
2014.09.09,00:05:04.607,1.2892,1.28918,1,3.75
2014.09.09,00:05:05.363,1.2892,1.28916,1.5,5.44
2014.09.09,00:05:05.515,1.28918,1.28917,1,1
2014.09.09,00:05:05.820,1.28914,1.28911,1,1
2014.09.09,00:05:05.871,1.28914,1.28911,1.5,1
2014.09.09,00:05:06.123,1.28914,1.28912,1.5,1
2014.09.09,00:05:06.477,1.28912,1.28911,1,1
2014.09.09,00:05:06.579,1.28912,1.2891,1,1
2014.09.09,00:05:06.782,1.2891,1.28907,1,2.25
2014.09.09,00:05:07.029,1.28907,1.28905,1,2.25
2014.09.09,00:05:07.386,1.28906,1.28903,1,1.5
2014.09.09,00:05:08.123,1.28905,1.28903,1,1
2014.09.09,00:05:08.860,1.28905,1.28902,1.5,5.25
2014.09.09,00:05:09.113,1.28904,1.28902,1,1.69
2014.09.09,00:05:09.618,1.28904,1.28902,1.5,1
2014.09.09,00:05:10.124,1.28905,1.28903,6.37,1
2014.09.09,00:05:11.216,1.28905,1.28903,5.25,1
2014.09.09,00:05:11.824,1.28906,1.28904,3,1.12
2014.09.09,00:05:15.559,1.28905,1.28904,1.5,1
2014.09.09,00:05:15.610,1.28905,1.28902,3.75,2.25
2014.09.09,00:05:16.116,1.28905,1.28903,1.5,1
2014.09.09,00:05:17.445,1.28905,1.28902,2.25,1.5
2014.09.09,00:05:21.687,1.28906,1.28904,3.75,1
2014.09.09,00:05:21.892,1.28909,1.28907,1.5,3
2014.09.09,00:05:22.399,1.28911,1.28909,1.5,1
2014.09.09,00:05:25.420,1.28912,1.28909,1.5,1
2014.09.09,00:05:29.127,1.28912,1.2891,1,1
2014.09.09,00:05:31.759,1.28913,1.28909,3.19,1
2014.09.09,00:05:32.264,1.28913,1.2891,1.5,2.25
2014.09.09,00:05:32.774,1.28913,1.28911,1,1.5
2014.09.09,00:05:33.383,1.28914,1.28911,3.75,1.5
2014.09.09,00:05:35.259,1.28913,1.28911,1,1.5
2014.09.09,00:05:35.872,1.28914,1.28911,4.5,1
2014.09.09,00:05:42.503,1.28913,1.28911,1,1
2014.09.09,00:05:43.083,1.28914,1.28911,3.75,1
2014.09.09,00:05:44.483,1.28913,1.28911,1,1
2014.09.09,00:05:45.979,1.28914,1.28911,3.75,1
2014.09.09,00:05:48.098,1.28913,1.28911,1,1
2014.09.09,00:05:48.647,1.28914,1.28911,3,1.5
2014.09.09,00:05:49.582,1.28913,1.28911,1,1.5
2014.09.09,00:05:53.841,1.28913,1.28909,1,6.19
2014.09.09,00:05:54.145,1.2891,1.28909,1,1
2014.09.09,00:05:54.448,1.2891,1.28907,1.5,1.25
2014.09.09,00:05:54.953,1.28909,1.28905,1,3
2014.09.09,00:05:56.014,1.28908,1.28905,1,1.5
2014.09.09,00:05:56.520,1.28909,1.28905,1.5,1.5
2014.09.09,00:06:02.789,1.2891,1.28908,6.41,1
2014.09.09,00:06:02.891,1.28911,1.28909,1.5,5.25
2014.09.09,00:06:03.202,1.28913,1.2891,1.5,2.12
2014.09.09,00:06:03.455,1.2891,1.28909,1.5,1
2014.09.09,00:06:03.607,1.2891,1.28907,2.25,1
2014.09.09,00:06:04.126,1.2891,1.28906,6.19,1
2014.09.09,00:06:07.535,1.2891,1.28908,1.87,1
2014.09.09,00:06:08.040,1.28911,1.28908,1.5,1.5
2014.09.09,00:06:10.075,1.2891,1.28908,1,1
2014.09.09,00:06:12.070,1.28911,1.28908,2.44,1
2014.09.09,00:06:13.759,1.28911,1.28907,2.25,3.19
2014.09.09,00:06:14.063,1.28909,1.28907,1,1.69
2014.09.09,00:06:14.771,1.28909,1.28908,1,1
2014.09.09,00:06:17.833,1.28909,1.28907,1,1
2014.09.09,00:06:18.908,1.28909,1.28906,1,2.25
2014.09.09,00:06:29.086,1.2891,1.28907,1.5,1.5
2014.09.09,00:06:29.389,1.28909,1.28908,1,1
2014.09.09,00:06:29.768,1.2891,1.28908,1.5,1
2014.09.09,00:06:29.844,1.28909,1.28907,1,1.5
2014.09.09,00:06:30.348,1.28909,1.28908,1,1
2014.09.09,00:06:46.220,1.2891,1.28908,2.25,1.5
2014.09.09,00:06:47.976,1.28911,1.28908,1.5,1
2014.09.09,00:06:49.282,1.28912,1.28909,4.87,1
2014.09.09,00:06:49.485,1.28914,1.2891,2.25,4.5
2014.09.09,00:06:49.587,1.28915,1.28913,1.5,1
2014.09.09,00:06:49.842,1.28917,1.28914,1.69,1
2014.09.09,00:06:50.449,1.28918,1.28914,3,3.19
2014.09.09,00:06:50.803,1.28918,1.28915,1,5.44
2014.09.09,00:06:51.006,1.2892,1.28917,2.62,1.5
2014.09.09,00:06:51.410,1.28922,1.28918,1.5,3
2014.09.09,00:06:51.714,1.28922,1.2892,1.5,1.5
2014.09.09,00:06:52.726,1.28923,1.2892,1.5,2.25
2014.09.09,00:06:57.150,1.28923,1.28919,1.5,3
2014.09.09,00:07:00.471,1.28922,1.28919,1,1.5
2014.09.09,00:07:23.537,1.28922,1.28918,2.25,4.69
2014.09.09,00:07:24.042,1.28922,1.28919,2.25,1
2014.09.09,00:07:27.439,1.28923,1.28921,1,1
2014.09.09,00:07:27.945,1.28925,1.28922,5.06,1
2014.09.09,00:07:28.695,1.28924,1.28922,1.5,1
2014.09.09,00:07:29.200,1.28924,1.28921,3,1
2014.09.09,00:07:30.286,1.28923,1.28921,1,1
2014.09.09,00:07:31.340,1.28923,1.2892,1,1.5
2014.09.09,00:07:39.634,1.28924,1.2892,3.94,1
2014.09.09,00:07:40.135,1.28924,1.2892,4.69,1.5
2014.09.09,00:07:41.127,1.28924,1.2892,3.19,1.5
2014.09.09,00:07:44.926,1.28922,1.2892,1,1
2014.09.09,00:07:45.129,1.28921,1.28918,3,1
2014.09.09,00:07:45.534,1.28919,1.28917,1,1
2014.09.09,00:07:46.039,1.2892,1.28917,2.25,3
2014.09.09,00:07:47.433,1.28921,1.28917,1.5,3
2014.09.09,00:07:48.037,1.2892,1.28917,1,1.5
2014.09.09,00:07:48.543,1.28921,1.28917,7.2,1
2014.09.09,00:07:49.057,1.2892,1.28917,2.06,1
2014.09.09,00:07:49.563,1.2892,1.28916,4.39,1
2014.09.09,00:07:51.482,1.28919,1.28916,1.5,1
2014.09.09,00:07:52.090,1.2892,1.28916,1.69,1
2014.09.09,00:07:52.603,1.28919,1.28916,1.5,1
2014.09.09,00:07:57.606,1.28918,1.28915,1.37,3
2014.09.09,00:07:57.860,1.28915,1.28913,1,1
2014.09.09,00:07:58.215,1.28914,1.28911,1,2.25
2014.09.09,00:07:58.738,1.28914,1.28912,1,1
2014.09.09,00:08:03.581,1.28914,1.2891,1.5,5.25
2014.09.09,00:08:04.087,1.28914,1.28911,1,1.5
2014.09.09,00:08:07.643,1.28914,1.2891,1.5,4.5
2014.09.09,00:08:09.261,1.28914,1.28911,2.25,1
2014.09.09,00:08:09.766,1.28914,1.2891,4.5,3
2014.09.09,00:08:10.292,1.28914,1.28911,5.25,1
2014.09.09,00:08:10.798,1.28914,1.2891,4.5,2.25
2014.09.09,00:08:11.770,1.28913,1.2891,1,2.25
2014.09.09,00:08:12.275,1.28914,1.2891,2.44,2.25
2014.09.09,00:08:13.933,1.28913,1.2891,1,2.25
2014.09.09,00:08:14.455,1.28914,1.2891,2.25,2.25
2014.09.09,00:08:14.825,1.28914,1.28912,3.75,1
2014.09.09,00:08:14.977,1.28916,1.28914,1,1
2014.09.09,00:08:15.482,1.28917,1.28914,1,1
2014.09.09,00:08:15.988,1.28917,1.28913,3,1
2014.09.09,00:08:16.554,1.28916,1.28913,2.25,1
2014.09.09,00:08:27.614,1.28914,1.28912,1,2.25
2014.09.09,00:08:31.995,1.28915,1.28912,1,2.25
2014.09.09,00:08:32.299,1.28916,1.28914,1.5,1
2014.09.09,00:08:33.058,1.28915,1.28913,1.5,1
2014.09.09,00:08:33.564,1.28915,1.28913,6.75,1
2014.09.09,00:08:33.615,1.28915,1.28912,6.75,1
2014.09.09,00:08:33.817,1.28915,1.2891,3.75,3.19
2014.09.09,00:08:34.322,1.28914,1.2891,1,1.69
2014.09.09,00:08:34.767,1.28914,1.28912,1.5,1
2014.09.09,00:08:35.273,1.28913,1.28912,1,1
2014.09.09,00:08:35.475,1.28913,1.2891,1,3.94
2014.09.09,00:08:35.830,1.28915,1.28913,2.25,1
2014.09.09,00:08:35.931,1.28913,1.28911,1,3
2014.09.09,00:08:36.283,1.28915,1.28912,3.37,1
2014.09.09,00:08:36.890,1.28914,1.28912,1,1
2014.09.09,00:08:37.769,1.28915,1.28913,1.5,5.44
2014.09.09,00:08:38.074,1.28916,1.28915,1,1
2014.09.09,00:08:38.176,1.28918,1.28915,3.94,1
2014.09.09,00:08:38.278,1.28916,1.28915,1,1
2014.09.09,00:08:38.581,1.28915,1.28913,1,4.69
2014.09.09,00:08:39.087,1.28916,1.28914,1,1.25
2014.09.09,00:08:39.592,1.28915,1.28914,2.25,1.69
2014.09.09,00:08:40.139,1.28915,1.28912,2.25,3.94
2014.09.09,00:08:40.758,1.28913,1.28912,1,1
2014.09.09,00:08:41.278,1.28913,1.28911,1.5,1.69
2014.09.09,00:08:41.784,1.28913,1.28912,1,1
2014.09.09,00:08:42.303,1.28914,1.28912,1,1
2014.09.09,00:08:45.370,1.28915,1.28913,1,1
2014.09.09,00:08:47.352,1.28914,1.28912,1.5,1.5
2014.09.09,00:08:47.606,1.28913,1.2891,1,3.94
2014.09.09,00:08:50.873,1.28913,1.28909,2.25,5.44
2014.09.09,00:08:51.125,1.28911,1.28909,1,4.69
2014.09.09,00:08:51.328,1.2891,1.28908,1,1.25
2014.09.09,00:08:54.063,1.28909,1.28907,1,3.19
2014.09.09,00:08:54.694,1.2891,1.28907,1,2.25
2014.09.09,00:08:57.312,1.2891,1.28908,1,1
2014.09.09,00:08:57.816,1.2891,1.28907,1,1
2014.09.09,00:09:02.678,1.2891,1.28908,2.25,1
2014.09.09,00:09:02.981,1.28908,1.28905,1,7.31
2014.09.09,00:09:03.438,1.28906,1.28904,6.75,3
2014.09.09,00:09:03.943,1.28906,1.28904,1,1
2014.09.09,00:09:04.813,1.28905,1.28904,1,3
2014.09.09,00:09:05.016,1.28904,1.28902,1,1
2014.09.09,00:09:05.118,1.28903,1.28901,1,1
2014.09.09,00:09:05.422,1.28901,1.28898,1.5,1
2014.09.09,00:09:05.473,1.28899,1.28898,1,1
2014.09.09,00:09:05.626,1.28898,1.28895,1,2.62
2014.09.09,00:09:06.081,1.28896,1.28894,1,1
2014.09.09,00:09:06.587,1.28897,1.28895,3,1
2014.09.09,00:09:06.840,1.28897,1.28895,2.17,1
2014.09.09,00:09:07.860,1.28896,1.28895,1,1
2014.09.09,00:09:10.668,1.28896,1.28894,1,3.75
2014.09.09,00:09:14.626,1.28896,1.28893,1.5,4.69
2014.09.09,00:09:14.778,1.28894,1.28892,1,2.25
2014.09.09,00:09:15.303,1.28895,1.28891,1,1.5
2014.09.09,00:09:15.822,1.28895,1.28891,1,2.44
2014.09.09,00:09:16.333,1.28896,1.28893,3.75,1
2014.09.09,00:09:16.857,1.28896,1.28892,4.5,3.94
2014.09.09,00:09:19.162,1.28896,1.28893,2.25,1
2014.09.09,00:09:20.258,1.28896,1.28892,1,1.25
2014.09.09,00:09:20.763,1.28895,1.28893,1.12,1
2014.09.09,00:09:21.606,1.28894,1.28893,1,1
2014.09.09,00:09:21.657,1.28894,1.28891,1,2.25
2014.09.09,00:09:21.911,1.28896,1.28892,4.5,6
2014.09.09,00:09:22.012,1.28896,1.28894,2.25,1
2014.09.09,00:09:22.639,1.28895,1.28893,3.37,1
2014.09.09,00:09:22.841,1.28895,1.28892,1,2.44
2014.09.09,00:09:23.094,1.28895,1.28894,1,1
2014.09.09,00:09:23.617,1.28896,1.28894,1.5,1
2014.09.09,00:09:24.123,1.28896,1.28895,1,1
2014.09.09,00:09:27.316,1.28896,1.28894,1,3.75
2014.09.09,00:09:28.177,1.28896,1.28893,1,6.75
2014.09.09,00:09:28.683,1.28896,1.28894,1,1
2014.09.09,00:09:32.612,1.28898,1.28896,1.5,1
2014.09.09,00:09:34.144,1.28898,1.28896,1.5,1
2014.09.09,00:09:34.777,1.28898,1.28897,1,1
2014.09.09,00:09:35.285,1.28898,1.28896,1,2.25
2014.09.09,00:09:35.791,1.28899,1.28897,1,1
2014.09.09,00:09:36.094,1.289,1.28899,2.25,1
2014.09.09,00:09:36.247,1.28903,1.289,3.75,8.25
2014.09.09,00:09:36.348,1.28905,1.28903,1,1
2014.09.09,00:09:36.399,1.28905,1.28903,1,3
2014.09.09,00:09:36.552,1.28907,1.28904,2.25,1.5
2014.09.09,00:09:36.653,1.28908,1.28907,1,1
2014.09.09,00:09:37.158,1.28909,1.28907,1.69,1
2014.09.09,00:09:38.774,1.28909,1.28906,1.5,1.5
2014.09.09,00:09:39.824,1.2891,1.28906,3.75,1
2014.09.09,00:09:41.180,1.28909,1.28906,1,1
2014.09.09,00:09:41.687,1.2891,1.28906,4.5,1
2014.09.09,00:09:47.023,1.28909,1.28906,1,3
2014.09.09,00:10:00.411,1.2891,1.28907,4.5,1
2014.09.09,00:10:00.924,1.2891,1.28908,5.25,1
2014.09.09,00:10:01.237,1.2891,1.28907,1,2.25
2014.09.09,00:10:01.389,1.28912,1.28911,1,1
2014.09.09,00:10:01.594,1.28914,1.28911,2.25,1
2014.09.09,00:10:02.103,1.28913,1.2891,1,1.12
2014.09.09,00:10:02.356,1.28911,1.28909,1.5,1
2014.09.09,00:10:02.508,1.28911,1.28907,2.25,2.25
2014.09.09,00:10:03.411,1.28908,1.28907,1,1.5
2014.09.09,00:10:03.715,1.28907,1.28904,13.69,1.12
2014.09.09,00:10:03.816,1.28904,1.28902,1,1.5
2014.09.09,00:10:04.322,1.28904,1.28901,1.5,1.5
2014.09.09,00:10:04.866,1.28904,1.28902,1,1
2014.09.09,00:10:12.636,1.28904,1.28902,1.5,1
2014.09.09,00:10:15.679,1.28905,1.28903,1.5,1
2014.09.09,00:10:15.832,1.28907,1.28903,2.44,1.5
2014.09.09,00:10:16.350,1.28907,1.28904,1,1
2014.09.09,00:10:19.669,1.28908,1.28904,1,1.5
2014.09.09,00:10:21.057,1.28908,1.28904,1,1.95
2014.09.09,00:10:21.570,1.28908,1.28904,1,1.5
2014.09.09,00:10:22.992,1.28908,1.28903,1,3.75
2014.09.09,00:10:23.502,1.28907,1.28903,1.5,5.25
2014.09.09,00:10:32.922,1.28906,1.28903,1.5,1.69
2014.09.09,00:10:33.514,1.28905,1.28902,1.5,1
2014.09.09,00:10:34.020,1.28904,1.28901,1,1
2014.09.09,00:10:35.601,1.28905,1.28903,6.56,1
2014.09.09,00:10:35.907,1.28909,1.28907,1,1
2014.09.09,00:10:36.009,1.28911,1.28908,3.75,1
2014.09.09,00:10:36.060,1.28911,1.28909,2.25,1
2014.09.09,00:10:36.163,1.28911,1.28908,1,3
2014.09.09,00:10:36.669,1.2891,1.28908,1,3
2014.09.09,00:10:36.925,1.28912,1.28908,1.5,2.25
2014.09.09,00:10:39.473,1.28914,1.28909,1.69,3
2014.09.09,00:10:39.575,1.28914,1.28911,1.25,1
2014.09.09,00:10:40.081,1.28914,1.28912,1,1
2014.09.09,00:10:41.206,1.28914,1.28913,1.12,1
2014.09.09,00:10:41.511,1.28916,1.28915,1,1
2014.09.09,00:10:41.967,1.28919,1.28916,6,1
2014.09.09,00:10:42.371,1.28921,1.28918,1.5,1
2014.09.09,00:10:42.574,1.2892,1.28918,1.3,1
2014.09.09,00:10:42.886,1.28921,1.28918,2.25,1.25
2014.09.09,00:10:43.392,1.28922,1.28919,3,1.5
2014.09.09,00:10:48.786,1.28922,1.2892,2.25,1
2014.09.09,00:10:48.837,1.28923,1.28922,1.5,1.5
2014.09.09,00:10:48.888,1.28924,1.28922,5.44,1.5
2014.09.09,00:10:50.329,1.28922,1.2892,1,2.81
2014.09.09,00:10:50.482,1.28922,1.28919,1,1.37
2014.09.09,00:10:50.684,1.2892,1.28918,1,1
2014.09.09,00:10:50.928,1.28919,1.28916,1.5,2.25
2014.09.09,00:10:51.436,1.28919,1.28917,1,1
2014.09.09,00:10:51.588,1.28919,1.28915,1.5,1.69
2014.09.09,00:10:53.196,1.28919,1.28917,1,1
2014.09.09,00:10:53.768,1.28919,1.28915,1,1
2014.09.09,00:10:55.514,1.28919,1.28916,2.25,1
2014.09.09,00:10:56.122,1.28919,1.28918,1,1
2014.09.09,00:10:56.377,1.28927,1.28924,1.5,1.25
2014.09.09,00:10:56.479,1.28925,1.28923,1,1
2014.09.09,00:10:56.985,1.28925,1.28923,5.62,1
2014.09.09,00:10:57.390,1.28924,1.2892,2.62,1
2014.09.09,00:10:57.491,1.28922,1.28919,1,2.25
2014.09.09,00:10:58.047,1.28922,1.2892,1.5,1
2014.09.09,00:10:58.350,1.28923,1.28921,2.44,1
2014.09.09,00:10:58.958,1.28923,1.28921,1.69,1
2014.09.09,00:11:03.203,1.28924,1.28921,7.5,1.5
2014.09.09,00:11:03.709,1.28924,1.28922,3.75,1
2014.09.09,00:11:04.530,1.28924,1.28921,4.5,1
2014.09.09,00:11:04.834,1.28922,1.2892,3,1
2014.09.09,00:11:04.936,1.28922,1.28919,3,1
2014.09.09,00:11:05.038,1.2892,1.28919,1,1
2014.09.09,00:11:05.747,1.28919,1.28916,1,6.19
2014.09.09,00:11:05.949,1.28918,1.28916,1,1.5
2014.09.09,00:11:09.949,1.28917,1.28915,1,3.19
2014.09.09,00:11:15.747,1.28919,1.28917,1.25,1
2014.09.09,00:11:23.723,1.28918,1.28917,1,1
2014.09.09,00:11:26.210,1.28919,1.28917,1.5,1
2014.09.09,00:11:27.171,1.28918,1.28916,1,1.5
2014.09.09,00:11:28.045,1.28918,1.28916,1,1.5
2014.09.09,00:11:30.451,1.28919,1.28918,1,1.5
2014.09.09,00:11:39.388,1.28922,1.28918,3.75,3
2014.09.09,00:11:49.983,1.28922,1.28919,3,1
2014.09.09,00:11:51.865,1.28922,1.2892,1.5,1
2014.09.09,00:11:55.766,1.28924,1.28922,1.5,1
2014.09.09,00:11:55.969,1.28929,1.28926,2.25,1
2014.09.09,00:11:56.474,1.28929,1.28925,1,3.75
2014.09.09,00:11:58.016,1.28929,1.28926,1.5,1
2014.09.09,00:12:00.008,1.28929,1.28925,2.25,3.37
2014.09.09,00:12:00.516,1.28929,1.28926,3,1
2014.09.09,00:12:01.030,1.28929,1.28925,3.75,3.37
2014.09.09,00:12:06.988,1.28928,1.28925,1,3
2014.09.09,00:12:07.090,1.28926,1.28924,1,1.5
2014.09.09,00:12:07.243,1.28927,1.28925,2.25,1
2014.09.09,00:12:07.749,1.28927,1.28924,1.87,1
2014.09.09,00:12:08.304,1.28927,1.28925,1.87,1
2014.09.09,00:12:08.810,1.28928,1.28926,1,1.5
2014.09.09,00:12:08.911,1.28929,1.28928,1,1
2014.09.09,00:12:09.416,1.2893,1.28928,6.75,1
2014.09.09,00:12:09.721,1.28929,1.28926,1,2.25
2014.09.09,00:12:11.794,1.28929,1.28928,1.5,1
2014.09.09,00:12:12.099,1.28932,1.2893,1.87,1
2014.09.09,00:12:12.251,1.28934,1.28931,3.94,2.25
2014.09.09,00:12:16.736,1.28933,1.28931,1,1
2014.09.09,00:12:17.242,1.28933,1.2893,1.5,1
2014.09.09,00:12:18.452,1.28933,1.28931,1,1
2014.09.09,00:12:21.268,1.28934,1.28931,4.5,1
2014.09.09,00:12:21.979,1.28934,1.2893,5.62,1
2014.09.09,00:12:23.109,1.28934,1.28929,7.5,1.5
2014.09.09,00:12:23.615,1.28933,1.28929,1,1
2014.09.09,00:12:23.938,1.28933,1.28931,1,1
2014.09.09,00:12:24.241,1.28934,1.28933,1,1
2014.09.09,00:12:24.859,1.28935,1.28932,6,1
2014.09.09,00:12:25.516,1.28935,1.28931,1.5,2.25
2014.09.09,00:12:26.022,1.28935,1.28932,3.37,1
2014.09.09,00:12:26.527,1.28935,1.28933,4.87,1
2014.09.09,00:12:28.545,1.28934,1.28932,1.87,1
2014.09.09,00:12:28.647,1.28933,1.2893,1,2.44
2014.09.09,00:12:29.155,1.28932,1.2893,1,1.5
2014.09.09,00:12:29.206,1.28934,1.2893,6.56,1.5
2014.09.09,00:12:29.898,1.28933,1.2893,1,1.12
2014.09.09,00:12:30.464,1.28933,1.28929,4.5,1.5
2014.09.09,00:12:30.970,1.28932,1.2893,1.5,1
2014.09.09,00:12:31.475,1.28932,1.28931,1,1
2014.09.09,00:12:31.527,1.28933,1.28929,4.31,2.25
2014.09.09,00:12:33.143,1.28932,1.28929,1,3
2014.09.09,00:12:33.648,1.28933,1.28929,3.94,3
2014.09.09,00:12:41.287,1.28931,1.28929,1,1
2014.09.09,00:12:41.995,1.28932,1.28929,3.19,1
2014.09.09,00:12:42.602,1.28933,1.28929,2.25,1
2014.09.09,00:12:43.107,1.28932,1.28929,1,1.5
2014.09.09,00:12:44.202,1.28932,1.2893,1,1
2014.09.09,00:12:45.228,1.28932,1.28929,1,1.5
2014.09.09,00:12:59.246,1.28932,1.2893,1,1
2014.09.09,00:12:59.298,1.28934,1.2893,4.12,3
2014.09.09,00:13:04.647,1.28933,1.2893,1,2.62
2014.09.09,00:13:05.164,1.28933,1.28929,4.5,1
2014.09.09,00:13:06.496,1.28932,1.28929,1,1
2014.09.09,00:13:09.130,1.28932,1.2893,1,1
2014.09.09,00:13:09.635,1.28933,1.2893,1,2.25
2014.09.09,00:13:13.963,1.28932,1.2893,1,1
2014.09.09,00:13:23.448,1.28933,1.2893,2.25,1
2014.09.09,00:13:23.702,1.28932,1.28927,4.5,1.5
2014.09.09,00:13:24.227,1.28932,1.28928,3.75,1
2014.09.09,00:13:24.884,1.28932,1.28929,2.25,1
2014.09.09,00:13:25.895,1.28932,1.28929,1,2.62
2014.09.09,00:13:26.616,1.28932,1.28929,1,2.62
2014.09.09,00:13:27.445,1.28932,1.28929,1,3.37
2014.09.09,00:13:28.017,1.28932,1.28929,1,3.37
2014.09.09,00:13:30.760,1.28932,1.28929,1,2.62
2014.09.09,00:13:31.274,1.28932,1.28929,1,2.62
2014.09.09,00:13:31.953,1.28932,1.2893,1,1
2014.09.09,00:13:36.079,1.28932,1.28929,1,4.12
2014.09.09,00:13:36.738,1.28932,1.28929,1,3.37
2014.09.09,00:13:37.251,1.28932,1.28929,1,2.62
2014.09.09,00:13:38.485,1.28932,1.28929,1,2.62
2014.09.09,00:13:39.003,1.28932,1.28929,1,2.62
2014.09.09,00:13:39.507,1.28932,1.28929,1,3.37
2014.09.09,00:13:40.013,1.28932,1.28929,1,4.12
2014.09.09,00:13:40.878,1.28932,1.28929,1,3.37
2014.09.09,00:13:41.447,1.28933,1.28929,2.25,3.75
2014.09.09,00:13:42.577,1.28933,1.28929,2.25,4.87
2014.09.09,00:13:43.112,1.28933,1.28929,2.25,3.37
2014.09.09,00:13:44.808,1.28933,1.28931,1.5,1
2014.09.09,00:13:45.314,1.28935,1.28932,11.44,1
2014.09.09,00:13:47.130,1.28934,1.28931,1.87,1.5
2014.09.09,00:13:52.309,1.28934,1.2893,2.44,2.25
2014.09.09,00:14:00.463,1.28933,1.2893,1,1.69
2014.09.09,00:14:02.012,1.28934,1.2893,4.12,2.44
2014.09.09,00:14:05.271,1.28934,1.28931,5.62,1
2014.09.09,00:14:06.079,1.28933,1.28931,1,1
2014.09.09,00:14:06.585,1.28934,1.28931,1,1
2014.09.09,00:14:07.262,1.28933,1.28931,1,1
2014.09.09,00:14:07.794,1.28933,1.2893,1,2.44
2014.09.09,00:14:08.329,1.28934,1.2893,3,2.06
2014.09.09,00:14:14.972,1.28933,1.2893,1,4.31
2014.09.09,00:14:27.231,1.28934,1.2893,5.06,1.12
2014.09.09,00:14:27.736,1.28933,1.2893,1,2.25
2014.09.09,00:14:31.497,1.28934,1.2893,3.75,3
2014.09.09,00:14:34.260,1.28934,1.28929,3.75,2.62
2014.09.09,00:14:35.486,1.28934,1.28929,3.75,2.62
2014.09.09,00:14:36.764,1.28934,1.28929,3.75,2.62
2014.09.09,00:14:37.724,1.28934,1.28929,3.75,2.62
2014.09.09,00:14:38.285,1.28934,1.28929,6,4.12
2014.09.09,00:14:38.799,1.28934,1.28929,3.75,2.62
2014.09.09,00:14:39.377,1.28934,1.28929,3.75,2.62
2014.09.09,00:14:39.680,1.28934,1.28931,4.12,1
2014.09.09,00:14:41.923,1.28934,1.28929,2.44,4.31
2014.09.09,00:14:42.461,1.28934,1.28929,3,2.62
2014.09.09,00:14:44.667,1.28934,1.28929,3,2.62
2014.09.09,00:14:45.170,1.28933,1.28929,1,2.62
2014.09.09,00:14:46.398,1.28933,1.2893,1,1.5
2014.09.09,00:14:46.702,1.28938,1.28935,4.5,1
2014.09.09,00:14:47.208,1.28939,1.28937,2.25,1
2014.09.09,00:14:51.593,1.28939,1.28938,1.5,1
2014.09.09,00:14:51.897,1.28942,1.28939,3.75,1
2014.09.09,00:14:54.176,1.2894,1.28939,1,1
2014.09.09,00:14:55.654,1.28941,1.28939,2.25,1
2014.09.09,00:14:56.976,1.2894,1.28938,1,1
2014.09.09,00:14:58.845,1.2894,1.28939,1.5,1
2014.09.09,00:15:01.497,1.2894,1.28937,2.25,1.5
2014.09.09,00:15:01.599,1.28941,1.28939,4.12,1
2014.09.09,00:15:02.259,1.2894,1.28938,2.25,1
2014.09.09,00:15:02.360,1.28941,1.28939,2.62,1
2014.09.09,00:15:02.967,1.28941,1.28939,3.37,1
2014.09.09,00:15:03.239,1.2894,1.28937,1,4.5
2014.09.09,00:15:03.391,1.2894,1.28937,1,1.5
2014.09.09,00:15:03.492,1.28941,1.28939,3.37,1
2014.09.09,00:15:04.249,1.28941,1.28938,5.62,2.25
2014.09.09,00:15:04.553,1.28941,1.28939,2.62,1
2014.09.09,00:15:07.146,1.2894,1.28938,1,1
2014.09.09,00:15:13.508,1.28939,1.28938,1.5,1
2014.09.09,00:15:14.907,1.2894,1.28938,1,1
2014.09.09,00:15:47.263,1.2894,1.28939,1,1.5
2014.09.09,00:15:47.415,1.28944,1.2894,9.37,1.5
2014.09.09,00:15:50.641,1.28943,1.2894,1,1.5
2014.09.09,00:15:50.793,1.28941,1.2894,1,1
2014.09.09,00:15:51.515,1.28941,1.28939,1,1.5
2014.09.09,00:16:10.060,1.28942,1.28939,3,1
2014.09.09,00:16:10.566,1.28942,1.2894,3,1
2014.09.09,00:16:11.787,1.28943,1.28941,1.5,1
2014.09.09,00:16:12.092,1.28945,1.28943,8.25,2.5
2014.09.09,00:16:12.599,1.28946,1.28944,1,6
2014.09.09,00:16:13.105,1.28946,1.28945,1,1
2014.09.09,00:16:13.534,1.28949,1.28945,5.25,3.75
2014.09.09,00:16:14.196,1.28949,1.28947,3.37,1
2014.09.09,00:16:14.804,1.2895,1.28947,1.5,2.25
2014.09.09,00:16:15.108,1.28952,1.2895,3.75,1
2014.09.09,00:16:15.979,1.28952,1.28948,1.12,2.25
2014.09.09,00:16:16.181,1.28953,1.28948,5.4,1.5
2014.09.09,00:16:16.689,1.28953,1.28949,6.15,1
2014.09.09,00:16:16.897,1.28953,1.28949,5.62,1
2014.09.09,00:16:17.650,1.28952,1.28948,2.25,1.69
2014.09.09,00:16:18.176,1.28951,1.28948,1,1.5
2014.09.09,00:16:18.948,1.2895,1.28947,1.5,3.19
2014.09.09,00:16:19.151,1.28948,1.28946,1,1.5
2014.09.09,00:16:19.668,1.28949,1.28945,1,3
2014.09.09,00:16:24.423,1.28947,1.28944,1,6.75
2014.09.09,00:16:24.626,1.28943,1.28942,1.5,1
2014.09.09,00:16:24.727,1.28942,1.2894,1.5,1.5
2014.09.09,00:16:25.233,1.28941,1.28939,2.25,1
2014.09.09,00:16:26.852,1.28942,1.28939,5.62,1
2014.09.09,00:16:26.903,1.2894,1.28939,1,1
2014.09.09,00:16:27.215,1.28942,1.28939,5.62,1
2014.09.09,00:16:27.316,1.2894,1.28939,1,1
2014.09.09,00:16:29.879,1.28941,1.28939,1.5,1
2014.09.09,00:16:38.295,1.28941,1.2894,1,1.5
2014.09.09,00:16:38.548,1.28945,1.28943,1,1.5
2014.09.09,00:16:38.649,1.28947,1.28943,2.47,1.5
2014.09.09,00:16:38.852,1.28945,1.28943,1,1
2014.09.09,00:16:38.953,1.28944,1.28941,1,1.25
2014.09.09,00:16:39.155,1.28943,1.28939,1,7.12
2014.09.09,00:16:39.257,1.28943,1.28941,1.5,1
2014.09.09,00:16:39.665,1.28943,1.28939,1.5,5.25
2014.09.09,00:16:40.173,1.28944,1.2894,1,1
2014.09.09,00:16:42.070,1.28944,1.28941,1,1
2014.09.09,00:16:42.171,1.28946,1.28943,3.19,1.5
2014.09.09,00:16:46.693,1.28945,1.28943,1,2.25
2014.09.09,00:16:46.997,1.28943,1.28941,1.5,1
2014.09.09,00:16:47.503,1.28944,1.28943,1.5,1
2014.09.09,00:16:47.891,1.28948,1.28944,1.5,2.25
2014.09.09,00:16:48.195,1.28949,1.28947,1.5,1
2014.09.09,00:16:48.550,1.28951,1.28948,1.5,1
2014.09.09,00:16:49.105,1.28952,1.28948,4.5,1
2014.09.09,00:16:49.611,1.28951,1.28948,1.5,1
2014.09.09,00:16:51.249,1.28952,1.28948,3.75,2.25
2014.09.09,00:16:51.755,1.28951,1.28948,1,1
2014.09.09,00:16:56.139,1.28951,1.28949,1,1
2014.09.09,00:16:59.816,1.28951,1.28948,1,1
2014.09.09,00:17:00.992,1.28951,1.28947,1,3.75
2014.09.09,00:17:01.821,1.2895,1.28947,1,1
2014.09.09,00:17:02.732,1.2895,1.28946,2.25,3.94
2014.09.09,00:17:05.602,1.2895,1.28947,1.5,1.5
2014.09.09,00:17:06.617,1.28949,1.28947,1,1
2014.09.09,00:17:06.668,1.28948,1.28945,1,2.44
2014.09.09,00:17:06.820,1.28947,1.28943,1.5,1.5
2014.09.09,00:17:06.871,1.28945,1.28943,1,1.5
2014.09.09,00:17:07.390,1.28944,1.28942,1.5,1
2014.09.09,00:17:07.928,1.28945,1.28943,1.87,1
2014.09.09,00:17:08.232,1.28946,1.28944,5.81,1
2014.09.09,00:17:09.023,1.28945,1.28944,1,1
2014.09.09,00:17:09.529,1.28946,1.28944,5.81,1
2014.09.09,00:17:10.036,1.28945,1.28944,1,1
2014.09.09,00:17:10.292,1.28946,1.28941,5.81,2.44
2014.09.09,00:17:10.802,1.28945,1.28942,1,1
2014.09.09,00:17:11.308,1.28944,1.28943,1.5,1
2014.09.09,00:17:11.511,1.28944,1.2894,1.5,4.69
2014.09.09,00:17:12.067,1.28944,1.28942,1,1
2014.09.09,00:17:12.421,1.28943,1.28939,2.25,5.62
2014.09.09,00:17:22.598,1.28943,1.2894,1.5,1
2014.09.09,00:17:22.751,1.28944,1.28942,1.5,1
2014.09.09,00:17:23.256,1.28945,1.28942,2.62,2.25
2014.09.09,00:17:23.761,1.28944,1.28942,1.5,1
2014.09.09,00:17:24.468,1.28945,1.28942,3,1
2014.09.09,00:17:25.736,1.28944,1.28942,1,1
2014.09.09,00:17:26.248,1.28945,1.28942,1,1
2014.09.09,00:17:28.810,1.28945,1.28942,1.37,1
2014.09.09,00:17:34.769,1.28946,1.28942,4.12,1.5
2014.09.09,00:17:35.022,1.28947,1.28942,2.25,3.75
2014.09.09,00:17:35.529,1.28947,1.28943,1,1
2014.09.09,00:17:35.933,1.28948,1.28945,1.25,1
2014.09.09,00:17:36.491,1.28949,1.28945,1,3.75
2014.09.09,00:17:37.466,1.28949,1.28945,1.5,3.56
2014.09.09,00:17:40.503,1.28949,1.28945,1.5,2.25
2014.09.09,00:17:42.686,1.28949,1.28946,1,1
2014.09.09,00:17:44.494,1.28948,1.28946,1.25,1
2014.09.09,00:17:44.899,1.28948,1.28944,3.94,1.5
2014.09.09,00:17:45.419,1.28947,1.28943,1.5,1
2014.09.09,00:17:46.715,1.28947,1.28944,1.25,1.5
2014.09.09,00:17:47.726,1.28948,1.28944,1.25,3.75
2014.09.09,00:17:49.040,1.28948,1.28945,1.25,1
2014.09.09,00:17:49.596,1.28949,1.28947,1.5,1
2014.09.09,00:17:49.799,1.28951,1.28948,3.6,1.5
2014.09.09,00:17:50.354,1.28951,1.28947,2.25,1
2014.09.09,00:17:50.860,1.28951,1.28946,7.31,2.25
2014.09.09,00:17:51.448,1.28951,1.28946,8.06,3.75
2014.09.09,00:17:51.747,1.28952,1.28948,4.31,1
2014.09.09,00:17:52.275,1.28952,1.28948,4.31,1
2014.09.09,00:17:52.816,1.28951,1.28948,1.25,1
2014.09.09,00:17:57.622,1.28951,1.28948,1.19,1
2014.09.09,00:17:59.147,1.28952,1.28948,3,1.5
2014.09.09,00:18:11.711,1.28951,1.28948,1,1
2014.09.09,00:18:12.697,1.28952,1.28948,2.44,1
2014.09.09,00:18:14.796,1.28952,1.28948,2.44,1
2014.09.09,00:18:15.778,1.28951,1.28948,2.44,1
2014.09.09,00:18:16.797,1.28952,1.28948,2.44,1
2014.09.09,00:18:21.276,1.28951,1.28947,1.69,1.5
2014.09.09,00:18:21.782,1.2895,1.28946,1.87,3.75
2014.09.09,00:18:25.466,1.2895,1.28947,1.12,1
2014.09.09,00:18:25.770,1.28952,1.28949,1.25,1.13
2014.09.09,00:18:27.356,1.28953,1.28948,4.69,4.88
2014.09.09,00:18:27.867,1.28953,1.28948,2.44,6.38
2014.09.09,00:18:29.202,1.28953,1.28949,2.44,1
2014.09.09,00:18:31.112,1.28953,1.28948,1.69,6.38
2014.09.09,00:18:31.617,1.28953,1.28949,1.69,1.13
2014.09.09,00:18:33.645,1.28952,1.28949,1,1.13
2014.09.09,00:18:37.322,1.28952,1.28948,1,3.38
2014.09.09,00:18:40.782,1.28952,1.28949,1.25,1.88
2014.09.09,00:18:41.799,1.28952,1.28948,1.25,7.88
2014.09.09,00:18:43.379,1.28952,1.28949,2.44,1.13
2014.09.09,00:18:43.683,1.28953,1.28951,1,2.55
2014.09.09,00:18:44.088,1.28955,1.28952,4.5,1
2014.09.09,00:18:44.343,1.28954,1.2895,1,2.44
2014.09.09,00:18:45.103,1.28954,1.28951,1,1
2014.09.09,00:18:46.398,1.28953,1.28951,1,1.5
2014.09.09,00:18:46.500,1.28955,1.28952,3,1.5
2014.09.09,00:18:46.652,1.28957,1.28953,2.25,2.25
2014.09.09,00:18:52.806,1.28957,1.28954,1,1
2014.09.09,00:18:53.312,1.28958,1.28955,1.5,2.62
2014.09.09,00:18:54.096,1.28958,1.28956,3.75,1
2014.09.09,00:18:54.687,1.28958,1.28955,3.75,1.5
2014.09.09,00:18:55.192,1.28958,1.28956,3.75,1
2014.09.09,00:18:55.496,1.28957,1.28954,1,2.44
2014.09.09,00:18:55.851,1.28955,1.28953,1.87,1.5
2014.09.09,00:18:56.105,1.28956,1.28953,2.25,1
2014.09.09,00:18:56.612,1.28958,1.28954,6.94,1
2014.09.09,00:18:56.713,1.28958,1.28952,6.19,5.44
2014.09.09,00:18:57.269,1.28958,1.28952,5.25,5.44
2014.09.09,00:18:58.368,1.28956,1.28952,1,5.25
2014.09.09,00:18:58.672,1.28957,1.28954,1,1
2014.09.09,00:19:01.413,1.28956,1.28954,1,1
2014.09.09,00:19:01.914,1.28957,1.28954,1,1
2014.09.09,00:19:02.323,1.28957,1.28952,1.5,3.75
2014.09.09,00:19:03.094,1.28957,1.28953,1.5,1
2014.09.09,00:19:03.609,1.28957,1.28952,1.5,3.75
2014.09.09,00:19:03.966,1.28954,1.28952,1,1.5
2014.09.09,00:19:04.270,1.28951,1.28949,1.12,1.5
2014.09.09,00:19:04.321,1.2895,1.28947,1,1.5
2014.09.09,00:19:04.524,1.28948,1.28947,1,1.5
2014.09.09,00:19:04.625,1.28948,1.28945,2.25,1
2014.09.09,00:19:05.134,1.28947,1.28945,1,1
2014.09.09,00:19:09.361,1.28947,1.28944,1,2.81
2014.09.09,00:19:09.867,1.28947,1.28944,1,1.87
2014.09.09,00:19:10.070,1.28947,1.28943,2.25,1.69
2014.09.09,00:19:10.172,1.28947,1.28945,2.25,1
2014.09.09,00:19:11.138,1.28947,1.28943,2.25,2.44
2014.09.09,00:19:17.293,1.28945,1.28943,1,1.69
2014.09.09,00:19:17.496,1.28945,1.28941,1.87,6
2014.09.09,00:19:18.002,1.28945,1.28941,1.12,4.31
2014.09.09,00:19:18.611,1.28945,1.28941,2.62,2.81
2014.09.09,00:19:19.632,1.28946,1.28942,7.99,1.5
2014.09.09,00:19:20.137,1.28946,1.28942,5.06,1.5
2014.09.09,00:19:20.646,1.28946,1.28942,4.87,1.5
2014.09.09,00:19:21.175,1.28945,1.28942,1.5,2.06
2014.09.09,00:19:22.136,1.28945,1.28941,5.25,4.87
2014.09.09,00:19:22.692,1.28945,1.28942,7.12,1
2014.09.09,00:19:23.229,1.28945,1.28941,1.12,3.37
2014.09.09,00:19:23.737,1.28945,1.28942,1.87,1.5
2014.09.09,00:19:23.990,1.28946,1.28944,1,1
2014.09.09,00:19:24.193,1.28947,1.28942,4.5,5.62
2014.09.09,00:19:27.780,1.28946,1.28942,1,3.94
2014.09.09,00:19:28.514,1.28947,1.28942,2.25,3.94
2014.09.09,00:19:29.824,1.28946,1.28942,1,2.25
2014.09.09,00:19:32.014,1.28944,1.28942,1,1.69
2014.09.09,00:19:32.116,1.28944,1.2894,1,11.25
2014.09.09,00:19:32.269,1.28942,1.28939,2.25,1.5
2014.09.09,00:19:32.572,1.2894,1.28936,4.5,2.44
2014.09.09,00:19:32.724,1.28938,1.28935,1,3.94
2014.09.09,00:19:33.251,1.28938,1.28935,1,1.69
2014.09.09,00:19:33.761,1.28938,1.28934,1,7.69
2014.09.09,00:19:34.375,1.28938,1.28935,1,1.12
2014.09.09,00:19:34.884,1.28937,1.28934,1,2.25
2014.09.09,00:19:37.902,1.28937,1.28935,1,1.5
2014.09.09,00:19:38.004,1.28939,1.28936,1,1
2014.09.09,00:19:38.257,1.28941,1.28936,1.69,6
2014.09.09,00:19:38.409,1.28942,1.28938,3.94,1
2014.09.09,00:19:38.713,1.2894,1.28936,6.37,1.5
2014.09.09,00:19:50.430,1.28939,1.28936,1,1
2014.09.09,00:19:53.078,1.28937,1.28936,1,1
2014.09.09,00:19:53.597,1.28937,1.28935,1,1
2014.09.09,00:19:54.767,1.28937,1.28933,1,2.25
2014.09.09,00:19:56.511,1.28935,1.28933,1,1.5
2014.09.09,00:19:56.613,1.28935,1.28931,6.75,6.75
2014.09.09,00:19:56.714,1.28932,1.2893,1,1.5
2014.09.09,00:19:56.866,1.28933,1.2893,7.69,1
2014.09.09,00:19:56.918,1.28931,1.28927,1.5,5.44
2014.09.09,00:19:57.439,1.28932,1.28928,1.5,3.19
2014.09.09,00:19:58.098,1.28931,1.28927,1.12,3
2014.09.09,00:19:58.452,1.2893,1.28925,6.19,4.31
2014.09.09,00:20:00.276,1.28929,1.28925,1,3
2014.09.09,00:20:00.781,1.28928,1.28925,1,3
2014.09.09,00:20:01.794,1.28928,1.28926,3,1
2014.09.09,00:20:11.204,1.28927,1.28926,1,1
2014.09.09,00:20:11.306,1.28926,1.28924,1.5,1
2014.09.09,00:20:11.458,1.28927,1.28922,3.75,1
2014.09.09,00:20:11.963,1.28928,1.28924,3,1
2014.09.09,00:20:12.468,1.28928,1.28925,3,1
2014.09.09,00:20:12.974,1.28928,1.28926,1,1
2014.09.09,00:20:15.931,1.28927,1.28926,1,1
2014.09.09,00:20:16.337,1.28929,1.28925,3,2.25
2014.09.09,00:20:16.590,1.28926,1.28925,1,1.5
2014.09.09,00:20:16.641,1.28926,1.28924,1,1
2014.09.09,00:20:16.752,1.28925,1.28922,3.75,1
2014.09.09,00:20:17.259,1.28923,1.28921,1,1
2014.09.09,00:20:17.462,1.28922,1.28919,1.5,1
2014.09.09,00:20:17.665,1.28921,1.28917,1.5,3.19
2014.09.09,00:20:18.788,1.28921,1.28918,1,1
2014.09.09,00:20:20.161,1.2892,1.28918,1,1.5
2014.09.09,00:20:20.668,1.28921,1.28918,1,1.5
2014.09.09,00:20:23.773,1.28921,1.28917,3.75,1
2014.09.09,00:20:26.203,1.28921,1.28919,1,2.14
2014.09.09,00:20:26.829,1.28922,1.28919,2.25,2.25
2014.09.09,00:20:27.335,1.28922,1.28918,2.25,1
2014.09.09,00:20:29.064,1.28922,1.28919,2.25,1
2014.09.09,00:20:29.599,1.28922,1.28918,2.25,2.25
2014.09.09,00:20:30.358,1.28922,1.28919,2.44,1
2014.09.09,00:20:30.875,1.28922,1.28918,1.69,1.5
2014.09.09,00:20:35.307,1.28921,1.28918,1,1.5
2014.09.09,00:21:00.063,1.28921,1.28917,3,2.44
2014.09.09,00:21:00.941,1.2892,1.28916,1,2.44
2014.09.09,00:21:01.244,1.28918,1.28916,1.5,1
2014.09.09,00:21:01.346,1.28918,1.28914,1.5,1.5
2014.09.09,00:21:02.691,1.28919,1.28915,1,1
2014.09.09,00:21:03.211,1.2892,1.28915,3,2.25
2014.09.09,00:21:03.720,1.2892,1.28917,3,1
2014.09.09,00:21:04.225,1.2892,1.28916,3,1
2014.09.09,00:21:04.772,1.2892,1.28915,2.25,1.5
2014.09.09,00:21:05.286,1.2892,1.28916,3,1
2014.09.09,00:21:08.993,1.28919,1.28916,1,1
2014.09.09,00:21:09.501,1.2892,1.28916,3,1
2014.09.09,00:21:10.023,1.28919,1.28916,1,1
2014.09.09,00:21:13.659,1.28918,1.28916,1,1
2014.09.09,00:21:13.812,1.28916,1.28913,1,3.75
2014.09.09,00:21:43.628,1.28917,1.28915,1.5,1
2014.09.09,00:21:43.881,1.28916,1.28914,1,1
2014.09.09,00:21:46.043,1.28916,1.28913,1,6.19
2014.09.09,00:21:46.775,1.28916,1.28913,1,5.44
2014.09.09,00:21:47.773,1.28916,1.28913,1,4.5
2014.09.09,00:21:49.949,1.28916,1.28914,1,1
2014.09.09,00:21:50.456,1.28916,1.28913,1,2.25
2014.09.09,00:21:52.539,1.28916,1.28914,1,1
2014.09.09,00:21:54.322,1.28916,1.28915,1,1
2014.09.09,00:21:54.373,1.28918,1.28915,3,1
2014.09.09,00:21:57.747,1.28918,1.28914,3.75,1
2014.09.09,00:21:58.649,1.28918,1.28915,3.75,1
2014.09.09,00:22:00.760,1.28917,1.28915,1,1
2014.09.09,00:22:06.368,1.28917,1.28914,1,1.5
2014.09.09,00:22:07.363,1.28918,1.28914,1.5,1
2014.09.09,00:22:07.414,1.28918,1.28916,1,1
2014.09.09,00:22:11.715,1.28918,1.28915,1.5,1.16
2014.09.09,00:22:20.258,1.28918,1.28914,2.25,3.75
2014.09.09,00:22:20.882,1.28918,1.28914,3,2.66
2014.09.09,00:22:21.185,1.28915,1.28913,3,1.5
2014.09.09,00:22:21.337,1.28913,1.2891,2.25,3
2014.09.09,00:22:26.929,1.28913,1.28911,2.25,1
2014.09.09,00:22:28.004,1.28914,1.28912,7.87,1
2014.09.09,00:22:28.529,1.28913,1.28912,1,1
2014.09.09,00:22:30.412,1.28913,1.28911,1,1
2014.09.09,00:22:36.938,1.28913,1.28911,1.25,1
2014.09.09,00:22:37.141,1.28913,1.2891,1.25,3
2014.09.09,00:22:37.654,1.28913,1.28911,1.25,1.5
2014.09.09,00:22:38.415,1.28913,1.2891,1,3
2014.09.09,00:22:40.756,1.28913,1.28911,1,1.5
2014.09.09,00:22:43.259,1.28913,1.2891,1,3.75
2014.09.09,00:22:44.715,1.28913,1.28911,1.25,1
2014.09.09,00:22:49.565,1.28913,1.28912,1.5,1
2014.09.09,00:22:50.644,1.28913,1.2891,1.5,2.25
2014.09.09,00:22:51.153,1.28913,1.28911,1.5,1.5
2014.09.09,00:22:51.756,1.28913,1.28911,1.5,1
2014.09.09,00:22:52.062,1.28913,1.2891,1.5,2.25
2014.09.09,00:22:54.018,1.28913,1.28909,1.5,3
2014.09.09,00:22:54.524,1.28913,1.2891,1.25,1.12
2014.09.09,00:23:01.661,1.28914,1.28912,1.5,1
2014.09.09,00:23:01.863,1.28917,1.28913,3.13,5.25
2014.09.09,00:23:01.914,1.28917,1.28914,2.38,3
2014.09.09,00:23:02.420,1.28919,1.28915,4.52,1.5
2014.09.09,00:23:02.824,1.28918,1.28915,1.25,1
2014.09.09,00:23:03.790,1.28917,1.28915,1,1
2014.09.09,00:23:03.892,1.28915,1.28913,1,1.5
2014.09.09,00:23:04.399,1.28915,1.28912,5.62,1
2014.09.09,00:23:04.501,1.28914,1.2891,1.5,1
2014.09.09,00:23:05.118,1.28914,1.28909,3.75,5.06
2014.09.09,00:23:05.896,1.28914,1.28909,1,4.12
2014.09.09,00:23:06.430,1.28914,1.28909,3.75,4.87
2014.09.09,00:23:07.165,1.28914,1.28909,1,4.12
2014.09.09,00:23:07.681,1.28914,1.28909,4.69,5.06
2014.09.09,00:23:08.435,1.28914,1.28909,1.25,5.06
2014.09.09,00:23:08.951,1.28914,1.28909,1,4.87
2014.09.09,00:23:09.477,1.28915,1.28909,16.31,4.87
2014.09.09,00:23:10.016,1.28915,1.28909,11.44,4.87
2014.09.09,00:23:10.529,1.28914,1.28909,3.75,5.62
2014.09.09,00:23:11.076,1.28915,1.28909,11.44,4.87
2014.09.09,00:23:11.597,1.28915,1.28909,12.19,5.06
2014.09.09,00:23:12.054,1.28915,1.28911,8.81,1
2014.09.09,00:23:12.357,1.28916,1.28913,1.5,1.5
2014.09.09,00:23:16.448,1.28916,1.28914,1.5,1
2014.09.09,00:23:29.680,1.28917,1.28914,1,3
2014.09.09,00:23:30.218,1.28916,1.28914,1,4.5
2014.09.09,00:23:31.098,1.28917,1.28915,1,1
2014.09.09,00:23:31.603,1.28918,1.28915,1,1
2014.09.09,00:23:42.133,1.28918,1.28914,2.25,4.5
2014.09.09,00:23:43.754,1.28918,1.28914,2.25,5.81
2014.09.09,00:23:44.419,1.28918,1.28914,2.25,8.06
2014.09.09,00:23:44.927,1.28918,1.28914,2.25,5.81
2014.09.09,00:23:45.480,1.28918,1.28914,2.25,6.94
2014.09.09,00:23:49.687,1.28918,1.28914,2.25,3.37
2014.09.09,00:23:50.194,1.28918,1.28914,2.25,3
2014.09.09,00:23:51.765,1.28918,1.28916,1.5,1
2014.09.09,00:24:05.739,1.28919,1.28916,2.25,1
2014.09.09,00:24:31.046,1.2892,1.28916,2.44,3
2014.09.09,00:24:31.805,1.2892,1.28917,3.56,1
2014.09.09,00:24:32.108,1.2892,1.28919,1.87,1
2014.09.09,00:24:32.369,1.28927,1.28924,1.5,2.25
2014.09.09,00:24:32.927,1.28926,1.28924,1,3
2014.09.09,00:24:33.383,1.28928,1.28924,3.75,3
2014.09.09,00:24:33.845,1.28926,1.28924,1,3
2014.09.09,00:24:37.722,1.28924,1.28923,1.5,3
2014.09.09,00:24:37.823,1.28926,1.28924,1,1
2014.09.09,00:24:38.329,1.28927,1.28924,2.25,1
2014.09.09,00:24:38.834,1.28927,1.28923,4.5,1
2014.09.09,00:24:43.069,1.28926,1.28923,1,1
2014.09.09,00:24:43.772,1.28925,1.28923,1,1
2014.09.09,00:24:43.975,1.28923,1.28921,1.5,1
2014.09.09,00:24:44.481,1.28923,1.2892,1,1
2014.09.09,00:24:46.580,1.28922,1.2892,1,1
2014.09.09,00:24:47.097,1.28923,1.2892,1.69,1
2014.09.09,00:25:17.446,1.28924,1.28922,3.94,1
2014.09.09,00:25:17.750,1.28926,1.28924,1.25,1
2014.09.09,00:25:18.053,1.28928,1.28924,4.69,1.5
2014.09.09,00:25:18.611,1.28927,1.28924,1,1
2014.09.09,00:25:21.262,1.28928,1.28924,3.19,1
2014.09.09,00:25:22.076,1.28928,1.28924,2.25,5.66
2014.09.09,00:25:22.588,1.28928,1.28924,1.5,4.16
2014.09.09,00:25:23.604,1.28928,1.28924,3,4.16
2014.09.09,00:25:24.110,1.28928,1.28924,1,5.66
2014.09.09,00:25:24.615,1.28927,1.28924,1,4.16
2014.09.09,00:25:26.396,1.28926,1.28924,1,3
2014.09.09,00:25:26.549,1.28925,1.28922,1,2.25
2014.09.09,00:25:27.055,1.28924,1.28922,3.75,1
2014.09.09,00:25:27.561,1.28924,1.28921,3,1
2014.09.09,00:25:28.066,1.28924,1.28921,1.69,1.5
2014.09.09,00:25:28.926,1.28924,1.28922,3.94,1
2014.09.09,00:25:29.591,1.28925,1.28922,3.75,1
2014.09.09,00:25:29.794,1.28926,1.28924,2.25,1
2014.09.09,00:25:29.895,1.28928,1.28925,3.75,1
2014.09.09,00:25:30.149,1.28926,1.28925,2.25,1
2014.09.09,00:25:30.655,1.28926,1.28924,2.25,3
2014.09.09,00:25:31.187,1.28925,1.28924,2.25,1.5
2014.09.09,00:25:39.045,1.28926,1.28924,3.75,2.25
2014.09.09,00:25:39.873,1.28926,1.28924,1,2.66
2014.09.09,00:25:40.379,1.28926,1.28924,1,2.25
2014.09.09,00:25:42.860,1.28926,1.28925,1.5,1
2014.09.09,00:25:43.013,1.28928,1.28925,1.5,1.5
2014.09.09,00:25:43.115,1.28926,1.28924,1,5.25
2014.09.09,00:25:43.621,1.28925,1.28923,1,4.5
2014.09.09,00:25:44.126,1.28925,1.28924,1,1.5
2014.09.09,00:25:56.902,1.28925,1.28923,1,3.75
2014.09.09,00:25:57.878,1.28926,1.28924,1.5,1.5
2014.09.09,00:25:58.182,1.28928,1.28925,5.44,1
2014.09.09,00:25:58.485,1.28927,1.28923,3.75,4.5
2014.09.09,00:25:58.637,1.28927,1.28925,2.25,1
2014.09.09,00:25:59.143,1.28927,1.28924,1.5,1.5
2014.09.09,00:25:59.497,1.28926,1.28924,1,2.25
2014.09.09,00:26:01.074,1.28927,1.28924,1,2.25
2014.09.09,00:26:01.596,1.28928,1.28925,1.25,1
2014.09.09,00:26:01.849,1.28926,1.28924,1,3.75
2014.09.09,00:26:04.818,1.28925,1.28923,1,3.94
2014.09.09,00:26:05.577,1.28925,1.28924,3,1.5
2014.09.09,00:26:05.678,1.28924,1.28921,2.25,3.75
2014.09.09,00:26:06.689,1.28923,1.28921,1,2.25
2014.09.09,00:26:07.194,1.28924,1.28921,2.25,2.25
2014.09.09,00:26:08.010,1.28923,1.28921,1,1.5
2014.09.09,00:26:08.511,1.28924,1.28921,2.25,1.5
2014.09.09,00:26:09.119,1.28923,1.28921,1,1.5
2014.09.09,00:26:09.797,1.28924,1.28921,1.5,2.25
2014.09.09,00:26:10.355,1.28923,1.28921,1,2.25
2014.09.09,00:26:10.905,1.28924,1.28921,1.5,2.25
2014.09.09,00:26:11.472,1.28923,1.28921,1,2.25
2014.09.09,00:26:11.984,1.28924,1.28921,1.5,3.75
2014.09.09,00:26:12.960,1.28923,1.28921,1,3.75
2014.09.09,00:26:13.465,1.28924,1.28922,1.5,1.5
2014.09.09,00:26:13.981,1.28923,1.28922,1,1.5
2014.09.09,00:26:14.501,1.28924,1.28922,1.5,1.5
2014.09.09,00:26:15.813,1.28923,1.28922,1,1.5
2014.09.09,00:26:16.318,1.28923,1.28921,1,1.5
2014.09.09,00:26:16.823,1.28924,1.28921,3.75,2.25
2014.09.09,00:26:17.866,1.28923,1.2892,2.62,1.5
2014.09.09,00:26:18.069,1.2892,1.28919,2.25,1
2014.09.09,00:26:18.322,1.2892,1.28916,3,5.25
2014.09.09,00:26:18.677,1.28918,1.28916,1,1
2014.09.09,00:26:19.182,1.28919,1.28916,1,2.25
2014.09.09,00:26:19.687,1.28918,1.28916,1,1
2014.09.09,00:26:21.628,1.28919,1.28916,1,2.25
2014.09.09,00:26:22.223,1.2892,1.28916,1.25,2.25
2014.09.09,00:26:22.527,1.28922,1.28919,1,1.5
2014.09.09,00:26:24.957,1.28922,1.28918,1,5.25
2014.09.09,00:26:30.743,1.28922,1.28919,1.5,1
2014.09.09,00:26:31.871,1.28923,1.28919,1.25,3
2014.09.09,00:26:32.175,1.28924,1.28922,2.25,1
2014.09.09,00:26:32.479,1.28925,1.28924,1,2.25
2014.09.09,00:26:32.832,1.28928,1.28925,1,2.62
2014.09.09,00:26:39.320,1.28928,1.28927,1,1
2014.09.09,00:26:39.588,1.28931,1.28927,2.25,2.25
2014.09.09,00:26:39.741,1.28932,1.28929,1,1
2014.09.09,00:26:40.247,1.28932,1.2893,1,1
2014.09.09,00:26:41.394,1.28932,1.28929,1,3.75
2014.09.09,00:26:44.221,1.28932,1.2893,1,1
2014.09.09,00:26:44.272,1.28934,1.2893,5.06,2.25
2014.09.09,00:26:45.063,1.28935,1.2893,12.94,2.25
2014.09.09,00:26:45.568,1.28934,1.28931,3,1.5
2014.09.09,00:26:46.080,1.28935,1.28931,9.56,1
2014.09.09,00:26:46.585,1.28934,1.28932,1.5,1
2014.09.09,00:26:47.091,1.28934,1.28931,3,1
2014.09.09,00:26:47.596,1.28935,1.28931,10.87,1
2014.09.09,00:26:49.421,1.28934,1.28931,3,1
2014.09.09,00:26:49.935,1.28935,1.28931,13.31,1
2014.09.09,00:26:50.242,1.28933,1.28931,1.25,1
2014.09.09,00:26:50.447,1.28932,1.28928,1,3.19
2014.09.09,00:26:52.500,1.28932,1.28929,1,1
2014.09.09,00:26:53.032,1.28932,1.28928,1,3
2014.09.09,00:27:07.486,1.28932,1.2893,1,1
2014.09.09,00:27:18.913,1.28933,1.2893,3.19,1
2014.09.09,00:27:56.353,1.28933,1.28931,1.25,1
2014.09.09,00:27:57.635,1.28934,1.28931,2.44,1
2014.09.09,00:27:58.140,1.28934,1.28932,3.56,1
2014.09.09,00:28:01.071,1.28934,1.28932,3.56,1
2014.09.09,00:28:01.374,1.28934,1.28931,2.06,1
2014.09.09,00:28:01.526,1.28935,1.28933,6.56,1
2014.09.09,00:28:02.031,1.28935,1.28933,9.19,1
2014.09.09,00:28:02.532,1.28935,1.28932,9.19,1
2014.09.09,00:28:03.810,1.28934,1.28932,1.5,1
2014.09.09,00:28:04.351,1.28935,1.28932,9.56,1
2014.09.09,00:28:04.881,1.28934,1.28932,1.5,1
2014.09.09,00:28:05.387,1.28935,1.28932,7.12,1
2014.09.09,00:28:05.925,1.28934,1.28932,1.5,1
2014.09.09,00:28:06.475,1.28935,1.28932,8.44,1
2014.09.09,00:28:06.987,1.28934,1.28932,1.5,1
2014.09.09,00:28:09.820,1.28935,1.28932,7.69,1
2014.09.09,00:28:10.339,1.28934,1.28932,2.62,1
2014.09.09,00:28:10.886,1.28935,1.28932,10.12,1
2014.09.09,00:28:11.567,1.28934,1.28932,3,1
2014.09.09,00:28:12.077,1.28935,1.28932,9.56,1
2014.09.09,00:28:12.636,1.28934,1.28932,1,1
2014.09.09,00:28:13.148,1.28935,1.28932,11.06,1
2014.09.09,00:28:13.673,1.28934,1.28932,3,1
2014.09.09,00:28:17.828,1.28935,1.28932,13.31,1
2014.09.09,00:28:18.582,1.28934,1.28932,3,1
2014.09.09,00:28:19.113,1.28935,1.28932,13.31,1
2014.09.09,00:28:19.720,1.28934,1.28932,3,1
2014.09.09,00:28:20.227,1.28935,1.28932,9.56,1
2014.09.09,00:28:20.796,1.28934,1.28932,3,1
2014.09.09,00:28:21.598,1.28935,1.28932,9.56,1
2014.09.09,00:28:22.635,1.28934,1.28932,3,1
2014.09.09,00:28:23.201,1.28935,1.28932,13.31,1
2014.09.09,00:28:23.808,1.28934,1.28932,1,1
2014.09.09,00:28:26.361,1.28934,1.28931,2.25,2.25
2014.09.09,00:28:26.412,1.28941,1.28933,2.25,1
2014.09.09,00:28:26.717,1.28955,1.28949,1,15.9
2014.09.09,00:28:26.768,1.28956,1.28952,3,9.19
2014.09.09,00:28:26.819,1.28957,1.28954,1,1.69
2014.09.09,00:28:27.073,1.2896,1.28955,2.25,1.25
2014.09.09,00:28:27.124,1.2896,1.28957,1.5,1
2014.09.09,00:28:27.377,1.2896,1.28955,1.5,1.25
2014.09.09,00:28:27.479,1.28958,1.28954,1.5,2.44
2014.09.09,00:28:27.783,1.28955,1.28953,3.75,1
2014.09.09,00:28:28.288,1.28955,1.28952,8.06,1
2014.09.09,00:28:28.895,1.28954,1.28952,2.25,1
2014.09.09,00:28:29.249,1.28953,1.2895,1,1.5
2014.09.09,00:28:29.755,1.28954,1.2895,3.56,1
2014.09.09,00:28:31.231,1.28954,1.28949,4.31,3.75
2014.09.09,00:28:31.839,1.28953,1.2895,1,1
2014.09.09,00:28:32.450,1.28954,1.28949,2.44,3.75
2014.09.09,00:28:33.274,1.28953,1.2895,1,1
2014.09.09,00:28:33.989,1.28954,1.28949,2.44,3.75
2014.09.09,00:28:35.056,1.28953,1.2895,1,1
2014.09.09,00:28:35.671,1.28954,1.28949,2.44,3
2014.09.09,00:28:36.376,1.28953,1.28949,1,2.25
2014.09.09,00:28:36.885,1.28954,1.28949,3.19,1
2014.09.09,00:28:37.595,1.28953,1.28949,1,1.5
2014.09.09,00:28:38.234,1.28954,1.28949,3.19,1
2014.09.09,00:28:39.828,1.28953,1.28949,1,1.5
2014.09.09,00:28:40.479,1.28954,1.28949,2.44,1
2014.09.09,00:28:41.021,1.28954,1.28953,6,1.5
2014.09.09,00:28:41.326,1.28963,1.28961,1,5.62
2014.09.09,00:28:41.377,1.28965,1.28963,4.12,1
2014.09.09,00:28:41.597,1.28965,1.28963,3.75,1
2014.09.09,00:28:42.004,1.28963,1.28961,1,1
2014.09.09,00:28:42.510,1.28965,1.28961,8.06,1
2014.09.09,00:28:45.190,1.28964,1.28959,5.25,1.5
2014.09.09,00:28:45.241,1.28961,1.28959,1.05,1.5
2014.09.09,00:28:45.965,1.28964,1.28959,4.54,1.5
2014.09.09,00:28:46.268,1.28961,1.28959,1.05,1
2014.09.09,00:28:46.978,1.28964,1.28961,3,1.5
2014.09.09,00:28:47.129,1.28966,1.28961,3.37,2.25
2014.09.09,00:28:47.180,1.28966,1.28963,1.37,1
2014.09.09,00:28:47.282,1.28967,1.28963,3.94,1
2014.09.09,00:28:47.585,1.28965,1.28963,3.75,1
2014.09.09,00:28:47.838,1.28965,1.28962,4.5,1
2014.09.09,00:28:48.344,1.28965,1.28962,8.81,1
2014.09.09,00:28:49.156,1.28965,1.28963,2.25,1
2014.09.09,00:28:49.409,1.28974,1.28972,1.5,1
2014.09.09,00:28:49.916,1.28973,1.2897,1,1.12
2014.09.09,00:28:52.557,1.28974,1.2897,5.81,1
2014.09.09,00:28:53.068,1.28973,1.2897,1,1
2014.09.09,00:28:54.699,1.28974,1.2897,5.06,1
2014.09.09,00:28:57.143,1.28973,1.2897,1,1
2014.09.09,00:28:57.770,1.28974,1.2897,3.94,1
2014.09.09,00:28:58.311,1.28973,1.2897,1,1
2014.09.09,00:29:05.169,1.28972,1.2897,1,1
2014.09.09,00:29:05.884,1.28973,1.2897,3.94,1
2014.09.09,00:29:06.749,1.28972,1.2897,1,1
2014.09.09,00:29:07.258,1.28973,1.2897,5.44,1
2014.09.09,00:29:07.969,1.28972,1.2897,1,1
2014.09.09,00:29:08.475,1.28973,1.2897,5.44,1
2014.09.09,00:29:09.234,1.28972,1.2897,1,1
2014.09.09,00:29:09.765,1.28973,1.2897,5.44,1
2014.09.09,00:29:10.278,1.28972,1.2897,1,1
2014.09.09,00:29:10.800,1.28973,1.2897,3.94,1
2014.09.09,00:29:11.547,1.28972,1.2897,1,1
2014.09.09,00:29:13.535,1.28973,1.2897,5.44,1
2014.09.09,00:29:14.106,1.28972,1.2897,1,1
2014.09.09,00:29:14.608,1.28973,1.2897,5.44,1
2014.09.09,00:29:15.129,1.28972,1.2897,1,1
2014.09.09,00:29:15.638,1.28973,1.2897,4.69,1
2014.09.09,00:29:16.168,1.28972,1.2897,1,1
2014.09.09,00:29:16.813,1.28973,1.2897,4.69,1
2014.09.09,00:29:17.738,1.28971,1.28969,1,1
2014.09.09,00:29:17.840,1.28969,1.28967,1,1
2014.09.09,00:29:18.143,1.28967,1.28966,1,1
2014.09.09,00:29:20.362,1.28967,1.28965,1,1
2014.09.09,00:29:20.767,1.28965,1.28963,1,1
2014.09.09,00:29:20.919,1.28963,1.28961,1,1
2014.09.09,00:29:21.121,1.28961,1.2896,1.5,1
2014.09.09,00:29:21.223,1.2896,1.28958,1,1
2014.09.09,00:29:21.728,1.28959,1.28955,3,3
2014.09.09,00:29:21.930,1.28957,1.28954,1,4.5
2014.09.09,00:29:22.234,1.28954,1.28952,3.75,1
2014.09.09,00:29:22.286,1.28955,1.28953,6.94,1
2014.09.09,00:29:22.388,1.28954,1.28951,4.5,1.2
2014.09.09,00:29:22.641,1.28952,1.28951,1.25,1
2014.09.09,00:29:23.147,1.28952,1.2895,1.5,1
2014.09.09,00:29:23.852,1.28953,1.2895,2.25,1
2014.09.09,00:29:24.157,1.28962,1.2896,1,1
2014.09.09,00:29:24.208,1.28964,1.2896,1.5,1.8
2014.09.09,00:29:24.259,1.28964,1.28962,3,1
2014.09.09,00:29:24.360,1.28964,1.2896,5.62,1.5
2014.09.09,00:29:24.613,1.28962,1.2896,1,1.5
2014.09.09,00:29:25.171,1.28962,1.2896,1,1
2014.09.09,00:29:25.676,1.28963,1.28959,2.25,1
2014.09.09,00:29:26.300,1.28963,1.2896,2.25,1
2014.09.09,00:29:27.188,1.28962,1.2896,1,1
2014.09.09,00:29:28.501,1.28962,1.2896,1.5,1
2014.09.09,00:29:30.181,1.28963,1.28959,1.5,1
2014.09.09,00:29:30.687,1.28962,1.28959,1.5,1
2014.09.09,00:29:32.507,1.28962,1.2896,3,1
2014.09.09,00:29:33.643,1.28961,1.28958,1,2.25
2014.09.09,00:29:33.694,1.2896,1.28958,1,3.75
2014.09.09,00:29:33.896,1.28959,1.28956,1,1.87
2014.09.09,00:29:39.540,1.2896,1.28958,3,1
2014.09.09,00:29:39.692,1.28962,1.28959,3,1
2014.09.09,00:29:40.200,1.28962,1.2896,1.5,1
2014.09.09,00:29:41.686,1.28961,1.2896,1,1
2014.09.09,00:29:48.433,1.2896,1.28957,1,1.69
2014.09.09,00:29:49.257,1.28961,1.28959,3.75,1
2014.09.09,00:29:49.965,1.2896,1.28957,1,1.5
2014.09.09,00:29:50.470,1.28961,1.28959,3,1
2014.09.09,00:29:51.282,1.2896,1.28956,1,6.19
2014.09.09,00:29:51.829,1.28961,1.28959,1,1
2014.09.09,00:29:52.340,1.2896,1.28956,1,6.19
2014.09.09,00:29:52.874,1.28961,1.28959,1,1
2014.09.09,00:29:53.402,1.2896,1.28956,1,6.19
2014.09.09,00:29:53.922,1.28961,1.28958,1,1
2014.09.09,00:29:54.175,1.28959,1.28958,1,1
2014.09.09,00:29:54.580,1.28959,1.28956,4.5,1
2014.09.09,00:30:01.620,1.28959,1.28955,6,3.19
2014.09.09,00:30:02.127,1.28958,1.28955,1,1
2014.09.09,00:30:02.482,1.28957,1.28953,3.75,4.69
2014.09.09,00:30:02.634,1.28955,1.28954,1,1
2014.09.09,00:30:02.735,1.28956,1.28952,1.5,6
2014.09.09,00:30:02.786,1.28954,1.28952,1,4.5
2014.09.09,00:30:03.090,1.2895,1.28947,3.44,1.5
2014.09.09,00:30:03.596,1.28949,1.28946,1.5,1
2014.09.09,00:30:04.102,1.2895,1.28946,3.19,1
2014.09.09,00:30:04.608,1.28949,1.28945,1.5,2.44
2014.09.09,00:30:05.114,1.2895,1.28945,2.44,2.44
2014.09.09,00:30:06.443,1.28949,1.28945,1,1.25
2014.09.09,00:30:07.323,1.28949,1.28946,2.25,1
2014.09.09,00:30:07.837,1.2895,1.28946,4.31,1
2014.09.09,00:30:08.359,1.28949,1.28946,2.25,1
2014.09.09,00:30:08.862,1.2895,1.28946,6.19,1
2014.09.09,00:30:09.384,1.28949,1.28946,1,1
2014.09.09,00:30:09.898,1.2895,1.28946,4.69,1.5
2014.09.09,00:30:13.855,1.28949,1.28946,1,1
2014.09.09,00:30:14.159,1.28949,1.28944,5.44,2.25
2014.09.09,00:30:14.261,1.28947,1.28944,2.25,2.25
2014.09.09,00:30:14.767,1.28947,1.28945,2.25,1
2014.09.09,00:30:15.674,1.28947,1.28944,2.25,1
2014.09.09,00:30:33.979,1.28948,1.28944,3.75,3
2014.09.09,00:30:34.485,1.28948,1.28945,1,2.25
2014.09.09,00:30:35.710,1.28949,1.28947,3,1.87
2014.09.09,00:30:35.816,1.28951,1.28949,1.37,1
2014.09.09,00:30:35.917,1.28952,1.2895,1.5,1
2014.09.09,00:30:36.121,1.28954,1.28952,2.25,4.5
2014.09.09,00:30:36.274,1.28956,1.28953,2.25,3.75
2014.09.09,00:30:36.578,1.28957,1.28955,3.75,1
2014.09.09,00:30:37.084,1.28957,1.28954,1,3
2014.09.09,00:30:37.590,1.28957,1.28955,1,1
2014.09.09,00:30:45.559,1.28957,1.28954,1,2.25
2014.09.09,00:31:05.890,1.28957,1.28954,1.5,1.87
2014.09.09,00:31:06.515,1.28957,1.28954,1.5,1.87
2014.09.09,00:31:07.703,1.28958,1.28954,3,3
2014.09.09,00:31:08.220,1.28957,1.28954,1,2.25
2014.09.09,00:31:17.687,1.28957,1.28953,3,1.5
2014.09.09,00:31:30.498,1.28957,1.28953,2.25,4.69
2014.09.09,00:31:33.501,1.28957,1.28953,1,2.25
2014.09.09,00:31:34.462,1.28957,1.28953,2.25,4.69
2014.09.09,00:31:48.805,1.28955,1.28953,1,1.69
2014.09.09,00:31:49.916,1.28955,1.28952,1.5,5.25
2014.09.09,00:31:50.622,1.28955,1.28953,1.5,1.5
2014.09.09,00:31:51.127,1.28955,1.28952,1.5,5.25
2014.09.09,00:31:51.672,1.28955,1.28953,1.5,1.5
2014.09.09,00:31:52.177,1.28955,1.28952,1.5,5.44
2014.09.09,00:31:53.488,1.28955,1.28953,1.5,1.5
2014.09.09,00:31:54.011,1.28955,1.28952,1.5,5.44
2014.09.09,00:31:54.523,1.28955,1.28953,1.5,1.5
2014.09.09,00:31:55.038,1.28956,1.28953,1.5,1
2014.09.09,00:31:59.774,1.28956,1.28952,1.5,5.44
2014.09.09,00:32:00.900,1.28956,1.28953,2.25,1.5
2014.09.09,00:32:01.608,1.28956,1.28952,1.5,6.94
2014.09.09,00:32:02.116,1.28956,1.28953,3,1.5
2014.09.09,00:32:02.629,1.28956,1.28952,2.25,6.19
2014.09.09,00:32:03.136,1.28956,1.28953,3,3
2014.09.09,00:32:14.962,1.28956,1.28953,3,6.19
2014.09.09,00:32:15.476,1.28956,1.28953,1.5,1.5
2014.09.09,00:32:20.982,1.28954,1.28953,1,1.5
2014.09.09,00:32:21.286,1.2895,1.28948,2.25,1.5
2014.09.09,00:32:21.388,1.28948,1.28947,1.5,1
2014.09.09,00:32:21.490,1.28946,1.28944,1,1.5
2014.09.09,00:32:21.996,1.28945,1.28943,1,1
2014.09.09,00:32:22.502,1.28943,1.28941,1,9.37
2014.09.09,00:32:22.806,1.2894,1.28937,3.25,2.25
2014.09.09,00:32:23.008,1.28938,1.28935,1.25,1
2014.09.09,00:32:23.572,1.28938,1.28936,1,1
2014.09.09,00:32:24.095,1.28938,1.28935,1,1.5
2014.09.09,00:32:25.267,1.28937,1.28934,1,1.69
2014.09.09,00:32:25.783,1.28938,1.28935,3,1.25
2014.09.09,00:32:26.305,1.28938,1.28934,3,1.31
2014.09.09,00:32:26.929,1.28937,1.28934,1.5,1.31
2014.09.09,00:32:27.283,1.28939,1.28935,9.19,1
2014.09.09,00:32:27.788,1.28938,1.28934,1.5,3.56
2014.09.09,00:32:28.209,1.28936,1.28934,1,1.25
2014.09.09,00:32:28.967,1.28937,1.28934,3.75,1.25
2014.09.09,00:32:30.185,1.28936,1.28934,1,1
2014.09.09,00:32:30.690,1.28937,1.28934,3,1.5
2014.09.09,00:32:31.266,1.28936,1.28934,1,1.5
2014.09.09,00:32:31.780,1.28937,1.28934,3,1.5
2014.09.09,00:32:32.285,1.28936,1.28934,1,1
2014.09.09,00:32:32.799,1.28937,1.28934,3,1
2014.09.09,00:32:33.306,1.28936,1.28934,1,1
2014.09.09,00:32:33.812,1.28937,1.28934,3,1
2014.09.09,00:32:34.676,1.28936,1.28934,1,1
2014.09.09,00:32:35.339,1.28937,1.28934,3,1
2014.09.09,00:32:35.992,1.28936,1.28934,1,1.12
2014.09.09,00:32:36.681,1.28937,1.28934,3,1
2014.09.09,00:32:37.213,1.28936,1.28934,1,1
2014.09.09,00:32:37.719,1.28937,1.28934,3,1.5
2014.09.09,00:32:38.228,1.28936,1.28934,1,1.5
2014.09.09,00:32:39.150,1.28937,1.28934,2.25,1
2014.09.09,00:32:39.857,1.28936,1.28934,1,1
2014.09.09,00:32:40.464,1.28937,1.28934,3.75,1
2014.09.09,00:32:41.245,1.28936,1.28934,1,1
2014.09.09,00:32:41.754,1.28937,1.28934,3.75,1.25
2014.09.09,00:32:42.582,1.28936,1.28934,1,1
2014.09.09,00:32:43.459,1.28936,1.28934,1,1.87
2014.09.09,00:32:43.964,1.28937,1.28934,2.25,1.5
2014.09.09,00:32:45.249,1.28936,1.28934,1,1.5
2014.09.09,00:32:45.786,1.28937,1.28934,2.25,1.5
2014.09.09,00:32:46.381,1.28936,1.28934,1,1.5
2014.09.09,00:32:46.887,1.28937,1.28934,2.25,1.5
2014.09.09,00:32:47.594,1.28936,1.28934,1,1.5
2014.09.09,00:32:48.120,1.28937,1.28934,3,1
2014.09.09,00:32:48.626,1.28936,1.28934,1,1
2014.09.09,00:32:49.152,1.28937,1.28934,2.25,1.5
2014.09.09,00:32:49.826,1.28936,1.28934,1,1.5
2014.09.09,00:32:50.362,1.28937,1.28934,2.25,1.5
2014.09.09,00:32:51.257,1.28936,1.28934,1,1.5
2014.09.09,00:32:51.771,1.28937,1.28934,2.25,1.5
2014.09.09,00:32:52.508,1.28936,1.28934,1,1.5
2014.09.09,00:32:53.117,1.28937,1.28934,2.25,1.5
2014.09.09,00:32:54.530,1.28936,1.28934,1,1
2014.09.09,00:32:55.160,1.28935,1.28934,1,1
2014.09.09,00:32:55.665,1.28936,1.28933,1,3
2014.09.09,00:33:01.985,1.28937,1.28933,4.5,3.75
2014.09.09,00:33:02.397,1.28938,1.28934,3,4.12
2014.09.09,00:33:02.902,1.28939,1.28936,2.25,1
2014.09.09,00:33:03.405,1.28939,1.28935,1.5,3
2014.09.09,00:33:04.062,1.28938,1.28935,1,4.5
2014.09.09,00:33:04.576,1.28939,1.28935,3.75,3.75
2014.09.09,00:33:05.258,1.28938,1.28935,1,4.5
2014.09.09,00:33:05.780,1.28939,1.28935,3,3
2014.09.09,00:33:06.629,1.28938,1.28935,1,5.25
2014.09.09,00:33:07.141,1.28939,1.28935,3.75,4.5
2014.09.09,00:33:08.515,1.28938,1.28935,1,4.5
2014.09.09,00:33:09.049,1.28938,1.28935,1,6.94
2014.09.09,00:33:09.764,1.28939,1.28935,1.5,6.94
2014.09.09,00:33:10.300,1.28938,1.28935,1,8.96
2014.09.09,00:33:10.808,1.28937,1.28935,1.5,1.69
2014.09.09,00:33:11.416,1.28937,1.28934,1,2.44
2014.09.09,00:33:11.774,1.28943,1.28941,1.5,2.5
2014.09.09,00:33:11.825,1.28943,1.2894,1,1.69
2014.09.09,00:33:12.028,1.28945,1.28941,1.5,1.69
2014.09.09,00:33:12.180,1.28946,1.28943,2.62,1
2014.09.09,00:33:12.687,1.28947,1.28943,3.75,1
2014.09.09,00:33:13.195,1.28947,1.28944,1,3.37
2014.09.09,00:33:13.704,1.28947,1.28945,1,1.12
2014.09.09,00:33:15.936,1.28948,1.28945,1.5,1
2014.09.09,00:33:17.316,1.28948,1.28944,2.25,1.69
2014.09.09,00:33:17.822,1.28947,1.28944,1,2.06
2014.09.09,00:33:18.396,1.28947,1.28944,1,2.06
2014.09.09,00:33:18.958,1.28947,1.28944,1,2.06
2014.09.09,00:33:19.475,1.28947,1.28944,1,2.06
2014.09.09,00:33:20.028,1.28947,1.28944,1,2.06
2014.09.09,00:33:20.538,1.28947,1.28944,1,1.87
2014.09.09,00:33:21.055,1.28947,1.28944,1,1.87
2014.09.09,00:33:21.584,1.28947,1.28944,1,2.06
2014.09.09,00:33:22.628,1.28947,1.28944,1,2.06
2014.09.09,00:33:23.178,1.28947,1.28944,1,2.06
2014.09.09,00:33:23.685,1.28947,1.28944,1,2.06
2014.09.09,00:33:24.445,1.28947,1.28944,1,1.31
2014.09.09,00:33:24.952,1.28947,1.28944,1,1.62
2014.09.09,00:33:25.459,1.28947,1.28944,1,1.12
2014.09.09,00:33:26.048,1.28947,1.28944,1,1.37
2014.09.09,00:33:26.647,1.28947,1.28944,1,1.12
2014.09.09,00:33:27.489,1.28947,1.28944,1,1.37
2014.09.09,00:33:28.585,1.28947,1.28944,1,1.12
2014.09.09,00:33:29.098,1.28947,1.28944,1,1.37
2014.09.09,00:33:29.775,1.28947,1.28944,1,1.12
2014.09.09,00:33:30.307,1.28947,1.28944,1,1.37
2014.09.09,00:33:31.033,1.28947,1.28944,1,1.12
2014.09.09,00:33:32.396,1.28947,1.28944,1,1.62
2014.09.09,00:33:33.075,1.28947,1.28944,1,1.31
2014.09.09,00:33:34.115,1.28947,1.28944,1,1.62
2014.09.09,00:33:34.725,1.28947,1.28944,1,1.31
2014.09.09,00:33:36.258,1.28947,1.28944,1,1.37
2014.09.09,00:33:36.840,1.28947,1.28944,1,1.12
2014.09.09,00:33:37.757,1.28947,1.28944,1,1.37
2014.09.09,00:33:38.261,1.28947,1.28944,1,1.12
2014.09.09,00:33:38.827,1.28947,1.28944,1,1.62
2014.09.09,00:33:39.346,1.28947,1.28944,1,1.31
2014.09.09,00:33:40.816,1.28947,1.28944,1,1.62
2014.09.09,00:33:41.324,1.28947,1.28944,1,1.31
2014.09.09,00:33:41.840,1.28947,1.28944,1,1.62
2014.09.09,00:33:42.604,1.28947,1.28944,1,1.31
2014.09.09,00:33:43.777,1.28947,1.28944,1,1.37
2014.09.09,00:33:44.285,1.28947,1.28944,1,1.12
2014.09.09,00:33:45.209,1.28947,1.28944,1,1.37
2014.09.09,00:33:45.745,1.28948,1.28944,1.5,1.12
2014.09.09,00:33:46.276,1.28948,1.28945,1.5,1.12
2014.09.09,00:33:54.891,1.28948,1.28944,2.25,3.19
2014.09.09,00:33:55.397,1.28947,1.28944,1,1.5
2014.09.09,00:33:57.435,1.28946,1.28943,1,1.69
2014.09.09,00:33:57.840,1.28948,1.28944,4.5,1.5
2014.09.09,00:33:59.641,1.28949,1.28944,2.25,1.5
2014.09.09,00:34:03.754,1.28948,1.28944,1,1.5
2014.09.09,00:34:06.447,1.28949,1.28944,3.19,2.06
2014.09.09,00:34:06.997,1.28949,1.28944,3,1.87
2014.09.09,00:34:07.505,1.28949,1.28944,3,1.87
2014.09.09,00:34:09.414,1.28949,1.28945,3,1.12
2014.09.09,00:34:09.923,1.28949,1.28944,3.75,3.37
2014.09.09,00:34:10.664,1.28949,1.28945,3.75,1.12
2014.09.09,00:34:11.190,1.28949,1.28944,3,3.37
2014.09.09,00:34:12.080,1.28949,1.28945,3,1.12
2014.09.09,00:34:12.794,1.28949,1.28944,3.75,3.56
2014.09.09,00:34:13.796,1.28949,1.28945,3.75,1.12
2014.09.09,00:34:14.515,1.28949,1.28944,3.75,3.56
2014.09.09,00:34:15.173,1.28949,1.28945,4.5,1.12
2014.09.09,00:34:15.683,1.28949,1.28944,4.5,3.56
2014.09.09,00:34:16.349,1.28949,1.28945,2.44,1.12
2014.09.09,00:34:16.874,1.28949,1.28944,2.44,3.56
2014.09.09,00:34:17.838,1.28949,1.28945,2.25,1.12
2014.09.09,00:34:18.436,1.28949,1.28944,3,3.37
2014.09.09,00:34:18.956,1.28949,1.28945,2.25,1.12
2014.09.09,00:34:20.481,1.28949,1.28944,2.25,3.56
2014.09.09,00:34:21.317,1.28949,1.28945,2.25,1.12
2014.09.09,00:34:21.857,1.28949,1.28944,3,3.56
2014.09.09,00:34:23.023,1.28949,1.28945,3,1.12
2014.09.09,00:34:23.576,1.28949,1.28944,3.75,3.56
2014.09.09,00:34:24.122,1.28949,1.28945,3,1.12
2014.09.09,00:34:24.669,1.28949,1.28944,3.75,3.56
2014.09.09,00:34:25.573,1.28949,1.28945,3,1.12
2014.09.09,00:34:27.222,1.28948,1.28945,1,1.25
2014.09.09,00:34:35.914,1.28949,1.28945,2.25,1.69
2014.09.09,00:34:36.427,1.28948,1.28945,1,2.06
2014.09.09,00:34:38.607,1.28949,1.28945,2.25,2.81
2014.09.09,00:34:39.157,1.28948,1.28945,1,1.25
2014.09.09,00:34:55.409,1.28948,1.28946,1,1
2014.09.09,00:35:16.977,1.28949,1.28946,1.5,1.5
2014.09.09,00:35:17.180,1.28949,1.28948,1,1.5
2014.09.09,00:35:17.485,1.28954,1.28953,3,1
2014.09.09,00:35:17.790,1.28959,1.28957,1.5,1.69
2014.09.09,00:35:18.245,1.28961,1.28959,1.09,1
2014.09.09,00:35:18.398,1.28963,1.28961,1.5,2.25
2014.09.09,00:35:18.601,1.28967,1.28964,5.25,3.25
2014.09.09,00:35:19.107,1.28967,1.28966,1,1.5
2014.09.09,00:35:19.614,1.28967,1.28965,1.37,1.5
2014.09.09,00:35:19.867,1.28965,1.28963,2.62,2.25
2014.09.09,00:35:20.373,1.28966,1.28964,1.5,1
2014.09.09,00:35:21.185,1.28965,1.28964,1,1
2014.09.09,00:35:24.313,1.28966,1.28964,2.25,1
2014.09.09,00:35:26.193,1.28965,1.28964,1,1
2014.09.09,00:35:27.082,1.28965,1.28963,1,1.5
2014.09.09,00:35:27.600,1.28966,1.28963,3.19,1
2014.09.09,00:35:33.035,1.28967,1.28963,1.69,2.25
2014.09.09,00:35:34.427,1.28968,1.28963,3.94,2.44
2014.09.09,00:35:34.529,1.28968,1.28965,3.94,1
2014.09.09,00:35:35.036,1.28969,1.28965,1,5.62
2014.09.09,00:35:35.583,1.28969,1.28966,1,1
2014.09.09,00:35:36.091,1.28969,1.28968,1,1
2014.09.09,00:35:36.142,1.28971,1.28968,1.87,1
2014.09.09,00:35:36.648,1.28972,1.28968,1.5,3
2014.09.09,00:35:37.735,1.28972,1.28969,1.5,1
2014.09.09,00:35:39.309,1.28972,1.28968,3,2.25
2014.09.09,00:35:46.296,1.28972,1.28969,1.5,1
2014.09.09,00:35:46.824,1.28972,1.28968,1.5,3
2014.09.09,00:35:50.321,1.28973,1.28969,2.44,1.5
2014.09.09,00:35:50.826,1.28972,1.28968,3.75,3.19
2014.09.09,00:35:53.932,1.28971,1.28968,1,3
2014.09.09,00:35:54.539,1.28971,1.28969,1,1.5
2014.09.09,00:35:55.044,1.28971,1.28968,1.5,1
2014.09.09,00:35:55.550,1.2897,1.28967,2.25,1.5
2014.09.09,00:35:56.662,1.28971,1.28968,1.5,1
2014.09.09,00:35:57.179,1.28972,1.28968,4.69,1
2014.09.09,00:35:58.041,1.28971,1.28968,1.5,1
2014.09.09,00:35:58.934,1.28972,1.28968,4.69,1
2014.09.09,00:36:01.089,1.28971,1.28968,1,1
2014.09.09,00:36:06.968,1.28972,1.28968,1.25,1
2014.09.09,00:36:08.820,1.28971,1.28968,1,1.5
2014.09.09,00:36:11.441,1.28972,1.28968,3.19,1
2014.09.09,00:36:12.838,1.28971,1.28968,1,2.25
2014.09.09,00:36:13.490,1.28971,1.28966,6.67,3.94
2014.09.09,00:36:13.996,1.2897,1.28967,2.77,1
2014.09.09,00:36:21.184,1.2897,1.28965,2.06,9.07
2014.09.09,00:36:21.787,1.2897,1.28966,2.21,1.12
2014.09.09,00:36:29.452,1.2897,1.28965,1.87,7.39
2014.09.09,00:36:30.013,1.2897,1.28965,2.21,10.57
2014.09.09,00:36:30.524,1.28971,1.28965,7.24,5.44
2014.09.09,00:36:31.080,1.28971,1.28965,6.3,5.44
2014.09.09,00:36:31.587,1.28971,1.28965,6.3,6.56
2014.09.09,00:36:32.452,1.28971,1.28965,6.3,5.06
2014.09.09,00:36:32.965,1.28971,1.28965,7.8,7.31
2014.09.09,00:36:33.648,1.2897,1.28965,1,7.95
2014.09.09,00:36:34.174,1.28971,1.28965,6.3,5.06
2014.09.09,00:36:34.710,1.2897,1.28965,1,7.95
2014.09.09,00:36:35.229,1.28971,1.28965,6.3,5.06
2014.09.09,00:36:35.735,1.2897,1.28965,1,7.95
2014.09.09,00:36:36.493,1.2897,1.28967,4.5,1
2014.09.09,00:36:37.620,1.28971,1.28967,4.42,1.5
2014.09.09,00:36:38.341,1.28971,1.28967,4.42,1.5
2014.09.09,00:36:39.343,1.28971,1.28967,4.42,1.5
2014.09.09,00:36:40.135,1.28971,1.28967,5.92,1.5
2014.09.09,00:36:40.638,1.28971,1.28967,4.42,1.5
2014.09.09,00:36:41.166,1.28971,1.28967,4.42,1.5
2014.09.09,00:36:41.803,1.28971,1.28967,4.42,1.5
2014.09.09,00:36:42.562,1.28971,1.28967,5.92,1.5
2014.09.09,00:36:43.754,1.28971,1.28967,5.17,1.5
2014.09.09,00:36:44.576,1.2897,1.28967,1.2,1.5
2014.09.09,00:36:45.374,1.28971,1.28967,5.36,1.5
2014.09.09,00:36:45.884,1.28971,1.28967,6.11,1
2014.09.09,00:36:46.818,1.28971,1.28967,4.61,1
2014.09.09,00:36:47.428,1.28971,1.28967,4.61,1
2014.09.09,00:36:48.395,1.28971,1.28967,4.61,1
2014.09.09,00:36:49.327,1.28971,1.28967,4.61,1
2014.09.09,00:36:49.892,1.28971,1.28967,4.42,1
2014.09.09,00:36:50.427,1.28971,1.28967,5.92,1
2014.09.09,00:36:50.933,1.28971,1.28967,4.42,1
2014.09.09,00:36:51.469,1.2897,1.28967,1.05,1
2014.09.09,00:36:52.509,1.2897,1.28966,2.55,1.87
2014.09.09,00:36:56.547,1.2897,1.28967,1,1
2014.09.09,00:37:13.945,1.2897,1.28966,2.62,1.69
2014.09.09,00:37:16.750,1.2897,1.28967,1,1
2014.09.09,00:37:17.055,1.28971,1.28968,1.5,1.76
2014.09.09,00:37:17.582,1.28971,1.28967,1.5,4.39
2014.09.09,00:37:18.462,1.28971,1.28968,1.5,1.45
2014.09.09,00:37:18.968,1.28972,1.28968,3,1.2
2014.09.09,00:37:19.471,1.28972,1.28968,3.75,1.45
2014.09.09,00:37:19.981,1.28972,1.28968,3,1.2
2014.09.09,00:37:20.863,1.28971,1.28968,1,1.2
2014.09.09,00:37:22.654,1.28971,1.28968,1,2.14
2014.09.09,00:37:22.860,1.28971,1.28968,1,1
2014.09.09,00:37:23.372,1.28972,1.28968,3.75,1
2014.09.09,00:37:24.941,1.28971,1.28968,1,1
2014.09.09,00:37:25.448,1.28972,1.28968,4.5,1.66
2014.09.09,00:37:26.029,1.28971,1.28968,1,1
2014.09.09,00:37:27.195,1.28971,1.28967,1.5,1.57
2014.09.09,00:37:27.701,1.2897,1.28966,1.5,4.01
2014.09.09,00:37:27.854,1.28968,1.28966,1,1.07
2014.09.09,00:37:27.956,1.28967,1.28965,1.5,1
2014.09.09,00:37:28.159,1.28967,1.28963,1.5,1.5
2014.09.09,00:37:28.665,1.28968,1.28964,1.5,1.87
2014.09.09,00:37:29.170,1.28969,1.28965,5.25,1.12
2014.09.09,00:37:29.272,1.28967,1.28964,1,1.12
2014.09.09,00:37:29.894,1.28967,1.28965,1,1
2014.09.09,00:37:30.415,1.28968,1.28965,1.5,1
2014.09.09,00:37:30.920,1.28968,1.28964,1.5,1.12
2014.09.09,00:37:31.435,1.28969,1.28964,4.5,1.12
2014.09.09,00:37:31.940,1.28968,1.28964,1.5,1.87
2014.09.09,00:37:32.460,1.28969,1.28965,4.5,1
2014.09.09,00:37:33.885,1.28968,1.28964,1,6
2014.09.09,00:37:34.648,1.28968,1.28964,2.25,4.12
2014.09.09,00:37:35.249,1.28968,1.28964,2.25,4.12
2014.09.09,00:37:35.771,1.28968,1.28964,2.25,4.12
2014.09.09,00:37:36.432,1.28968,1.28965,2.25,1
2014.09.09,00:37:36.948,1.28968,1.28964,2.25,4.31
2014.09.09,00:37:38.017,1.28968,1.28965,2.25,1
2014.09.09,00:37:38.628,1.28968,1.28964,2.25,4.12
2014.09.09,00:37:39.447,1.28968,1.28965,2.25,1
2014.09.09,00:37:40.998,1.28968,1.28964,1,3.37
2014.09.09,00:37:41.504,1.28969,1.28964,1,4.12
2014.09.09,00:37:42.449,1.28969,1.28965,2.25,1
2014.09.09,00:37:47.864,1.28969,1.28967,1.5,1
2014.09.09,00:37:49.838,1.28968,1.28967,1,1
2014.09.09,00:37:52.003,1.28969,1.28967,1,1
2014.09.09,00:37:52.412,1.28969,1.28965,1.5,1.95
2014.09.09,00:37:54.663,1.2897,1.28965,3.94,1.25
2014.09.09,00:37:55.173,1.2897,1.28966,2.44,1
2014.09.09,00:37:56.618,1.28969,1.28966,1,1
2014.09.09,00:37:58.620,1.2897,1.28966,2.25,1
2014.09.09,00:37:59.230,1.28969,1.28966,1,1
2014.09.09,00:38:05.049,1.28969,1.28965,1.5,1
2014.09.09,00:38:05.554,1.28968,1.28964,1.5,1.5
2014.09.09,00:38:06.045,1.28968,1.28964,1.5,1.5
2014.09.09,00:38:06.146,1.28965,1.28964,4.12,1
2014.09.09,00:38:06.400,1.28965,1.28962,1.5,1.25
2014.09.09,00:38:06.958,1.28966,1.28962,2.25,1.25
2014.09.09,00:38:12.726,1.28964,1.28962,1,1.5
2014.09.09,00:38:13.232,1.28963,1.28961,1,1
2014.09.09,00:38:13.535,1.28965,1.28961,4.12,2.25
2014.09.09,00:38:13.788,1.28965,1.28963,6.37,1
2014.09.09,00:38:13.891,1.28967,1.28963,3.75,1
2014.09.09,00:38:14.397,1.28967,1.28962,4.5,1
2014.09.09,00:38:14.928,1.28966,1.28962,1,2.44
2014.09.09,00:38:15.791,1.28965,1.28962,1,1.5
2014.09.09,00:38:21.566,1.28964,1.28962,1,2.25
2014.09.09,00:38:21.718,1.28964,1.28959,1,12.94
2014.09.09,00:38:22.224,1.28963,1.28959,3,2.62
2014.09.09,00:38:22.780,1.28963,1.2896,1.5,1.12
2014.09.09,00:38:24.765,1.28963,1.28959,1,6
2014.09.09,00:38:25.270,1.28962,1.28959,1,2.62
2014.09.09,00:38:25.775,1.28961,1.28958,1,2.25
2014.09.09,00:38:26.289,1.28961,1.28959,1,1
2014.09.09,00:38:29.037,1.28961,1.28958,1.5,1.5
2014.09.09,00:38:31.254,1.28961,1.28959,1.5,1
2014.09.09,00:38:31.761,1.28961,1.28958,1.5,2.25
2014.09.09,00:38:39.970,1.28962,1.28958,3.75,2.44
2014.09.09,00:38:49.265,1.28961,1.28958,1,3
2014.09.09,00:38:51.240,1.28962,1.28958,3,3
2014.09.09,00:39:01.278,1.28961,1.28958,1,2.25
2014.09.09,00:39:03.273,1.28962,1.28958,2.44,2.25
2014.09.09,00:39:04.427,1.28962,1.28959,1.25,1
2014.09.09,00:39:05.235,1.28962,1.28958,1.25,1
2014.09.09,00:39:06.010,1.28962,1.28959,1,1
2014.09.09,00:39:06.511,1.28962,1.28958,1,1.25
2014.09.09,00:39:16.924,1.28962,1.2896,1,1
2014.09.09,00:39:17.440,1.28961,1.2896,1,1
2014.09.09,00:39:17.645,1.28963,1.2896,5.44,1
2014.09.09,00:39:22.300,1.28962,1.2896,1,1
2014.09.09,00:39:26.044,1.28961,1.2896,1,1
2014.09.09,00:39:28.039,1.28961,1.28959,1,1
2014.09.09,00:39:35.502,1.28961,1.28958,1,3.94
2014.09.09,00:39:36.009,1.28962,1.28958,3,3
2014.09.09,00:39:36.515,1.28961,1.28958,1,3.75
2014.09.09,00:39:39.593,1.28962,1.28958,2.25,3.75
2014.09.09,00:39:45.592,1.28961,1.28958,1,3.75
2014.09.09,00:39:47.025,1.28961,1.28959,1,1
2014.09.09,00:39:49.621,1.28962,1.28959,2.25,1
2014.09.09,00:39:51.352,1.28962,1.28958,1,1.5
2014.09.09,00:39:52.578,1.28961,1.28958,1.25,1.5
2014.09.09,00:39:53.084,1.28961,1.28957,1.25,3.75
2014.09.09,00:39:57.717,1.28961,1.28957,2.81,3
2014.09.09,00:39:58.331,1.28961,1.28957,2.81,3
2014.09.09,00:39:59.649,1.28961,1.28958,2.44,1
2014.09.09,00:40:00.776,1.28961,1.28959,2.25,1
2014.09.09,00:40:04.104,1.28961,1.28958,1.5,1
2014.09.09,00:40:04.642,1.28961,1.28957,1.5,3
2014.09.09,00:40:04.975,1.28961,1.28958,3,1
2014.09.09,00:40:05.077,1.28958,1.28956,1,2.25
2014.09.09,00:40:05.128,1.28957,1.28955,1,6
2014.09.09,00:40:05.179,1.28955,1.28954,5.25,1.12
2014.09.09,00:40:05.297,1.28954,1.28952,1,2.25
2014.09.09,00:40:05.349,1.28953,1.28952,1,1
2014.09.09,00:40:05.603,1.28955,1.28952,1.25,1.5
2014.09.09,00:40:05.957,1.28957,1.28953,3.19,2.25
2014.09.09,00:40:06.528,1.28956,1.28953,1,2.25
2014.09.09,00:40:07.036,1.28955,1.28953,1,1.5
2014.09.09,00:40:08.899,1.28956,1.28953,2.25,1
2014.09.09,00:40:09.424,1.28956,1.28952,3,1.5
2014.09.09,00:40:09.936,1.28956,1.28953,2.25,1
2014.09.09,00:40:10.450,1.28955,1.28953,1,1
2014.09.09,00:40:10.971,1.28956,1.28954,1.5,1
2014.09.09,00:40:11.966,1.28957,1.28954,2.25,1
2014.09.09,00:40:12.269,1.28955,1.28954,1,1
2014.09.09,00:40:16.660,1.28957,1.28955,1,1
2014.09.09,00:40:17.932,1.28955,1.28954,1,1.5
2014.09.09,00:40:20.437,1.28955,1.28953,1,1.5
2014.09.09,00:40:20.488,1.28954,1.28952,1,3.75
2014.09.09,00:40:21.145,1.28954,1.28953,1,1.5
2014.09.09,00:40:21.626,1.28956,1.28954,1.87,1
2014.09.09,00:40:25.160,1.28957,1.28954,1.5,1.5
2014.09.09,00:40:25.695,1.28956,1.28954,1,2.25
2014.09.09,00:40:27.711,1.28957,1.28954,1.5,1.5
2014.09.09,00:40:32.172,1.28956,1.28954,1,1.5
2014.09.09,00:40:32.677,1.28957,1.28954,1,1.5
2014.09.09,00:40:33.558,1.28956,1.28954,1,1.5
2014.09.09,00:40:40.774,1.28957,1.28954,1.5,1.5
2014.09.09,00:40:41.338,1.28957,1.28954,1.5,1.87
2014.09.09,00:40:41.871,1.28957,1.28954,2.25,1.5
2014.09.09,00:40:41.972,1.28958,1.28956,3.75,3.97
2014.09.09,00:40:42.125,1.2896,1.28959,1,1
2014.09.09,00:40:42.228,1.28962,1.28959,1,2.25
2014.09.09,00:40:42.279,1.28963,1.28961,1.25,1
2014.09.09,00:40:42.735,1.28963,1.28959,2.44,1.87
2014.09.09,00:40:43.246,1.28963,1.28959,2.25,2.06
2014.09.09,00:40:43.865,1.28963,1.28959,1.5,2.06
2014.09.09,00:40:44.987,1.28963,1.28959,1.5,2.06
2014.09.09,00:40:45.625,1.28963,1.28959,3,2.62
2014.09.09,00:40:47.731,1.28963,1.28959,3.75,1.87
2014.09.09,00:40:48.263,1.28963,1.28959,3.75,1.87
2014.09.09,00:40:48.768,1.28963,1.28959,3,1.87
2014.09.09,00:40:49.313,1.28963,1.28959,3,1.87
2014.09.09,00:40:49.914,1.28963,1.28959,3,1.87
2014.09.09,00:40:50.331,1.28961,1.28958,2.25,5.62
2014.09.09,00:40:50.432,1.28961,1.28957,2.25,2.25
2014.09.09,00:40:52.414,1.28961,1.28957,1.5,5.44
2014.09.09,00:40:52.949,1.2896,1.28957,1,3.19
2014.09.09,00:40:55.370,1.28961,1.28957,1,3.19
2014.09.09,00:40:56.466,1.2896,1.28957,1,3.94
2014.09.09,00:40:57.114,1.28961,1.28957,1,2.44
2014.09.09,00:41:14.493,1.28961,1.28958,1.5,1
2014.09.09,00:41:18.620,1.2896,1.28958,1,1.5
2014.09.09,00:41:19.137,1.28961,1.28958,1.5,1.5
2014.09.09,00:41:20.762,1.2896,1.28958,1,1.5
2014.09.09,00:41:21.218,1.28959,1.28956,1,2.25
2014.09.09,00:41:21.742,1.2896,1.28956,3,1.5
2014.09.09,00:41:23.430,1.28959,1.28956,1,1
2014.09.09,00:41:23.531,1.28957,1.28954,3,9.37
2014.09.09,00:41:23.836,1.28954,1.28952,4,5.25
2014.09.09,00:41:24.344,1.28955,1.28951,2.62,17.5
2014.09.09,00:41:24.446,1.28952,1.28948,1,10.91
2014.09.09,00:41:25.865,1.28952,1.28948,1,8.66
2014.09.09,00:41:27.023,1.28952,1.28948,1,11.06
2014.09.09,00:41:27.538,1.28952,1.28948,1,11.06
2014.09.09,00:41:28.088,1.28952,1.28948,1,7.31
2014.09.09,00:41:28.306,1.2895,1.28948,1,1.5
2014.09.09,00:41:28.618,1.28949,1.28947,1,5.44
2014.09.09,00:41:28.724,1.2895,1.28948,2.25,1
2014.09.09,00:41:29.341,1.28951,1.28948,3,1.5
2014.09.09,00:41:30.529,1.2895,1.28948,1.5,1.69
2014.09.09,00:41:32.022,1.28951,1.28948,3.75,1
2014.09.09,00:41:34.529,1.2895,1.28948,1,1
2014.09.09,00:41:35.069,1.28951,1.28949,3.75,1
2014.09.09,00:41:35.532,1.28949,1.28948,1,1
2014.09.09,00:41:36.037,1.28949,1.28947,1,1
2014.09.09,00:41:37.137,1.2895,1.28947,1,1.25
2014.09.09,00:41:37.643,1.28949,1.28947,1,1.25
2014.09.09,00:41:39.461,1.2895,1.28947,2.25,1.69
2014.09.09,00:41:40.637,1.28949,1.28947,1,1.69
2014.09.09,00:41:41.143,1.28949,1.28947,1,1.69
2014.09.09,00:41:41.693,1.2895,1.28947,1.12,2.25
2014.09.09,00:41:43.654,1.28949,1.28947,1,1
2014.09.09,00:41:44.407,1.2895,1.28947,1.5,1
2014.09.09,00:41:44.956,1.28949,1.28947,1,1
2014.09.09,00:41:48.004,1.28949,1.28948,1,1.5
2014.09.09,00:41:48.208,1.28951,1.28949,1,2.25
2014.09.09,00:41:50.203,1.28952,1.28949,3,2.25
2014.09.09,00:41:50.903,1.28953,1.28951,1,1.5
2014.09.09,00:41:51.156,1.28954,1.28952,1.12,1
2014.09.09,00:41:51.257,1.28956,1.28952,2.25,1
2014.09.09,00:41:51.763,1.28955,1.28953,1,1
2014.09.09,00:41:53.339,1.28955,1.28952,1,2.25
2014.09.09,00:41:53.859,1.28955,1.28951,1,4.69
2014.09.09,00:41:55.291,1.28955,1.28952,1,3
2014.09.09,00:41:55.543,1.28957,1.28953,2.25,3.75
2014.09.09,00:42:00.696,1.28956,1.28953,1,2.25
2014.09.09,00:42:01.202,1.28955,1.28953,1.5,1
2014.09.09,00:42:01.707,1.28956,1.28953,1.5,1
2014.09.09,00:42:07.109,1.28956,1.28954,1,1
2014.09.09,00:42:12.020,1.28957,1.28954,2.25,1.5
2014.09.09,00:42:13.087,1.28957,1.28955,1,1
2014.09.09,00:42:13.747,1.28957,1.28956,1,1
2014.09.09,00:42:14.269,1.28957,1.28955,1,3.75
2014.09.09,00:42:14.783,1.28957,1.28956,1,1
2014.09.09,00:42:15.087,1.28957,1.28954,2.25,2.06
2014.09.09,00:42:15.613,1.28957,1.28953,1,2.25
2014.09.09,00:42:16.142,1.28956,1.28953,1,2.25
2014.09.09,00:42:17.253,1.28955,1.28953,1,2.25
2014.09.09,00:42:17.607,1.28957,1.28953,3,1
2014.09.09,00:42:18.221,1.28956,1.28953,1,1
2014.09.09,00:42:26.299,1.28956,1.28952,1,2.25
2014.09.09,00:42:26.910,1.28955,1.28952,1,2.25
2014.09.09,00:42:31.833,1.28954,1.28952,1,1
2014.09.09,00:42:31.934,1.28953,1.28951,1,5.25
2014.09.09,00:42:32.238,1.28952,1.28949,3.25,2.25
2014.09.09,00:43:08.249,1.28951,1.28949,1,1.5
2014.09.09,00:43:12.081,1.28951,1.28948,1,1
2014.09.09,00:43:13.906,1.28951,1.28949,1,1.5
2014.09.09,00:43:18.618,1.28951,1.28948,1,1.69
2014.09.09,00:43:28.613,1.2895,1.28948,1,1.5
2014.09.09,00:43:32.429,1.28949,1.28948,1,1
2014.09.09,00:43:32.732,1.28963,1.28962,1.5,1
2014.09.09,00:43:32.783,1.28965,1.28963,4.05,1
2014.09.09,00:43:32.935,1.28966,1.28961,5.55,3.94
2014.09.09,00:43:32.986,1.28964,1.28961,1,4.69
2014.09.09,00:43:33.505,1.28964,1.28961,1,1.25
2014.09.09,00:43:34.055,1.28964,1.2896,4.5,1.69
2014.09.09,00:43:34.578,1.28963,1.2896,1,2.25
2014.09.09,00:43:35.753,1.28962,1.2896,1,1
2014.09.09,00:43:37.526,1.28963,1.2896,1.5,1.5
2014.09.09,00:43:41.723,1.28964,1.2896,2.25,2.25
2014.09.09,00:43:42.267,1.28963,1.2896,1.5,1.5
2014.09.09,00:43:43.442,1.28963,1.28961,1.5,1
2014.09.09,00:43:45.690,1.28964,1.28961,4.5,1
2014.09.09,00:43:46.217,1.28963,1.28961,1,1
2014.09.09,00:43:46.757,1.28964,1.28961,3.75,1
2014.09.09,00:43:47.517,1.28963,1.28961,1,1
2014.09.09,00:43:48.296,1.28964,1.28961,3.75,1
2014.09.09,00:43:48.808,1.28963,1.28961,1,1
2014.09.09,00:43:49.553,1.28964,1.28961,3,1
2014.09.09,00:43:50.366,1.28963,1.28961,1,1
2014.09.09,00:43:50.977,1.28964,1.28961,4.69,1
2014.09.09,00:43:53.027,1.28963,1.28961,1,1
2014.09.09,00:43:53.559,1.28964,1.28961,4.69,1
2014.09.09,00:43:54.092,1.28963,1.28961,1,1
2014.09.09,00:43:54.603,1.28964,1.28961,4.69,1
2014.09.09,00:43:55.113,1.28963,1.28961,1,1
2014.09.09,00:43:55.623,1.28964,1.28961,4.69,1
2014.09.09,00:43:56.274,1.28963,1.28962,1,1
2014.09.09,00:43:56.793,1.28964,1.28961,4.5,1.5
2014.09.09,00:43:58.624,1.28963,1.28961,1,1
2014.09.09,00:43:59.401,1.28964,1.28961,4.69,1
2014.09.09,00:44:00.458,1.28964,1.28962,3.75,1.25
2014.09.09,00:44:00.963,1.28965,1.28962,1.5,1.25
2014.09.09,00:44:23.676,1.28964,1.28962,1.5,1
2014.09.09,00:44:23.777,1.28964,1.2896,2.25,3.94
2014.09.09,00:44:26.841,1.28963,1.2896,1,1
2014.09.09,00:44:33.061,1.28962,1.2896,1,1
2014.09.09,00:44:40.882,1.28961,1.2896,1,1
2014.09.09,00:44:44.128,1.28961,1.28959,1.5,1.5
2014.09.09,00:44:49.492,1.2896,1.28959,1,1
2014.09.09,00:44:49.594,1.28959,1.28957,2.5,1
2014.09.09,00:44:49.796,1.28958,1.28955,1,4.69
2014.09.09,00:44:50.301,1.28958,1.28954,2.25,3.94
2014.09.09,00:44:51.690,1.28956,1.28954,1,3.19
2014.09.09,00:44:51.993,1.28955,1.28953,1,1.25
2014.09.09,00:44:52.347,1.28953,1.28951,1,1
2014.09.09,00:44:52.499,1.28953,1.28949,3.19,3
2014.09.09,00:44:52.701,1.2895,1.28947,1,1.5
2014.09.09,00:44:55.858,1.2895,1.28948,1,2.62
2014.09.09,00:44:56.009,1.28952,1.28949,1.5,2.25
2014.09.09,00:44:56.313,1.28954,1.28949,2.25,3.94
2014.09.09,00:44:56.817,1.28953,1.28949,1.5,6.94
2014.09.09,00:44:57.568,1.28953,1.2895,1.5,1
2014.09.09,00:45:00.617,1.28952,1.2895,1,1.25
2014.09.09,00:45:02.385,1.28951,1.28949,1,4.69
2014.09.09,00:45:09.931,1.28951,1.2895,1,1
2014.09.09,00:45:10.485,1.28951,1.28949,1,3.75
2014.09.09,00:45:11.725,1.28951,1.2895,1,1
2014.09.09,00:45:26.514,1.28951,1.28949,1,2.25
2014.09.09,00:45:27.435,1.28951,1.28949,1,2.25
2014.09.09,00:45:27.946,1.28952,1.2895,1,1.5
2014.09.09,00:45:27.997,1.28952,1.2895,1.5,1.5
2014.09.09,00:45:30.392,1.28953,1.2895,2.25,1.5
2014.09.09,00:45:32.316,1.28953,1.28951,1,1
2014.09.09,00:45:32.719,1.28955,1.28953,4.5,1
2014.09.09,00:45:33.225,1.28953,1.28951,1,3.94
2014.09.09,00:45:35.029,1.28955,1.28953,3.75,1.5
2014.09.09,00:45:35.332,1.28957,1.28954,3.75,7.56
2014.09.09,00:45:35.652,1.28962,1.28957,2.25,3.19
2014.09.09,00:45:35.754,1.28962,1.2896,1.5,1
2014.09.09,00:45:36.056,1.28965,1.28962,8.73,1
2014.09.09,00:45:36.158,1.28965,1.28962,7.98,1.5
2014.09.09,00:45:36.682,1.28965,1.28961,7.98,1.69
2014.09.09,00:45:38.030,1.28965,1.28962,7.98,1.5
2014.09.09,00:45:38.544,1.28966,1.28963,7.98,2.44
2014.09.09,00:45:38.948,1.2897,1.28965,4.5,1.5
2014.09.09,00:45:39.453,1.28969,1.28966,1,2.25
2014.09.09,00:45:39.806,1.2897,1.28968,1,1
2014.09.09,00:45:39.907,1.28972,1.28969,1,1.5
2014.09.09,00:45:40.109,1.28974,1.2897,1.25,1.12
2014.09.09,00:45:40.613,1.28974,1.28969,2.44,6.94
2014.09.09,00:45:41.822,1.28972,1.28969,1,3.75
2014.09.09,00:45:42.334,1.2897,1.28968,1,1
2014.09.09,00:45:42.854,1.28971,1.28968,1,1
2014.09.09,00:45:43.364,1.28971,1.28967,1,1.5
2014.09.09,00:45:43.892,1.2897,1.28967,1,1.5
2014.09.09,00:45:43.944,1.28972,1.28967,2.25,1.5
2014.09.09,00:45:43.994,1.28969,1.28967,1,1.5
2014.09.09,00:45:44.101,1.28971,1.28967,1,1.5
2014.09.09,00:45:44.609,1.28972,1.28967,2.44,1.69
2014.09.09,00:45:47.165,1.28971,1.28967,1,1.69
2014.09.09,00:45:48.374,1.28971,1.28967,1,1.5
2014.09.09,00:45:48.941,1.28971,1.28967,7.02,1
2014.09.09,00:45:49.173,1.28968,1.28967,1,1
2014.09.09,00:45:49.579,1.2897,1.28967,1.5,1
2014.09.09,00:45:49.736,1.28971,1.28968,3.19,1
2014.09.09,00:45:49.808,1.28971,1.28967,3.19,1.5
2014.09.09,00:45:51.848,1.2897,1.28967,1,1
2014.09.09,00:45:51.949,1.28968,1.28965,1,3
2014.09.09,00:45:52.527,1.28967,1.28964,1.5,4.69
2014.09.09,00:45:52.830,1.28963,1.28962,1,9
2014.09.09,00:45:53.337,1.28963,1.28961,1.5,14.25
2014.09.09,00:45:57.280,1.28963,1.28961,1,14.25
2014.09.09,00:46:11.985,1.28962,1.2896,1,9.75
2014.09.09,00:46:17.639,1.28964,1.28961,3.75,18.75
2014.09.09,00:46:18.592,1.28963,1.28961,1,14.25
2014.09.09,00:46:19.233,1.28964,1.28961,3.75,18.75
2014.09.09,00:46:19.755,1.28963,1.28961,1.5,14.25
2014.09.09,00:46:21.603,1.28964,1.28961,4.69,18.75
2014.09.09,00:46:22.158,1.28964,1.2896,3.94,18.75
2014.09.09,00:46:23.764,1.28963,1.2896,1.25,18.75
2014.09.09,00:46:24.086,1.28961,1.2896,1,4.5
2014.09.09,00:46:26.967,1.2896,1.28959,1.5,9
2014.09.09,00:46:27.483,1.2896,1.28957,1,1
2014.09.09,00:46:28.004,1.28961,1.28957,3.19,1
2014.09.09,00:46:28.445,1.2896,1.28957,3,1
2014.09.09,00:46:34.888,1.28958,1.28957,1,1
2014.09.09,00:46:44.394,1.28958,1.28955,1,1
2014.09.09,00:46:44.723,1.28958,1.28955,1,1.5
2014.09.09,00:46:48.278,1.28957,1.28955,1,1
2014.09.09,00:46:55.245,1.28958,1.28955,1.5,3.37
2014.09.09,00:46:57.861,1.28957,1.28955,1,2.25
2014.09.09,00:46:59.380,1.28958,1.28955,1,4.87
2014.09.09,00:47:00.378,1.28958,1.28955,1.5,3.94
2014.09.09,00:47:03.373,1.28958,1.28955,1.5,3.94
2014.09.09,00:47:04.038,1.28958,1.28956,1.5,1
2014.09.09,00:47:04.545,1.28958,1.28955,1,3.19
2014.09.09,00:47:05.102,1.28957,1.28955,1,3.19
2014.09.09,00:47:05.983,1.28957,1.28956,1,1
2014.09.09,00:47:06.506,1.28957,1.28955,1,5.62
2014.09.09,00:47:07.130,1.28957,1.28956,1,1
2014.09.09,00:47:07.638,1.28958,1.28956,1,1
2014.09.09,00:47:08.989,1.28957,1.28956,1,1.25
2014.09.09,00:47:10.315,1.28959,1.28955,4.5,3
2014.09.09,00:47:10.366,1.28956,1.28955,1,1
2014.09.09,00:47:10.518,1.28955,1.28953,3,1
2014.09.09,00:47:11.024,1.28956,1.28952,2.25,1
2014.09.09,00:47:11.530,1.28955,1.28951,1.5,3
2014.09.09,00:47:13.976,1.28955,1.28952,1.5,1
2014.09.09,00:47:14.487,1.28954,1.28952,1,1
2014.09.09,00:47:14.993,1.28955,1.28953,2.25,1
2014.09.09,00:47:15.094,1.28956,1.28952,1.5,5.25
2014.09.09,00:47:15.196,1.28956,1.28954,1.5,1
2014.09.09,00:47:17.528,1.28955,1.28954,1,1
2014.09.09,00:47:17.781,1.28953,1.2895,1.5,3.37
2014.09.09,00:47:17.933,1.28954,1.2895,2.25,1.5
2014.09.09,00:47:18.187,1.28951,1.2895,1,1.5
2014.09.09,00:47:18.389,1.28953,1.28949,2.25,1
2014.09.09,00:47:18.642,1.28953,1.28951,1,1.5
2014.09.09,00:47:18.743,1.28955,1.28951,3,4.99
2014.09.09,00:47:18.844,1.28955,1.28953,1.5,1
2014.09.09,00:47:19.350,1.28957,1.28953,3,2.25
2014.09.09,00:47:19.553,1.28955,1.28953,1,2.25
2014.09.09,00:47:19.654,1.28957,1.28953,3.75,1.5
2014.09.09,00:47:20.494,1.28956,1.28953,1,1.5
2014.09.09,00:47:20.646,1.28953,1.28951,1,1.5
2014.09.09,00:47:20.748,1.28951,1.28949,2.1,4.5
2014.09.09,00:47:21.254,1.28952,1.28949,1,1
2014.09.09,00:47:34.018,1.28953,1.28949,4.5,1
2014.09.09,00:47:34.526,1.28953,1.28949,3.75,1
2014.09.09,00:47:34.728,1.28955,1.28954,1.5,3.75
2014.09.09,00:47:34.981,1.28958,1.28955,2.55,1
2014.09.09,00:47:35.488,1.28958,1.28955,1,1.69
2014.09.09,00:47:37.550,1.28958,1.28956,1,1
2014.09.09,00:47:37.652,1.28959,1.28956,3,3.37
2014.09.09,00:47:37.804,1.28961,1.28959,1.08,1.12
2014.09.09,00:47:38.210,1.28961,1.28957,1,3.94
2014.09.09,00:47:38.312,1.28961,1.28959,1,1
2014.09.09,00:47:39.311,1.2896,1.28959,1.5,1
2014.09.09,00:47:39.413,1.2896,1.28956,3,2.25
2014.09.09,00:47:39.914,1.2896,1.28955,5.25,6.56
2014.09.09,00:47:43.890,1.28959,1.28955,1,2.25
2014.09.09,00:47:44.774,1.28958,1.28955,1,1.5
2014.09.09,00:47:52.174,1.28959,1.28955,1,2.25
2014.09.09,00:48:20.474,1.28958,1.28955,1,1.5
2014.09.09,00:48:21.880,1.28959,1.28955,3.75,1.5
2014.09.09,00:48:22.390,1.28958,1.28955,1,3.75
2014.09.09,00:48:22.996,1.28959,1.28955,3,2.25
2014.09.09,00:48:26.962,1.28958,1.28955,1,3
2014.09.09,00:48:28.280,1.28957,1.28954,1,6.56
2014.09.09,00:48:28.785,1.28958,1.28955,1,1
2014.09.09,00:49:01.808,1.28957,1.28955,1,1
2014.09.09,00:49:04.187,1.28957,1.28954,1.5,3.37
2014.09.09,00:49:04.689,1.28957,1.28955,2.25,1
2014.09.09,00:49:05.301,1.28957,1.28954,1.5,2.81
2014.09.09,00:49:05.756,1.28955,1.28953,3.6,1
2014.09.09,00:49:05.858,1.28953,1.28951,2.25,1.5
2014.09.09,00:49:05.960,1.28952,1.2895,2.5,3
2014.09.09,00:49:06.112,1.28951,1.28949,1,4.12
2014.09.09,00:49:06.618,1.28952,1.2895,1,1
2014.09.09,00:49:06.972,1.28951,1.28948,1.5,1
2014.09.09,00:49:07.022,1.2895,1.28948,1,1
2014.09.09,00:49:07.528,1.28949,1.28947,1,1
2014.09.09,00:49:07.882,1.28949,1.28945,3,2.62
2014.09.09,00:49:08.136,1.28947,1.28945,1,3
2014.09.09,00:49:10.587,1.28947,1.28944,1.5,1
2014.09.09,00:49:22.847,1.28946,1.28944,1,1.5
2014.09.09,00:49:23.101,1.28943,1.28941,1,1.25
2014.09.09,00:49:23.202,1.28942,1.2894,1,3.75
2014.09.09,00:49:23.657,1.28944,1.2894,1.5,7.09
2014.09.09,00:49:24.162,1.28944,1.28941,1.5,2.55
2014.09.09,00:49:24.719,1.28944,1.2894,1.5,7.91
2014.09.09,00:49:25.225,1.28943,1.2894,1,9.79
2014.09.09,00:49:25.733,1.28943,1.28941,1,1.5
2014.09.09,00:49:26.263,1.28943,1.2894,1,9.56
2014.09.09,00:49:26.869,1.28944,1.28943,1.5,1
2014.09.09,00:49:26.970,1.28944,1.28941,1.5,1
2014.09.09,00:49:29.469,1.28943,1.28941,1,2.62
2014.09.09,00:49:29.621,1.28942,1.2894,1.3,2.62
2014.09.09,00:49:29.823,1.2894,1.28938,1,1
2014.09.09,00:49:30.330,1.28941,1.28938,2.25,1
2014.09.09,00:49:44.358,1.28939,1.28938,1,1
2014.09.09,00:49:44.460,1.28939,1.28936,1,3.94
2014.09.09,00:49:44.965,1.28938,1.28936,1,1
2014.09.09,00:50:00.716,1.28939,1.28936,1,1
2014.09.09,00:50:01.266,1.2894,1.28936,3.75,1
2014.09.09,00:50:04.947,1.2894,1.28937,3,1.25
2014.09.09,00:50:05.455,1.2894,1.28938,2.4,2.25
2014.09.09,00:50:10.861,1.2894,1.28939,1.5,1
2014.09.09,00:50:11.377,1.2894,1.28938,1.5,1.5
2014.09.09,00:50:12.963,1.2894,1.28939,1.5,1
2014.09.09,00:50:14.821,1.2894,1.28938,2.25,1
2014.09.09,00:50:21.528,1.2894,1.28939,1.5,1
2014.09.09,00:50:22.118,1.2894,1.28938,1.5,1.5
2014.09.09,00:50:23.426,1.2894,1.28937,1.5,3.19
2014.09.09,00:50:24.145,1.28939,1.28937,1,1
2014.09.09,00:50:29.544,1.2894,1.28937,4.5,1
2014.09.09,00:50:30.015,1.2894,1.28938,3.75,1
2014.09.09,00:50:30.734,1.2894,1.28939,1,7.69
2014.09.09,00:50:30.835,1.28944,1.28941,1,6.62
2014.09.09,00:50:30.988,1.28945,1.28943,2.25,1
2014.09.09,00:50:31.998,1.28945,1.28944,1,2.62
2014.09.09,00:50:32.049,1.28947,1.28945,1.5,1
2014.09.09,00:50:32.180,1.2895,1.28947,3,3.79
2014.09.09,00:50:32.384,1.28953,1.28951,1,1
2014.09.09,00:50:32.435,1.28954,1.28952,4.5,1
2014.09.09,00:50:32.538,1.28953,1.28951,2.5,1.5
2014.09.09,00:50:32.893,1.28952,1.2895,1.5,1
2014.09.09,00:50:33.399,1.28953,1.2895,3,1
2014.09.09,00:50:34.263,1.28952,1.2895,1,1
2014.09.09,00:50:34.782,1.28952,1.2895,1.5,1
2014.09.09,00:50:37.028,1.28953,1.28951,3.75,1
2014.09.09,00:50:37.533,1.28952,1.2895,3.75,1
2014.09.09,00:50:41.150,1.28952,1.2895,4.5,1
2014.09.09,00:50:42.009,1.28951,1.2895,1,1
2014.09.09,00:50:42.542,1.28951,1.28949,1,1.5
2014.09.09,00:50:43.221,1.28951,1.2895,1.5,1
2014.09.09,00:50:44.351,1.28951,1.28948,1,1.5
2014.09.09,00:50:44.655,1.28948,1.28946,2.5,1.5
2014.09.09,00:50:45.160,1.28946,1.28943,1.5,2.44
2014.09.09,00:50:45.868,1.28946,1.28944,1.5,1
2014.09.09,00:50:46.871,1.28948,1.28946,1,1
2014.09.09,00:50:47.023,1.2895,1.28947,2.44,1
2014.09.09,00:50:47.074,1.28951,1.28948,3,1
2014.09.09,00:50:47.378,1.28953,1.28951,1.5,1
