Time,Ask,Bid,AskVolume,BidVolume,
2014.09.09,00:00:00.257,1.60933,1.6092,1.84,1.69
2014.09.09,00:00:00.769,1.60933,1.60921,1.36,1
2014.09.09,00:00:01.317,1.60934,1.6092,1.46,1.69
2014.09.09,00:00:01.879,1.60935,1.6092,1.39,2.44
2014.09.09,00:00:02.234,1.60936,1.60924,2.44,1
2014.09.09,00:00:02.539,1.60937,1.60926,2.44,1.5
2014.09.09,00:00:02.865,1.60937,1.6093,1.5,1.19
2014.09.09,00:00:03.172,1.60938,1.60933,3,1.5
2014.09.09,00:00:03.631,1.60948,1.60934,1,3.26
2014.09.09,00:00:03.682,1.60948,1.60936,1,1.29
2014.09.09,00:00:03.886,1.60952,1.60936,1.25,2.59
2014.09.09,00:00:04.089,1.60952,1.6094,1,1.19
2014.09.09,00:00:04.292,1.60956,1.60941,1.32,1.29
2014.09.09,00:00:04.546,1.60957,1.60941,4.01,1.69
2014.09.09,00:00:05.406,1.60952,1.60941,1.25,1
2014.09.09,00:00:05.711,1.60952,1.60939,1.76,1
2014.09.09,00:00:06.219,1.60952,1.60938,3.19,1.25
2014.09.09,00:00:07.513,1.60951,1.60935,1.36,3.19
2014.09.09,00:00:08.076,1.60951,1.60935,3.19,2.51
2014.09.09,00:00:08.178,1.60947,1.60935,1.1,1.69
2014.09.09,00:00:10.337,1.60947,1.60935,1,1.07
2014.09.09,00:00:10.843,1.6095,1.60935,1.69,2.32
2014.09.09,00:00:11.351,1.6095,1.60935,1.76,1.65
2014.09.09,00:00:11.857,1.60947,1.60935,1.25,1.76
2014.09.09,00:00:12.363,1.60947,1.60935,1.25,2.44
2014.09.09,00:00:13.649,1.6095,1.60936,1.25,1.32
2014.09.09,00:00:14.156,1.60952,1.60937,2.44,1.57
2014.09.09,00:00:14.281,1.60952,1.60937,2.44,1.2
2014.09.09,00:00:15.644,1.60952,1.60937,1.69,1.76
2014.09.09,00:00:16.161,1.60952,1.60938,1.69,1
2014.09.09,00:00:16.678,1.60952,1.60938,2.44,1.25
2014.09.09,00:00:19.607,1.60952,1.60938,1.76,1.25
2014.09.09,00:00:21.597,1.60952,1.60938,1.76,1.25
2014.09.09,00:00:22.106,1.60952,1.60938,2.44,1.25
2014.09.09,00:00:22.620,1.60952,1.60938,1.69,1.25
2014.09.09,00:00:23.367,1.60952,1.60938,1.84,1.25
2014.09.09,00:00:24.465,1.60952,1.60938,1.76,1.01
2014.09.09,00:00:25.012,1.60952,1.60938,2.51,1.25
2014.09.09,00:00:25.316,1.60952,1.60939,1.01,1.31
2014.09.09,00:00:25.764,1.60954,1.6094,1.76,2.44
2014.09.09,00:00:25.917,1.60956,1.60941,1.39,2.44
2014.09.09,00:00:26.424,1.60953,1.60942,1,1.19
2014.09.09,00:00:27.438,1.60953,1.6094,1.25,1.84
2014.09.09,00:00:28.963,1.60953,1.6094,1.25,1.1
2014.09.09,00:00:29.449,1.60953,1.6094,1.69,1.1
2014.09.09,00:00:29.653,1.60955,1.6094,1.26,1.76
2014.09.09,00:00:30.211,1.60955,1.60942,1.29,1
2014.09.09,00:00:31.045,1.60957,1.60942,2.89,1.19
2014.09.09,00:00:32.692,1.60957,1.60942,1.34,1.69
2014.09.09,00:00:33.865,1.60957,1.60942,1.76,1.29
2014.09.09,00:00:33.916,1.60952,1.60942,1,1.29
2014.09.09,00:00:34.850,1.60952,1.60941,1,1.76
2014.09.09,00:00:35.655,1.60956,1.60941,1.76,1.76
2014.09.09,00:00:36.267,1.60956,1.60941,1.09,2.51
2014.09.09,00:00:36.879,1.60952,1.60941,1,2.51
2014.09.09,00:00:37.183,1.60956,1.60941,1.09,1.19
2014.09.09,00:00:38.508,1.60956,1.60941,1.09,1.39
2014.09.09,00:00:39.168,1.60952,1.60941,1,1.29
2014.09.09,00:00:39.624,1.60955,1.6094,1.65,3.64
2014.09.09,00:00:40.137,1.60953,1.6094,1.25,1.76
2014.09.09,00:00:41.067,1.60953,1.6094,1.19,1.01
2014.09.09,00:00:44.714,1.60953,1.6094,1.19,1.32
2014.09.09,00:00:45.377,1.60953,1.6094,1.25,1.07
2014.09.09,00:00:46.588,1.60953,1.60939,1.19,4.01
2014.09.09,00:00:47.153,1.60953,1.60939,1.19,3.34
2014.09.09,00:00:48.731,1.60953,1.60939,1.69,3.34
2014.09.09,00:00:50.638,1.60953,1.60938,1.69,2.59
2014.09.09,00:00:51.161,1.60953,1.60938,1.69,3.26
2014.09.09,00:00:51.927,1.60953,1.60938,1.69,2.59
2014.09.09,00:00:56.116,1.60951,1.60938,1.19,1.57
2014.09.09,00:00:56.521,1.60948,1.60937,1.19,2.32
2014.09.09,00:00:56.825,1.60941,1.6093,1.19,2.32
2014.09.09,00:00:56.876,1.60941,1.6093,1.19,1.57
2014.09.09,00:00:56.927,1.60939,1.60929,1.19,1.2
2014.09.09,00:00:57.130,1.60939,1.60927,1.19,1.57
2014.09.09,00:00:57.332,1.60941,1.60927,1.19,1.19
2014.09.09,00:00:58.347,1.60941,1.60927,1.19,1.76
2014.09.09,00:00:58.855,1.60941,1.60927,1.19,1.36
2014.09.09,00:00:59.980,1.60943,1.60928,3.34,1.29
2014.09.09,00:01:07.874,1.6094,1.60928,1.19,1
2014.09.09,00:01:09.784,1.60942,1.60928,2.51,1.25
2014.09.09,00:01:13.257,1.6094,1.60926,1,2.44
2014.09.09,00:01:14.138,1.60941,1.60926,1.09,2.44
2014.09.09,00:01:14.782,1.60941,1.60926,1.39,3.19
2014.09.09,00:01:16.376,1.60942,1.6093,1.1,1
2014.09.09,00:01:17.600,1.60942,1.6093,1,1.76
2014.09.09,00:01:18.320,1.60945,1.6093,2.51,3.19
2014.09.09,00:01:18.625,1.60946,1.60931,2.44,1.84
2014.09.09,00:01:20.528,1.60946,1.60931,1.76,1.36
2014.09.09,00:01:21.505,1.60946,1.60931,1.76,1.84
2014.09.09,00:01:22.023,1.60946,1.60933,1.69,1.4
2014.09.09,00:01:22.531,1.60946,1.60933,1.25,1.19
2014.09.09,00:01:25.514,1.60946,1.60933,1,1.01
2014.09.09,00:01:27.413,1.60945,1.60933,1.25,1.1
2014.09.09,00:01:27.920,1.60945,1.60933,1.19,1.1
2014.09.09,00:01:28.538,1.60942,1.60933,1.25,1.1
2014.09.09,00:01:29.150,1.60941,1.60932,1.19,1.65
2014.09.09,00:01:29.303,1.60941,1.60931,1.19,1
2014.09.09,00:01:29.982,1.60941,1.6093,1.19,1
2014.09.09,00:01:31.557,1.6094,1.6093,1.19,1
2014.09.09,00:01:33.517,1.60941,1.6093,1.25,1.5
2014.09.09,00:01:34.515,1.60941,1.6093,1.19,1.5
2014.09.09,00:01:37.547,1.60939,1.6093,1.25,1.5
2014.09.09,00:01:38.568,1.6094,1.6093,1.25,1.5
2014.09.09,00:01:39.227,1.6094,1.6093,1.25,1.57
2014.09.09,00:01:39.278,1.60943,1.6093,2.06,1.4
2014.09.09,00:01:40.140,1.60942,1.60932,1.25,1
2014.09.09,00:01:40.784,1.60944,1.60934,1.19,1
2014.09.09,00:01:40.885,1.60946,1.60935,1.76,1.07
2014.09.09,00:01:40.936,1.60946,1.60936,1.5,1.07
2014.09.09,00:01:41.241,1.60951,1.60938,1.19,1.01
2014.09.09,00:01:41.784,1.60952,1.60938,2.44,1.84
2014.09.09,00:01:42.139,1.60952,1.60941,1.69,1
2014.09.09,00:01:42.342,1.60952,1.60938,1.25,2.59
2014.09.09,00:01:42.748,1.60954,1.6094,1.25,1.76
2014.09.09,00:01:43.204,1.60955,1.60944,1.39,1
2014.09.09,00:01:43.761,1.60955,1.60941,1.31,3.26
2014.09.09,00:01:43.863,1.60956,1.60944,1,1.1
2014.09.09,00:01:43.914,1.60958,1.60944,1.76,2.32
2014.09.09,00:01:44.269,1.60958,1.60947,1.19,1.17
2014.09.09,00:01:44.775,1.60959,1.60947,1.69,1
2014.09.09,00:01:45.282,1.60959,1.60944,1.69,3.26
2014.09.09,00:01:45.889,1.60956,1.60945,1,1.09
2014.09.09,00:01:46.396,1.60956,1.60945,1.5,1
2014.09.09,00:01:46.912,1.60957,1.60945,1,1
2014.09.09,00:01:52.046,1.60958,1.60945,1.25,1.1
2014.09.09,00:01:52.552,1.60959,1.60945,2.44,1.17
2014.09.09,00:01:53.064,1.60959,1.60945,3.94,1.09
2014.09.09,00:01:53.571,1.60958,1.60945,1.19,1.01
2014.09.09,00:02:02.026,1.60957,1.60943,1.69,1.76
2014.09.09,00:02:03.038,1.60957,1.60943,1.25,1.69
2014.09.09,00:02:03.544,1.60957,1.60943,1.25,1.76
2014.09.09,00:02:04.050,1.60957,1.60943,1.69,3.26
2014.09.09,00:02:04.659,1.60957,1.60944,1.25,1.26
2014.09.09,00:02:05.165,1.60957,1.60944,1,1.32
2014.09.09,00:02:06.015,1.60957,1.60944,1,1.76
2014.09.09,00:02:07.399,1.60957,1.60947,1,1
2014.09.09,00:02:07.653,1.60961,1.60947,2.44,1.76
2014.09.09,00:02:08.161,1.6096,1.60948,1,1.26
2014.09.09,00:02:08.312,1.60962,1.60948,1.25,2.21
2014.09.09,00:02:08.822,1.60964,1.6095,2.51,1.29
2014.09.09,00:02:09.278,1.60966,1.60953,1.19,1.17
2014.09.09,00:02:09.633,1.60967,1.60953,1.69,1.26
2014.09.09,00:02:10.620,1.60967,1.60953,1.25,1.84
2014.09.09,00:02:13.226,1.60967,1.60953,1.09,1.69
2014.09.09,00:02:13.879,1.60967,1.60953,1.09,1.76
2014.09.09,00:02:18.646,1.60968,1.60955,3.26,1
2014.09.09,00:02:19.682,1.60968,1.60955,2.51,1
2014.09.09,00:02:22.016,1.60968,1.60956,2.25,1
2014.09.09,00:02:22.894,1.60968,1.60954,1.5,2.59
2014.09.09,00:02:24.341,1.60968,1.60956,1,1
2014.09.09,00:02:24.848,1.60969,1.60955,1.76,1.01
2014.09.09,00:02:25.365,1.60968,1.60955,1,1.01
2014.09.09,00:02:25.879,1.60968,1.60955,1.25,1.29
2014.09.09,00:02:27.611,1.60968,1.60955,1.19,1.25
2014.09.09,00:02:28.430,1.60968,1.60954,1.19,2.51
2014.09.09,00:02:28.933,1.60968,1.60954,1.69,1.32
2014.09.09,00:02:29.462,1.60968,1.60954,2.51,1.25
2014.09.09,00:02:30.329,1.60968,1.60954,2.44,1.32
2014.09.09,00:02:31.006,1.60968,1.60954,2.44,1.25
2014.09.09,00:02:36.211,1.60966,1.60954,1.25,1.09
2014.09.09,00:02:37.232,1.60968,1.60954,3.26,1.01
2014.09.09,00:02:39.094,1.60967,1.60953,1.25,1.09
2014.09.09,00:02:39.776,1.60967,1.60953,1.01,1.01
2014.09.09,00:02:40.299,1.60967,1.60953,1.29,1.29
2014.09.09,00:02:43.146,1.60968,1.60953,3.34,1
2014.09.09,00:02:44.568,1.60968,1.60953,3.26,1.07
2014.09.09,00:02:49.067,1.60966,1.60951,1.69,1.39
2014.09.09,00:02:52.167,1.60966,1.60951,1.69,1.84
2014.09.09,00:02:56.259,1.60966,1.60951,1.69,1.39
2014.09.09,00:02:58.188,1.60966,1.60952,1.25,1.09
2014.09.09,00:02:58.720,1.60966,1.60952,1.25,1.69
2014.09.09,00:02:59.279,1.60965,1.60952,1.25,1.29
2014.09.09,00:03:09.338,1.60965,1.60952,1,1.01
2014.09.09,00:03:10.575,1.60965,1.60952,1.1,2.44
2014.09.09,00:03:10.829,1.60967,1.60955,1.5,1.57
2014.09.09,00:03:11.235,1.60968,1.60957,1,1
2014.09.09,00:03:11.741,1.60969,1.60958,1,1
2014.09.09,00:03:14.107,1.6097,1.60958,1.69,1.25
2014.09.09,00:03:15.156,1.6097,1.60961,1.69,1
2014.09.09,00:03:15.611,1.60972,1.60961,2.44,1
2014.09.09,00:03:16.118,1.60973,1.60962,1.25,1
2014.09.09,00:03:16.625,1.60973,1.60961,1.25,1.25
2014.09.09,00:03:17.142,1.60973,1.60961,1,1.32
2014.09.09,00:03:17.653,1.60974,1.60961,1,1.84
2014.09.09,00:03:18.160,1.60974,1.60963,1,1.1
2014.09.09,00:03:19.401,1.60974,1.60963,1,1.29
2014.09.09,00:03:21.429,1.60974,1.60963,1,1.25
2014.09.09,00:03:23.444,1.60974,1.60963,1,1.19
2014.09.09,00:03:24.419,1.60974,1.60963,1,1
2014.09.09,00:03:27.405,1.60974,1.60963,1,1.29
2014.09.09,00:03:29.329,1.60973,1.60963,1,1.17
2014.09.09,00:03:29.482,1.60973,1.6096,1,3.19
2014.09.09,00:03:29.635,1.60972,1.60959,1.25,1.29
2014.09.09,00:03:30.548,1.60972,1.60957,1.25,2.51
2014.09.09,00:03:31.168,1.6097,1.60957,1,2.51
2014.09.09,00:03:31.677,1.6097,1.60957,1,1.76
2014.09.09,00:03:35.542,1.6097,1.60957,1.19,1.01
2014.09.09,00:03:38.565,1.6097,1.60957,1.25,1.1
2014.09.09,00:03:40.571,1.6097,1.60957,1.19,1.01
2014.09.09,00:03:42.457,1.6097,1.60957,1.25,1.29
2014.09.09,00:03:42.967,1.6097,1.60958,1.25,1.09
2014.09.09,00:03:43.473,1.6097,1.60958,1.25,1.01
2014.09.09,00:03:44.018,1.6097,1.60958,1.25,1.32
2014.09.09,00:03:44.539,1.6097,1.60958,1,1.1
2014.09.09,00:03:46.684,1.60969,1.60957,1,1.76
2014.09.09,00:03:49.326,1.6097,1.60957,1,1.76
2014.09.09,00:03:50.036,1.6097,1.60957,1,1.76
2014.09.09,00:03:50.547,1.60971,1.60957,1.76,1.76
2014.09.09,00:03:54.485,1.60972,1.60957,2.51,1.76
2014.09.09,00:03:58.678,1.60969,1.60957,1,1.76
2014.09.09,00:03:59.902,1.60969,1.60957,1,1.76
2014.09.09,00:04:00.105,1.60971,1.60957,1.84,1.69
2014.09.09,00:04:00.613,1.60971,1.60957,1.25,1.84
2014.09.09,00:04:01.494,1.60971,1.60957,1.69,1.84
2014.09.09,00:04:05.606,1.60971,1.60957,1.25,1.84
2014.09.09,00:04:06.618,1.60971,1.60957,1.19,1.36
2014.09.09,00:04:16.524,1.60971,1.60958,1,1.19
2014.09.09,00:04:17.059,1.60973,1.60961,1.69,1
2014.09.09,00:04:17.573,1.60973,1.60961,1.5,1
2014.09.09,00:04:20.241,1.60973,1.60961,1.76,1.25
2014.09.09,00:04:21.223,1.60973,1.60961,1.25,1.25
2014.09.09,00:04:21.747,1.60973,1.60961,1.19,1
2014.09.09,00:04:22.254,1.60973,1.60961,1.25,1.25
2014.09.09,00:04:24.350,1.60974,1.60961,1.07,1.69
2014.09.09,00:04:27.454,1.60974,1.60961,1.32,1.19
2014.09.09,00:04:28.089,1.60974,1.60961,1.25,1.19
2014.09.09,00:04:29.491,1.60974,1.60961,1.1,1.69
2014.09.09,00:04:31.609,1.60975,1.60961,1.76,1.69
2014.09.09,00:04:32.499,1.60975,1.60961,1.57,1.19
2014.09.09,00:04:33.612,1.60974,1.60961,1.1,1.29
2014.09.09,00:04:34.440,1.60975,1.60961,1.5,1.39
2014.09.09,00:04:34.745,1.60976,1.60965,1.25,1
2014.09.09,00:04:35.565,1.60977,1.60965,2.44,1
2014.09.09,00:04:36.577,1.60977,1.60965,2.44,1
2014.09.09,00:04:40.436,1.60977,1.60965,2.44,1.07
2014.09.09,00:04:41.586,1.60977,1.60965,2.44,1.32
2014.09.09,00:04:43.336,1.60977,1.60965,2.44,1.25
2014.09.09,00:04:47.623,1.60977,1.60965,3.26,1
2014.09.09,00:04:50.605,1.60977,1.60965,3,1
2014.09.09,00:04:53.345,1.60977,1.60965,3.07,1
2014.09.09,00:04:54.177,1.60977,1.60965,3.15,1
2014.09.09,00:05:00.039,1.60977,1.60965,3.26,1
2014.09.09,00:05:05.080,1.60977,1.60965,3.82,1
2014.09.09,00:05:05.182,1.60977,1.60965,3.07,1
2014.09.09,00:05:05.690,1.60975,1.60965,1,1
2014.09.09,00:05:06.174,1.60975,1.60963,1.25,1.25
2014.09.09,00:05:06.710,1.60974,1.60963,1,1.25
2014.09.09,00:05:08.398,1.60974,1.60962,1,1
2014.09.09,00:05:08.923,1.60975,1.60961,1.39,1.01
2014.09.09,00:05:09.075,1.60974,1.60961,1.09,1
2014.09.09,00:05:09.582,1.60972,1.60961,1,1
2014.09.09,00:05:11.571,1.60973,1.60961,1.69,1
2014.09.09,00:05:14.103,1.60973,1.60961,1,1.19
2014.09.09,00:05:14.630,1.60974,1.60961,1.25,1.29
2014.09.09,00:05:15.153,1.60974,1.60961,1.19,1.01
2014.09.09,00:05:16.118,1.60975,1.60961,3.64,1
2014.09.09,00:05:17.070,1.60974,1.60961,1.31,1
2014.09.09,00:05:17.577,1.60974,1.60959,1.46,1.29
2014.09.09,00:05:18.117,1.60975,1.60959,3.71,1.39
2014.09.09,00:05:18.691,1.60975,1.60959,4.39,1.39
2014.09.09,00:05:19.220,1.60975,1.60959,4.39,1.76
2014.09.09,00:05:20.518,1.60975,1.60959,2.96,1.36
2014.09.09,00:05:21.517,1.60974,1.60959,1.39,1.36
2014.09.09,00:05:22.997,1.60975,1.60959,3.64,1.29
2014.09.09,00:05:23.547,1.60974,1.60959,1.39,1.19
2014.09.09,00:05:24.052,1.60975,1.60959,3.64,1.29
2014.09.09,00:05:24.559,1.60975,1.60959,2.96,1.19
2014.09.09,00:05:25.308,1.60973,1.60959,1,1.19
2014.09.09,00:05:25.612,1.60971,1.60957,1.25,1.39
2014.09.09,00:05:26.423,1.60971,1.60956,1.25,1.84
2014.09.09,00:05:31.531,1.60971,1.60956,1.25,1.76
2014.09.09,00:05:32.092,1.60971,1.60956,1.25,1.34
2014.09.09,00:05:37.678,1.6097,1.60956,1,1.34
2014.09.09,00:05:37.779,1.60968,1.60956,1,1.34
2014.09.09,00:05:39.021,1.60968,1.60956,1,1.84
2014.09.09,00:05:39.541,1.60969,1.60956,1,1.84
2014.09.09,00:05:44.060,1.60969,1.60956,1,1.4
2014.09.09,00:05:44.608,1.60968,1.60954,2.25,1.84
2014.09.09,00:05:46.049,1.60968,1.60955,1.19,1.01
2014.09.09,00:05:50.219,1.60968,1.60954,1.19,1.26
2014.09.09,00:05:50.725,1.60968,1.60953,1.19,1.84
2014.09.09,00:05:51.231,1.60968,1.60954,1.19,1.26
2014.09.09,00:05:51.841,1.60968,1.60953,1.19,2.51
2014.09.09,00:05:52.755,1.60968,1.60954,1.19,1.01
2014.09.09,00:05:53.938,1.60968,1.60953,1.19,1.84
2014.09.09,00:05:54.914,1.60965,1.60953,1,1.26
2014.09.09,00:05:55.116,1.60967,1.60953,1.25,1.26
2014.09.09,00:05:56.097,1.60967,1.60952,1.19,3.19
2014.09.09,00:05:58.198,1.60967,1.60952,1.69,2.44
2014.09.09,00:05:58.711,1.60967,1.60952,1.69,1.84
2014.09.09,00:05:59.161,1.60967,1.60952,1.25,1.84
2014.09.09,00:06:01.700,1.60967,1.60952,1.25,2.51
2014.09.09,00:06:02.245,1.60967,1.60953,1,1.69
2014.09.09,00:06:02.841,1.60968,1.60954,3.94,1.4
2014.09.09,00:06:03.350,1.60968,1.60954,1.69,3.19
2014.09.09,00:06:03.857,1.60968,1.60954,1.69,1.19
2014.09.09,00:06:08.882,1.60968,1.60954,1.69,1.76
2014.09.09,00:06:11.711,1.60968,1.60954,1.76,1.36
2014.09.09,00:06:12.601,1.60968,1.60954,1.29,1.69
2014.09.09,00:06:15.207,1.60968,1.60954,1.25,2.51
2014.09.09,00:06:15.714,1.60968,1.60956,1.25,1.09
2014.09.09,00:06:19.322,1.60968,1.60956,1.25,1.01
2014.09.09,00:06:19.830,1.60968,1.60956,1.25,1.32
2014.09.09,00:06:20.799,1.60968,1.60956,1.25,1.01
2014.09.09,00:06:22.241,1.60968,1.60956,1.25,1.09
2014.09.09,00:06:23.145,1.60968,1.60956,1.25,1.01
2014.09.09,00:06:24.272,1.60968,1.60956,1,1.29
2014.09.09,00:06:25.263,1.60968,1.60956,1,1.01
2014.09.09,00:06:26.084,1.60968,1.60957,1,1
2014.09.09,00:06:28.270,1.60968,1.60957,1,1.17
2014.09.09,00:06:28.753,1.60968,1.60955,1,1.4
2014.09.09,00:06:29.489,1.60968,1.60956,1,1.07
2014.09.09,00:06:30.011,1.60968,1.60955,1,2.51
2014.09.09,00:06:32.600,1.60968,1.60956,1,1.01
2014.09.09,00:06:33.578,1.60968,1.60955,1,2.59
2014.09.09,00:06:34.283,1.60968,1.60955,1,1.84
2014.09.09,00:06:35.257,1.60968,1.60955,1,2.59
2014.09.09,00:06:36.275,1.60968,1.60955,1,1.84
2014.09.09,00:06:38.275,1.60968,1.60955,1,1.36
2014.09.09,00:06:39.282,1.60968,1.60956,1,1.01
2014.09.09,00:06:40.274,1.60968,1.60956,1,1.29
2014.09.09,00:06:42.487,1.6097,1.60957,1,1.32
2014.09.09,00:06:42.588,1.6097,1.60956,1,1.34
2014.09.09,00:06:44.107,1.6097,1.60956,1.25,1.84
2014.09.09,00:06:47.507,1.60972,1.60957,1.19,1.76
2014.09.09,00:06:47.925,1.60973,1.60957,3.26,3.26
2014.09.09,00:06:48.474,1.60973,1.60958,2.44,1.3
2014.09.09,00:06:48.779,1.60973,1.6096,2.81,1.07
2014.09.09,00:06:49.083,1.60974,1.60963,1.5,1.01
2014.09.09,00:06:49.334,1.60976,1.60964,1.25,1.3
2014.09.09,00:06:49.994,1.60977,1.60964,1,1.32
2014.09.09,00:06:50.096,1.60977,1.60966,1,1.07
2014.09.09,00:06:50.602,1.60978,1.60965,1.37,2.44
2014.09.09,00:06:50.906,1.6097,1.60961,1,1.07
2014.09.09,00:06:51.059,1.60973,1.60959,1.69,3
2014.09.09,00:06:51.414,1.60969,1.6096,1,1.5
2014.09.09,00:06:51.920,1.60969,1.6096,1,1.07
2014.09.09,00:06:52.512,1.60973,1.6096,1.19,2.25
2014.09.09,00:06:53.330,1.60974,1.6096,3.19,2.44
2014.09.09,00:06:53.838,1.60974,1.6096,3.19,1.76
2014.09.09,00:06:54.496,1.60974,1.6096,3.19,1.01
2014.09.09,00:06:56.993,1.60974,1.6096,3.19,1.69
2014.09.09,00:06:57.494,1.60974,1.6096,3.19,1.4
2014.09.09,00:06:59.313,1.60973,1.6096,1.19,1.07
2014.09.09,00:07:00.009,1.60973,1.6096,1.19,1.57
2014.09.09,00:07:00.522,1.60974,1.6096,3.19,1.07
2014.09.09,00:07:01.722,1.60974,1.6096,3.19,1.76
2014.09.09,00:07:01.930,1.60974,1.60958,4.31,4.69
2014.09.09,00:07:03.825,1.60974,1.60958,4.31,1.09
2014.09.09,00:07:04.411,1.60974,1.60958,4.31,1.76
2014.09.09,00:07:05.430,1.60974,1.60958,4.31,1.84
2014.09.09,00:07:06.214,1.60974,1.6096,4.31,1.22
2014.09.09,00:07:06.730,1.60973,1.60959,1.19,1.97
2014.09.09,00:07:12.539,1.60973,1.60959,1.19,1.3
2014.09.09,00:07:15.362,1.60973,1.60958,1.19,1.76
2014.09.09,00:07:18.489,1.60972,1.60958,1.25,1.3
2014.09.09,00:07:25.172,1.60972,1.60958,1.69,1.09
2014.09.09,00:07:26.780,1.60972,1.60958,1.25,1.3
2014.09.09,00:07:29.092,1.60972,1.60957,1.25,1.76
2014.09.09,00:07:29.660,1.60972,1.60958,1.25,1.32
2014.09.09,00:07:30.736,1.60969,1.60958,1,1.69
2014.09.09,00:07:30.788,1.60969,1.60958,1,1.01
2014.09.09,00:07:30.990,1.6097,1.60958,1,1.3
2014.09.09,00:07:31.533,1.60969,1.60957,1.5,3.26
2014.09.09,00:07:31.786,1.60971,1.60957,1.25,3.26
2014.09.09,00:07:32.291,1.60971,1.60958,1.25,1.01
2014.09.09,00:07:35.701,1.60971,1.60957,1.25,2.59
2014.09.09,00:07:36.208,1.60971,1.60958,1.25,1.01
2014.09.09,00:07:36.714,1.60971,1.60957,1.25,3.26
2014.09.09,00:07:37.239,1.60971,1.60958,1.25,1.01
2014.09.09,00:07:48.897,1.60971,1.60957,1,2.51
2014.09.09,00:07:53.669,1.60971,1.60957,1.19,2.51
2014.09.09,00:07:56.172,1.60969,1.60956,1,2.04
2014.09.09,00:07:56.678,1.60969,1.60956,1.19,1.69
2014.09.09,00:07:57.195,1.60969,1.60956,1.19,1.97
2014.09.09,00:07:57.706,1.60969,1.60956,1.19,1.32
2014.09.09,00:07:57.908,1.60968,1.60954,1.25,3.26
2014.09.09,00:07:58.452,1.60968,1.60955,1.69,1.32
2014.09.09,00:07:59.493,1.60968,1.60955,1.69,1.07
2014.09.09,00:08:00.935,1.60968,1.60957,1.25,1.07
2014.09.09,00:08:01.239,1.60968,1.60959,1.25,1.07
2014.09.09,00:08:01.543,1.60968,1.60957,1.19,1.5
2014.09.09,00:08:02.471,1.60968,1.60957,1,1.5
2014.09.09,00:08:07.240,1.60969,1.60957,1.25,1.5
2014.09.09,00:08:07.804,1.60969,1.60955,1.69,2.44
2014.09.09,00:08:08.317,1.60969,1.60956,1.69,1.3
2014.09.09,00:08:09.615,1.60969,1.60956,1.69,1.97
2014.09.09,00:08:13.785,1.60969,1.60956,2.44,1.5
2014.09.09,00:08:15.433,1.60969,1.60955,2.44,2.44
2014.09.09,00:08:15.983,1.60969,1.60955,1.69,2.25
2014.09.09,00:08:17.815,1.60969,1.60955,1.69,2.44
2014.09.09,00:08:19.034,1.60969,1.60955,1.69,1.76
2014.09.09,00:08:23.736,1.60969,1.60955,1.69,1.4
2014.09.09,00:08:25.170,1.60969,1.60956,1.69,1.07
2014.09.09,00:08:26.388,1.60969,1.60956,1.69,1.1
2014.09.09,00:08:26.590,1.60969,1.60956,1.69,1.57
2014.09.09,00:08:27.096,1.60969,1.60956,1.69,1.57
2014.09.09,00:08:27.248,1.60968,1.60954,1.69,1.69
2014.09.09,00:08:27.400,1.60965,1.60953,1,2.44
2014.09.09,00:08:27.714,1.60963,1.60951,1.87,1.19
2014.09.09,00:08:28.020,1.60961,1.60951,1,1.19
2014.09.09,00:08:28.526,1.60961,1.6095,1,1.69
2014.09.09,00:08:29.096,1.60963,1.6095,1.07,1.69
2014.09.09,00:08:29.614,1.60963,1.6095,1.1,1.69
2014.09.09,00:08:30.564,1.60963,1.6095,1.17,1.69
2014.09.09,00:08:31.070,1.60963,1.6095,1.27,1.69
2014.09.09,00:08:32.564,1.60963,1.6095,1.2,1.25
2014.09.09,00:08:33.075,1.60963,1.6095,1.57,1.25
2014.09.09,00:08:33.176,1.60963,1.6095,1.1,1.25
2014.09.09,00:08:33.329,1.60961,1.6095,1,1.25
2014.09.09,00:08:34.564,1.60961,1.6095,1,1.19
2014.09.09,00:08:35.071,1.60962,1.6095,1,1.19
2014.09.09,00:08:38.550,1.60962,1.6095,1,1
2014.09.09,00:08:39.057,1.60962,1.6095,1.07,1
2014.09.09,00:08:39.559,1.60962,1.6095,1.1,1
2014.09.09,00:08:40.091,1.60962,1.6095,1.2,1.19
2014.09.09,00:08:41.243,1.6096,1.6095,1,1.19
2014.09.09,00:08:41.998,1.60962,1.6095,1.57,1.19
2014.09.09,00:08:42.684,1.60962,1.6095,1.1,1.25
2014.09.09,00:08:43.674,1.60962,1.6095,1.1,1.19
2014.09.09,00:08:44.398,1.60962,1.6095,1.17,1.19
2014.09.09,00:08:44.910,1.60962,1.6095,1.2,1.19
2014.09.09,00:08:47.654,1.60962,1.6095,1.01,1.25
2014.09.09,00:08:50.670,1.60962,1.6095,1,1.19
2014.09.09,00:08:53.687,1.60962,1.6095,1,1.25
2014.09.09,00:08:54.191,1.60962,1.6095,1.17,1.25
2014.09.09,00:08:54.938,1.60962,1.6095,1,1.25
2014.09.09,00:08:57.601,1.60962,1.60951,1,1.19
2014.09.09,00:08:57.703,1.60962,1.60949,1,1.69
2014.09.09,00:08:58.679,1.60962,1.60949,1.1,1.25
2014.09.09,00:08:59.182,1.60962,1.60948,1.57,2.06
2014.09.09,00:08:59.711,1.60962,1.60949,1.57,1.31
2014.09.09,00:09:00.217,1.60962,1.60949,1.65,1.19
2014.09.09,00:09:00.721,1.60962,1.60949,1.57,1.19
2014.09.09,00:09:01.250,1.60962,1.60949,1.65,1.19
2014.09.09,00:09:02.159,1.60962,1.60949,1.65,1.19
2014.09.09,00:09:02.538,1.60962,1.60949,2.32,1.19
2014.09.09,00:09:02.792,1.60962,1.60948,2.44,1
2014.09.09,00:09:02.893,1.60956,1.60946,1,1.17
2014.09.09,00:09:03.198,1.60953,1.6094,2.51,1.25
2014.09.09,00:09:03.502,1.60953,1.60941,1.2,1.12
2014.09.09,00:09:04.009,1.60955,1.60939,1.34,3.19
2014.09.09,00:09:04.515,1.60955,1.60941,1.34,1.5
2014.09.09,00:09:05.059,1.60956,1.60942,1.36,1
2014.09.09,00:09:05.211,1.60957,1.60944,1.84,1
2014.09.09,00:09:05.718,1.60957,1.60945,1.69,1
2014.09.09,00:09:06.224,1.60957,1.60944,1.36,1.25
2014.09.09,00:09:06.832,1.60957,1.60945,1,1
2014.09.09,00:09:07.805,1.60957,1.60946,1.2,1
2014.09.09,00:09:12.141,1.60955,1.60946,1.19,1
2014.09.09,00:09:12.192,1.60955,1.60944,1.19,1.57
2014.09.09,00:09:13.154,1.60955,1.60944,1.25,1
2014.09.09,00:09:13.661,1.60954,1.60943,1.1,1
2014.09.09,00:09:14.168,1.60954,1.60943,1.39,1
2014.09.09,00:09:14.588,1.60954,1.60941,1.36,1.25
2014.09.09,00:09:14.892,1.60953,1.60944,1.01,1
2014.09.09,00:09:15.197,1.60953,1.6094,1.1,2.44
2014.09.09,00:09:16.131,1.60954,1.6094,2.06,3.19
2014.09.09,00:09:16.183,1.60954,1.6094,2.81,3.19
2014.09.09,00:09:17.165,1.60954,1.6094,1.76,3.07
2014.09.09,00:09:17.983,1.60954,1.60941,1.26,1
2014.09.09,00:09:18.296,1.60954,1.60943,1.26,1
2014.09.09,00:09:18.398,1.60954,1.6094,1.76,2.25
2014.09.09,00:09:18.928,1.60954,1.60943,1.76,1
2014.09.09,00:09:19.080,1.60954,1.60941,1.76,1
2014.09.09,00:09:20.185,1.60954,1.6094,2.51,3.94
2014.09.09,00:09:20.739,1.60954,1.6094,2.44,3.34
2014.09.09,00:09:20.891,1.6095,1.6094,1,2.59
2014.09.09,00:09:21.246,1.60951,1.60937,2.81,1.32
2014.09.09,00:09:21.703,1.60947,1.60936,1,1.26
2014.09.09,00:09:22.007,1.60949,1.60936,1.25,1.26
2014.09.09,00:09:22.211,1.60949,1.60941,1.25,1
2014.09.09,00:09:22.717,1.6095,1.60941,1,1
2014.09.09,00:09:22.870,1.6095,1.60938,1.25,1.01
2014.09.09,00:09:23.883,1.60952,1.60937,2.59,1.57
2014.09.09,00:09:28.076,1.60951,1.60937,1.25,1.25
2014.09.09,00:09:28.909,1.60951,1.60937,1.09,1.69
2014.09.09,00:09:30.101,1.60951,1.60937,1.01,1.76
2014.09.09,00:09:34.626,1.60951,1.60937,1.25,1.76
2014.09.09,00:09:35.843,1.60952,1.60941,1,1
2014.09.09,00:09:36.299,1.60954,1.60942,1,1
2014.09.09,00:09:36.351,1.60956,1.60946,1.76,1
2014.09.09,00:09:36.655,1.60959,1.60947,2.44,1.1
2014.09.09,00:09:40.773,1.60959,1.60946,1,1.25
2014.09.09,00:09:41.078,1.60961,1.60949,3.26,1
2014.09.09,00:09:41.825,1.60961,1.60948,4.76,1
2014.09.09,00:09:42.346,1.6096,1.60947,1.26,1.25
2014.09.09,00:09:43.743,1.6096,1.60947,1.76,1
2014.09.09,00:09:44.277,1.6096,1.60945,2.51,1.69
2014.09.09,00:09:46.144,1.60957,1.60945,1,1.19
2014.09.09,00:09:46.818,1.60959,1.60945,1.69,1.19
2014.09.09,00:09:48.768,1.6096,1.60945,3.26,1.25
2014.09.09,00:09:50.751,1.6096,1.60945,4.01,1.19
2014.09.09,00:09:51.793,1.6096,1.60945,2.51,1.01
2014.09.09,00:09:52.348,1.6096,1.60945,2.51,1.09
2014.09.09,00:09:53.672,1.6096,1.60945,2.51,1.25
2014.09.09,00:10:00.315,1.6096,1.60945,2.51,1.32
2014.09.09,00:10:01.183,1.6096,1.60945,1.69,1.76
2014.09.09,00:10:01.845,1.60959,1.60944,1.69,1.36
2014.09.09,00:10:01.947,1.60959,1.60947,1.25,1
2014.09.09,00:10:02.457,1.60959,1.60947,1.19,1
2014.09.09,00:10:03.015,1.60959,1.60947,1.25,1.25
2014.09.09,00:10:03.724,1.60958,1.60947,1,1.25
2014.09.09,00:10:04.992,1.60958,1.60947,1,1.09
2014.09.09,00:10:05.537,1.60959,1.60947,1,1.76
2014.09.09,00:10:07.032,1.60959,1.60947,1,1.09
2014.09.09,00:10:10.714,1.60959,1.60947,1,1.57
2014.09.09,00:10:11.752,1.60959,1.60947,1,1.2
2014.09.09,00:10:12.259,1.6096,1.60947,1.69,1.39
2014.09.09,00:10:14.042,1.6096,1.60947,1.19,1.09
2014.09.09,00:10:16.519,1.60961,1.60947,1.69,1.39
2014.09.09,00:10:22.957,1.60961,1.60947,2.51,1.01
2014.09.09,00:10:23.008,1.60959,1.60947,1,1.01
2014.09.09,00:10:23.518,1.6096,1.60947,1.5,1.01
2014.09.09,00:10:24.064,1.6096,1.60947,1.69,1.29
2014.09.09,00:10:24.954,1.6096,1.60947,1.69,1.01
2014.09.09,00:10:33.695,1.60958,1.60947,1.19,1
2014.09.09,00:10:33.847,1.60958,1.60943,1.69,1.84
2014.09.09,00:10:33.950,1.60955,1.60943,1,1.29
2014.09.09,00:10:34.204,1.60955,1.60942,1.25,1.19
2014.09.09,00:10:34.745,1.60955,1.60941,1.09,1.19
2014.09.09,00:10:35.163,1.60955,1.6094,1.46,1.29
2014.09.09,00:10:36.214,1.60955,1.60941,1.76,1.76
2014.09.09,00:10:39.223,1.60956,1.60941,1,3.26
2014.09.09,00:10:39.730,1.60956,1.60942,1,1.01
2014.09.09,00:10:41.053,1.60957,1.60944,1.19,1.32
2014.09.09,00:10:41.359,1.6096,1.6095,1,1.57
2014.09.09,00:10:41.620,1.60963,1.6095,1,2.51
2014.09.09,00:10:42.076,1.60966,1.60953,1.29,1.25
2014.09.09,00:10:42.228,1.60966,1.60955,1.69,1
2014.09.09,00:10:42.330,1.60966,1.60953,1.19,1.76
2014.09.09,00:10:42.838,1.60966,1.60954,1.19,1
2014.09.09,00:10:43.142,1.60967,1.60953,1.31,1.01
2014.09.09,00:10:43.294,1.60969,1.60954,1.19,3
2014.09.09,00:10:43.598,1.60969,1.60958,1.19,1
2014.09.09,00:10:44.206,1.6097,1.60958,2.44,1
2014.09.09,00:10:45.231,1.6097,1.60958,1.69,1
2014.09.09,00:10:49.231,1.6097,1.60958,2.44,1
2014.09.09,00:10:49.737,1.6097,1.60956,2.44,1.84
2014.09.09,00:10:50.381,1.6097,1.60956,2.51,1.76
2014.09.09,00:10:50.929,1.6097,1.60956,3.19,1.09
2014.09.09,00:10:51.437,1.6097,1.60958,2.44,1
2014.09.09,00:10:51.972,1.6097,1.60956,2.44,1.76
2014.09.09,00:10:52.226,1.6097,1.60956,1.69,1.76
2014.09.09,00:10:53.213,1.6097,1.60956,1.69,1.84
2014.09.09,00:10:54.226,1.6097,1.60956,1.69,1.84
2014.09.09,00:10:56.222,1.6097,1.60959,1.69,1
2014.09.09,00:10:56.728,1.6097,1.60956,1.69,2.59
2014.09.09,00:10:56.931,1.6097,1.60956,1.69,1.84
2014.09.09,00:10:57.437,1.6097,1.60956,1.69,1.84
2014.09.09,00:10:57.943,1.6097,1.60956,1.69,1.2
2014.09.09,00:10:58.348,1.6097,1.60956,1.69,1.57
2014.09.09,00:10:58.854,1.6097,1.60956,1.69,3.75
2014.09.09,00:10:58.955,1.6097,1.60956,1.69,2.32
2014.09.09,00:11:00.036,1.6097,1.60956,2.44,1.32
2014.09.09,00:11:01.188,1.6097,1.60956,1.69,1.07
2014.09.09,00:11:03.143,1.6097,1.60956,1.69,1.76
2014.09.09,00:11:04.168,1.6097,1.60956,1.69,1.26
2014.09.09,00:11:05.749,1.6097,1.60956,1.25,1.76
2014.09.09,00:11:06.290,1.6097,1.60956,1.25,3.26
2014.09.09,00:11:07.961,1.6097,1.60956,1.19,3.26
2014.09.09,00:11:10.710,1.60972,1.60958,1.76,1.01
2014.09.09,00:11:10.913,1.60968,1.60958,1,1.01
2014.09.09,00:11:12.057,1.60968,1.60961,1,1
2014.09.09,00:11:12.513,1.60968,1.60959,1,1
2014.09.09,00:11:13.024,1.60968,1.60958,1,1
2014.09.09,00:11:13.531,1.60968,1.60957,1,1
2014.09.09,00:11:14.177,1.60968,1.60957,1,1.76
2014.09.09,00:11:14.683,1.60968,1.60957,1,2.51
2014.09.09,00:11:15.191,1.60968,1.60957,1,2.51
2014.09.09,00:11:16.213,1.60968,1.60957,1,1.76
2014.09.09,00:11:16.779,1.60968,1.60957,1,1.76
2014.09.09,00:11:18.185,1.60968,1.60957,1,1.5
2014.09.09,00:11:25.545,1.60968,1.60957,1,1.57
2014.09.09,00:11:30.455,1.60968,1.60957,1.25,1.1
2014.09.09,00:11:30.963,1.60968,1.60958,1.25,1
2014.09.09,00:11:32.612,1.60968,1.60957,1.25,1.57
2014.09.09,00:11:35.566,1.60968,1.60957,1,2.32
2014.09.09,00:11:35.718,1.60968,1.6096,1,1
2014.09.09,00:11:39.765,1.60968,1.60959,1,1.5
2014.09.09,00:11:43.415,1.60968,1.60958,1,1
2014.09.09,00:11:51.303,1.60968,1.60957,1,1.76
2014.09.09,00:11:51.809,1.60968,1.60957,1,1.17
2014.09.09,00:11:52.315,1.60968,1.60957,1,1
2014.09.09,00:11:54.705,1.60968,1.60958,1.25,1
2014.09.09,00:11:55.959,1.60968,1.60959,1.25,1
2014.09.09,00:11:57.473,1.60968,1.60958,1.25,1
2014.09.09,00:12:00.394,1.60968,1.60956,1,2.51
2014.09.09,00:12:01.052,1.60968,1.60956,1,3.26
2014.09.09,00:12:01.576,1.60968,1.60956,1.25,2.51
2014.09.09,00:12:02.426,1.60968,1.60956,1.25,3.19
2014.09.09,00:12:02.930,1.60968,1.60956,1.25,2.59
2014.09.09,00:12:03.375,1.60968,1.60956,1.25,3.26
2014.09.09,00:12:07.393,1.60968,1.60957,1,3.94
2014.09.09,00:12:07.759,1.60968,1.60957,1,2.4
2014.09.09,00:12:07.810,1.60968,1.6096,1,1
2014.09.09,00:12:07.861,1.60972,1.6096,1.19,1
2014.09.09,00:12:08.372,1.60973,1.60959,1.69,1.84
2014.09.09,00:12:08.874,1.60973,1.6096,1.69,1
2014.09.09,00:12:09.380,1.60973,1.60961,1.19,1
2014.09.09,00:12:11.990,1.60973,1.60961,1.69,1
2014.09.09,00:12:22.797,1.60973,1.6096,1.76,1
2014.09.09,00:12:23.303,1.60973,1.60959,1.76,2.51
2014.09.09,00:12:25.419,1.60973,1.60958,1.19,2.51
2014.09.09,00:12:25.950,1.60973,1.60958,1.29,1.84
2014.09.09,00:12:28.822,1.60971,1.60958,1.19,1.1
2014.09.09,00:12:29.126,1.60971,1.60959,1.19,1.17
2014.09.09,00:12:29.227,1.60973,1.60958,1.29,1.36
2014.09.09,00:12:29.278,1.60973,1.60961,1.29,1
2014.09.09,00:12:29.801,1.60973,1.6096,1.29,1
2014.09.09,00:12:30.311,1.60974,1.6096,3.71,1
2014.09.09,00:12:33.251,1.60973,1.6096,1.19,1
2014.09.09,00:12:38.323,1.60974,1.60961,2.62,1
2014.09.09,00:12:38.476,1.60976,1.60962,1.5,1
2014.09.09,00:12:38.578,1.60977,1.60963,1.69,1.16
2014.09.09,00:12:38.628,1.60978,1.60963,1.29,1.91
2014.09.09,00:12:38.730,1.60979,1.60964,1.29,1.59
2014.09.09,00:12:38.882,1.60979,1.60964,1.19,1.36
2014.09.09,00:12:39.562,1.60979,1.60966,1.19,1
2014.09.09,00:12:45.032,1.6098,1.60966,1.69,1.19
2014.09.09,00:12:47.670,1.6098,1.60966,1.69,2.51
2014.09.09,00:12:48.075,1.6098,1.60966,1.25,2.51
2014.09.09,00:12:48.798,1.6098,1.60966,1.25,2.59
2014.09.09,00:12:49.326,1.6098,1.60966,1.25,3.26
2014.09.09,00:12:50.042,1.6098,1.60966,1.19,3.26
2014.09.09,00:12:51.788,1.6098,1.60966,1.19,2.51
2014.09.09,00:12:52.417,1.6098,1.60966,1.19,3.26
2014.09.09,00:12:52.981,1.6098,1.60966,1.69,3.26
2014.09.09,00:12:53.992,1.6098,1.60966,1.19,3.07
2014.09.09,00:12:55.975,1.6098,1.60966,1.69,2.51
2014.09.09,00:12:57.141,1.6098,1.60966,1.69,1.76
2014.09.09,00:12:57.816,1.6098,1.60966,1.69,1.69
2014.09.09,00:12:59.300,1.6098,1.60966,1.69,1.76
2014.09.09,00:13:07.443,1.6098,1.60966,1.69,2.44
2014.09.09,00:13:08.021,1.6098,1.60966,1.69,1.84
2014.09.09,00:13:10.114,1.60979,1.60966,1.19,1.84
2014.09.09,00:13:10.759,1.60979,1.60966,1.19,1.84
2014.09.09,00:13:11.305,1.60979,1.60966,1.19,1.84
2014.09.09,00:13:11.842,1.60979,1.60966,1.19,1.76
2014.09.09,00:13:12.351,1.60979,1.60967,1.19,1.17
2014.09.09,00:13:13.089,1.60979,1.60967,1,1.17
2014.09.09,00:13:14.285,1.60979,1.60969,1.25,1
2014.09.09,00:13:14.740,1.60979,1.60969,1.25,1.57
2014.09.09,00:13:21.417,1.60979,1.60968,1.25,1.57
2014.09.09,00:13:21.469,1.60979,1.60967,1.31,1.84
2014.09.09,00:13:21.977,1.60979,1.60967,2.06,1.01
2014.09.09,00:13:22.838,1.60979,1.60967,1.19,1
2014.09.09,00:13:24.945,1.60979,1.60967,1.69,1.1
2014.09.09,00:13:26.915,1.60979,1.60967,1.25,1.57
2014.09.09,00:13:33.437,1.60979,1.60967,1.69,1.57
2014.09.09,00:13:34.426,1.60979,1.60967,1.25,1.57
2014.09.09,00:13:36.791,1.60979,1.60968,1.25,1
2014.09.09,00:13:36.842,1.60979,1.6097,1.25,1
2014.09.09,00:13:37.145,1.60983,1.60971,1.69,1.57
2014.09.09,00:13:37.196,1.60983,1.60973,1.69,1
2014.09.09,00:13:37.702,1.60983,1.60974,1.19,1
2014.09.09,00:13:38.173,1.60985,1.60974,2.81,1
2014.09.09,00:13:45.062,1.60985,1.60974,2.06,1
2014.09.09,00:13:45.164,1.60986,1.60972,2.06,1.25
2014.09.09,00:13:45.316,1.60986,1.60972,1.19,2.81
2014.09.09,00:13:46.856,1.60987,1.60972,1.31,2.89
2014.09.09,00:13:50.073,1.60988,1.60972,2.89,3.64
2014.09.09,00:13:52.302,1.60988,1.60972,2.81,4.31
2014.09.09,00:13:55.908,1.60988,1.60972,2.89,3.64
2014.09.09,00:13:58.120,1.60986,1.60972,1.19,3.64
2014.09.09,00:13:58.799,1.60986,1.60972,1.39,1.01
2014.09.09,00:13:59.102,1.60987,1.60972,2.02,1.01
2014.09.09,00:13:59.203,1.60987,1.60973,2.21,1.19
2014.09.09,00:13:59.705,1.60987,1.60973,2.89,1.19
2014.09.09,00:14:01.084,1.60987,1.60974,2.89,1.19
2014.09.09,00:14:01.606,1.60987,1.60974,2.21,1.19
2014.09.09,00:14:04.620,1.60986,1.60973,1.95,1.19
2014.09.09,00:14:04.823,1.60988,1.60973,2.06,1.39
2014.09.09,00:14:05.330,1.60986,1.60974,1.12,1.19
2014.09.09,00:14:06.126,1.60986,1.60972,1.12,2.59
2014.09.09,00:14:09.108,1.60987,1.60972,2.14,1.69
2014.09.09,00:14:10.172,1.60987,1.60972,2.14,2.44
2014.09.09,00:14:14.180,1.60987,1.60972,2.96,1.19
2014.09.09,00:14:15.134,1.60987,1.60972,2.96,1.19
2014.09.09,00:14:15.843,1.60987,1.60971,2.81,2.89
2014.09.09,00:14:16.358,1.60987,1.60971,2.81,2.21
2014.09.09,00:14:16.630,1.60985,1.60972,1,1.32
2014.09.09,00:14:17.179,1.60987,1.60972,2.81,1.3
2014.09.09,00:14:18.190,1.60986,1.60972,1.31,1.3
2014.09.09,00:14:24.152,1.60986,1.60972,1.25,1.76
2014.09.09,00:14:24.607,1.60986,1.60972,1.09,1.25
2014.09.09,00:14:26.155,1.60986,1.60972,1.84,1.25
2014.09.09,00:14:37.574,1.60985,1.60971,1.26,1.31
2014.09.09,00:14:39.308,1.60985,1.60971,1.07,1.69
2014.09.09,00:14:39.612,1.60989,1.60978,1.19,1
2014.09.09,00:14:40.525,1.60989,1.60978,1.25,1
2014.09.09,00:14:41.588,1.60989,1.60977,1.25,1
2014.09.09,00:14:42.093,1.60989,1.60976,1.32,1
2014.09.09,00:14:42.613,1.60989,1.60976,1.01,1
2014.09.09,00:14:45.075,1.60989,1.60974,1.01,2.59
2014.09.09,00:14:45.833,1.60989,1.60974,1.84,1.76
2014.09.09,00:14:46.541,1.60989,1.60975,2.59,1.25
2014.09.09,00:14:46.745,1.6099,1.60977,1.25,1.5
2014.09.09,00:14:46.999,1.60992,1.60979,1.29,1
2014.09.09,00:14:47.745,1.60992,1.60978,1.29,1.25
2014.09.09,00:14:48.707,1.60993,1.60978,3.34,1
2014.09.09,00:14:50.290,1.60991,1.60977,1.25,2.06
2014.09.09,00:14:50.815,1.60991,1.60977,1.19,2.06
2014.09.09,00:14:51.744,1.60991,1.60977,1.1,2.14
2014.09.09,00:14:52.750,1.60991,1.60977,1.19,2.14
2014.09.09,00:14:57.749,1.60992,1.60977,1.29,2.96
2014.09.09,00:14:58.719,1.60993,1.60977,5.51,2.14
2014.09.09,00:15:01.538,1.60991,1.60977,1.26,1.25
2014.09.09,00:15:03.341,1.60988,1.60977,1,1.25
2014.09.09,00:15:19.430,1.60988,1.60976,1.25,1.25
2014.09.09,00:15:19.968,1.60988,1.60973,1.84,1.69
2014.09.09,00:15:20.786,1.60988,1.60973,2.59,1.19
2014.09.09,00:15:21.778,1.60988,1.60973,1.84,1.69
2014.09.09,00:15:22.811,1.60988,1.60973,1.84,1.25
2014.09.09,00:15:23.818,1.60988,1.60973,1.84,1.69
2014.09.09,00:15:24.814,1.60988,1.60973,2.59,1.19
2014.09.09,00:15:25.824,1.60988,1.60973,1.76,1.76
2014.09.09,00:15:28.376,1.60988,1.60975,2.44,1.25
2014.09.09,00:15:29.907,1.60985,1.60973,1,2.44
2014.09.09,00:15:37.824,1.60987,1.60973,1.76,2.44
2014.09.09,00:15:42.294,1.60987,1.60973,1.69,2.44
2014.09.09,00:15:42.815,1.60988,1.60976,2.25,1.5
2014.09.09,00:15:42.916,1.60988,1.60976,1.2,1.5
2014.09.09,00:15:43.424,1.60988,1.60977,1,1
2014.09.09,00:15:45.518,1.60988,1.60976,1.1,1
2014.09.09,00:15:50.905,1.60988,1.60975,1,1.25
2014.09.09,00:15:51.631,1.60988,1.60974,1.25,1.76
2014.09.09,00:15:59.644,1.60989,1.60976,1.09,1.19
2014.09.09,00:15:59.850,1.60989,1.60976,1.76,1.19
2014.09.09,00:16:00.362,1.60989,1.60977,1.09,1.25
2014.09.09,00:16:00.865,1.60989,1.60977,1.76,1.25
2014.09.09,00:16:01.380,1.60989,1.60977,1.09,1.25
2014.09.09,00:16:04.751,1.60991,1.60978,1.69,1
2014.09.09,00:16:04.853,1.60991,1.60978,1.69,1.19
2014.09.09,00:16:06.954,1.60992,1.60979,1.01,1.69
2014.09.09,00:16:08.069,1.60993,1.60979,4.01,1.69
2014.09.09,00:16:08.121,1.60988,1.60979,1,1.69
2014.09.09,00:16:09.363,1.60988,1.60978,1,2.25
2014.09.09,00:16:09.897,1.60988,1.60979,1,1
2014.09.09,00:16:11.993,1.60988,1.60978,1,1.69
2014.09.09,00:16:14.363,1.60988,1.60979,1,1
2014.09.09,00:16:14.870,1.60992,1.60979,1.29,1.5
2014.09.09,00:16:14.972,1.60992,1.60981,1.36,1
2014.09.09,00:16:15.479,1.60993,1.60981,2.51,1
2014.09.09,00:16:15.632,1.60993,1.60981,1.76,1
2014.09.09,00:16:16.250,1.60993,1.60981,2.81,1
2014.09.09,00:16:16.655,1.60993,1.60979,2.89,1.69
2014.09.09,00:16:17.181,1.60993,1.6098,1.76,1
2014.09.09,00:16:17.688,1.60993,1.6098,1.26,1.25
2014.09.09,00:16:18.227,1.60993,1.6098,1.76,1.25
2014.09.09,00:16:23.606,1.60992,1.6098,1.1,1
2014.09.09,00:16:24.270,1.60992,1.6098,1.5,1
2014.09.09,00:16:24.788,1.60991,1.60978,1.32,1.19
2014.09.09,00:16:26.833,1.6099,1.60978,1.69,1.25
2014.09.09,00:16:27.844,1.60991,1.60978,1.69,1.19
2014.09.09,00:16:28.755,1.6099,1.60978,1,1.19
2014.09.09,00:16:29.521,1.60991,1.60978,1.25,1.19
2014.09.09,00:16:31.726,1.60987,1.60977,1,1.29
2014.09.09,00:16:31.828,1.60987,1.60976,1,2.59
2014.09.09,00:16:32.900,1.60988,1.60976,1,2.51
2014.09.09,00:16:33.500,1.60989,1.60976,1,2.51
2014.09.09,00:16:36.127,1.6099,1.60976,1,2.51
2014.09.09,00:16:36.644,1.60992,1.60976,2.51,2.51
2014.09.09,00:16:37.185,1.60992,1.60976,3.26,3.26
2014.09.09,00:16:40.483,1.60992,1.60977,1.26,2.51
2014.09.09,00:16:42.278,1.60992,1.6098,1.34,1
2014.09.09,00:16:43.177,1.60991,1.6098,1.3,1
2014.09.09,00:16:43.684,1.60992,1.60979,1.76,1.69
2014.09.09,00:16:46.867,1.60991,1.60979,1.97,1.25
2014.09.09,00:16:46.969,1.60992,1.60979,1.36,1.25
2014.09.09,00:16:49.245,1.60992,1.60978,1.76,1.19
2014.09.09,00:16:52.463,1.60992,1.60976,1.76,5.14
2014.09.09,00:16:53.152,1.60992,1.60976,1.4,5.06
2014.09.09,00:16:54.466,1.60992,1.60977,1.36,1.19
2014.09.09,00:16:58.156,1.60992,1.60977,1.76,1.19
2014.09.09,00:16:58.696,1.60991,1.60977,1.3,1.19
2014.09.09,00:17:03.311,1.60992,1.60982,1.17,2.06
2014.09.09,00:17:03.412,1.60994,1.60986,1,1
2014.09.09,00:17:03.666,1.60992,1.60986,1,1
2014.09.09,00:17:03.717,1.60992,1.60981,1.25,1
2014.09.09,00:17:04.225,1.60991,1.60978,1.1,1.69
2014.09.09,00:17:04.698,1.60991,1.60978,1,1.25
2014.09.09,00:17:05.305,1.60991,1.60978,1.07,1.25
2014.09.09,00:17:06.029,1.60991,1.60977,1,1.69
2014.09.09,00:17:06.722,1.60991,1.60977,1.32,2.44
2014.09.09,00:17:07.724,1.6099,1.60977,1.5,1.25
2014.09.09,00:17:08.743,1.60991,1.60977,1.76,1.01
2014.09.09,00:17:09.428,1.60991,1.60977,1.84,1.25
2014.09.09,00:17:10.710,1.60991,1.60977,1.09,1.69
2014.09.09,00:17:11.216,1.60991,1.60977,2.44,1.69
2014.09.09,00:17:11.724,1.60991,1.60977,1.5,1.19
2014.09.09,00:17:14.444,1.60991,1.60977,1.65,1.19
2014.09.09,00:17:19.250,1.60991,1.60977,1.5,1.19
2014.09.09,00:17:19.759,1.60991,1.60977,1.65,1.19
2014.09.09,00:17:21.572,1.60991,1.60977,1.57,1.29
2014.09.09,00:17:22.656,1.60991,1.60978,1.57,1.25
2014.09.09,00:17:23.171,1.60993,1.60978,3.26,1.25
2014.09.09,00:17:25.478,1.60993,1.60978,2.59,1.25
2014.09.09,00:17:26.029,1.60993,1.60978,3.94,1.25
2014.09.09,00:17:27.059,1.60993,1.60978,2.59,1.25
2014.09.09,00:17:29.532,1.60993,1.60981,1.84,1
2014.09.09,00:17:30.040,1.60993,1.60981,1.01,1.25
2014.09.09,00:17:30.558,1.60993,1.60981,1.09,1.25
2014.09.09,00:17:31.073,1.60993,1.60981,1.25,1.69
2014.09.09,00:17:34.720,1.60993,1.60985,1,1
2014.09.09,00:17:34.924,1.60998,1.60987,1.25,2.25
2014.09.09,00:17:35.444,1.60998,1.60988,1,1
2014.09.09,00:17:36.457,1.61002,1.60988,1.39,1.01
2014.09.09,00:17:36.508,1.61003,1.60988,1.57,2.51
2014.09.09,00:17:36.812,1.61005,1.60992,2.51,1
2014.09.09,00:17:37.318,1.61005,1.60991,3.19,1.5
2014.09.09,00:17:37.622,1.61005,1.60991,1.84,2.44
2014.09.09,00:17:39.571,1.61006,1.60992,1.76,1.25
2014.09.09,00:17:39.874,1.61003,1.60991,1.5,1.69
2014.09.09,00:17:40.381,1.61003,1.60991,2.25,1.19
2014.09.09,00:17:40.785,1.61002,1.60991,3.07,1.19
2014.09.09,00:17:41.615,1.61001,1.60991,1.5,1
2014.09.09,00:17:42.378,1.60999,1.60991,1.07,1
2014.09.09,00:17:43.367,1.61,1.60991,1.57,1.25
2014.09.09,00:17:44.082,1.60999,1.60987,1.09,1.25
2014.09.09,00:17:44.387,1.60997,1.6099,1,1
2014.09.09,00:17:44.489,1.60999,1.6099,1.25,1
2014.09.09,00:17:44.692,1.60996,1.6099,1,1
2014.09.09,00:17:44.743,1.60996,1.60986,1,1
2014.09.09,00:17:45.250,1.60996,1.60985,1.32,1
2014.09.09,00:17:48.720,1.60995,1.60985,1.29,1
2014.09.09,00:17:49.721,1.60996,1.60985,1.26,1
2014.09.09,00:17:51.429,1.60997,1.60985,1.84,1
2014.09.09,00:17:52.614,1.60996,1.60985,1.29,1
2014.09.09,00:17:54.606,1.60994,1.60985,1.25,1
2014.09.09,00:17:55.638,1.60994,1.60985,1.19,1
2014.09.09,00:17:59.144,1.60996,1.60985,1.76,1
2014.09.09,00:17:59.711,1.60997,1.60985,2.51,1
2014.09.09,00:18:00.328,1.60997,1.60985,1.09,1
2014.09.09,00:18:00.838,1.60997,1.60985,1.76,1
2014.09.09,00:18:01.294,1.60997,1.60985,1.84,1
2014.09.09,00:18:02.918,1.60997,1.60985,2.51,1.25
2014.09.09,00:18:03.222,1.60997,1.60989,1,1
2014.09.09,00:18:03.273,1.61,1.60989,1,1
2014.09.09,00:18:03.779,1.61002,1.60989,1.15,1
2014.09.09,00:18:04.296,1.61002,1.60989,1.4,1.19
2014.09.09,00:18:04.802,1.61001,1.60989,1.17,1.19
2014.09.09,00:18:06.023,1.61001,1.60989,1.2,1.19
2014.09.09,00:18:10.826,1.61002,1.60989,1.76,1.19
2014.09.09,00:18:11.439,1.61002,1.60989,1.57,1.25
2014.09.09,00:18:13.793,1.61002,1.60989,1.57,1.19
2014.09.09,00:18:20.966,1.61002,1.60989,1.1,1.19
2014.09.09,00:18:21.796,1.61002,1.60989,1,1.25
2014.09.09,00:18:23.863,1.61003,1.60989,1.01,1.25
2014.09.09,00:18:27.173,1.61003,1.60989,1.09,1.25
2014.09.09,00:18:27.679,1.61003,1.60989,1.25,1.69
2014.09.09,00:18:28.170,1.61003,1.60989,1.25,2.44
2014.09.09,00:18:29.202,1.61003,1.6099,1.01,1.5
2014.09.09,00:18:30.022,1.61003,1.6099,1.32,1.5
2014.09.09,00:18:30.589,1.61003,1.6099,1.01,1.5
2014.09.09,00:18:33.206,1.61003,1.6099,1.01,1.69
2014.09.09,00:18:35.087,1.61003,1.60989,1.76,1.29
2014.09.09,00:18:36.191,1.61003,1.60989,1.01,1.01
2014.09.09,00:18:37.219,1.61003,1.60989,1.29,1.29
2014.09.09,00:18:40.533,1.61003,1.60989,1,1.19
2014.09.09,00:18:41.039,1.61003,1.60991,1,1
2014.09.09,00:18:43.477,1.61003,1.60992,1.25,1
2014.09.09,00:18:45.106,1.61003,1.60989,1.01,2.89
2014.09.09,00:18:46.460,1.61003,1.60989,1.25,2.96
2014.09.09,00:18:46.562,1.61003,1.60992,1.25,1
2014.09.09,00:18:47.421,1.61003,1.60991,1.01,1
2014.09.09,00:18:47.950,1.61003,1.6099,1.01,1
2014.09.09,00:18:49.260,1.61003,1.6099,1.29,1.25
2014.09.09,00:18:50.256,1.61003,1.6099,1.01,1
2014.09.09,00:18:52.958,1.61003,1.60991,1.25,1
2014.09.09,00:18:53.667,1.61004,1.60991,1.76,1
2014.09.09,00:18:54.554,1.61004,1.60989,2.59,2.14
2014.09.09,00:18:55.078,1.61002,1.6099,1.09,1.25
2014.09.09,00:18:55.383,1.60993,1.60988,1,1.5
2014.09.09,00:18:55.637,1.60995,1.60985,1.34,1
2014.09.09,00:18:55.789,1.60996,1.60985,1.5,1
2014.09.09,00:18:56.297,1.60997,1.60985,1,1
2014.09.09,00:18:57.059,1.60999,1.60985,2.59,1.25
2014.09.09,00:18:57.572,1.60999,1.60985,1.69,1.69
2014.09.09,00:18:57.979,1.60999,1.60985,1.25,2.44
2014.09.09,00:19:04.110,1.60999,1.60985,1.32,2.44
2014.09.09,00:19:04.619,1.60999,1.60985,1.09,2.44
2014.09.09,00:19:09.437,1.61001,1.60988,1.29,1
2014.09.09,00:19:09.959,1.61002,1.60989,1.84,1
2014.09.09,00:19:10.719,1.61002,1.60989,1.39,1.25
2014.09.09,00:19:11.875,1.61002,1.60991,1.39,1
2014.09.09,00:19:12.471,1.61002,1.6099,1.39,1
2014.09.09,00:19:13.007,1.61002,1.60989,1.39,1.25
2014.09.09,00:19:15.075,1.61002,1.60988,1.76,1.19
2014.09.09,00:19:16.844,1.61001,1.60988,1.84,1.25
2014.09.09,00:19:17.147,1.61001,1.6099,1.84,1.5
2014.09.09,00:19:17.300,1.61001,1.60986,1.84,2.51
2014.09.09,00:19:18.059,1.61001,1.60987,1.84,2.44
2014.09.09,00:19:18.593,1.61001,1.6099,1.84,1.5
2014.09.09,00:19:19.654,1.61001,1.60991,1.84,1
2014.09.09,00:19:20.389,1.61001,1.6099,2.51,1
2014.09.09,00:19:20.918,1.61001,1.6099,1.84,1
2014.09.09,00:19:22.076,1.61001,1.60988,1.84,1.69
2014.09.09,00:19:26.771,1.61001,1.60987,1.76,1.19
2014.09.09,00:19:26.873,1.61001,1.60987,2.44,1.19
2014.09.09,00:19:27.379,1.61001,1.60987,2.51,1.19
2014.09.09,00:19:27.897,1.61,1.60986,1.09,1.69
2014.09.09,00:19:29.767,1.61,1.60985,3.34,2.44
2014.09.09,00:19:32.083,1.61,1.60985,4.01,2.44
2014.09.09,00:19:32.717,1.61,1.60985,1.84,2.51
2014.09.09,00:19:34.899,1.60998,1.60985,1,1.76
2014.09.09,00:19:35.507,1.60999,1.60985,1.01,1.76
2014.09.09,00:19:36.837,1.61,1.6099,1.57,1
2014.09.09,00:19:36.990,1.61,1.60986,1.57,1.19
2014.09.09,00:19:37.091,1.61,1.60989,1.5,1.19
2014.09.09,00:19:37.345,1.61002,1.60989,1,2.51
2014.09.09,00:19:37.396,1.61002,1.60992,1.5,1.19
2014.09.09,00:19:38.374,1.61002,1.60991,1,1.19
2014.09.09,00:19:38.881,1.61001,1.60991,1,1.19
2014.09.09,00:19:39.387,1.61001,1.6099,1,1.25
2014.09.09,00:19:41.412,1.61001,1.60991,1,1.19
2014.09.09,00:19:47.379,1.61001,1.60993,1,1.19
2014.09.09,00:19:50.634,1.61002,1.60991,1,1.19
2014.09.09,00:19:52.722,1.61002,1.60989,1.25,1.29
2014.09.09,00:19:53.246,1.61001,1.60989,1,1.19
2014.09.09,00:19:53.755,1.61002,1.60989,1.25,1.19
2014.09.09,00:19:54.265,1.61002,1.6099,1.09,1.69
2014.09.09,00:19:55.132,1.61002,1.6099,1.69,1.5
2014.09.09,00:19:56.570,1.61002,1.6099,2.44,1.5
2014.09.09,00:19:56.722,1.60996,1.60987,1,1
2014.09.09,00:19:57.231,1.60996,1.60985,1,1.19
2014.09.09,00:19:58.719,1.60996,1.60985,1,1.19
2014.09.09,00:19:59.229,1.60998,1.60987,1.5,1.19
2014.09.09,00:19:59.433,1.60996,1.60987,1,1.19
2014.09.09,00:20:00.447,1.60996,1.60984,1,1.69
2014.09.09,00:20:01.859,1.60996,1.60984,1,3.19
2014.09.09,00:20:01.960,1.60997,1.60986,1,2.51
2014.09.09,00:20:02.750,1.60997,1.60986,1,1.84
2014.09.09,00:20:03.257,1.60997,1.60987,1,1.26
2014.09.09,00:20:13.595,1.60997,1.60988,1,1.19
2014.09.09,00:20:17.208,1.60997,1.60985,1.1,1.19
2014.09.09,00:20:18.078,1.60997,1.60984,1.07,1.19
2014.09.09,00:20:18.719,1.60997,1.60984,1,1.69
2014.09.09,00:20:19.026,1.60997,1.60984,1.57,1.69
2014.09.09,00:20:19.541,1.60997,1.60984,1.76,1.19
2014.09.09,00:20:20.077,1.60997,1.60984,1.09,1.19
2014.09.09,00:20:21.080,1.60997,1.60984,1.09,1
2014.09.09,00:20:21.588,1.60997,1.60984,1.01,1
2014.09.09,00:20:22.101,1.60997,1.60984,1.09,1
2014.09.09,00:20:23.029,1.60997,1.60984,1.09,1
2014.09.09,00:20:25.999,1.60997,1.60984,1.32,1
2014.09.09,00:20:26.505,1.60997,1.60984,1.01,1
2014.09.09,00:20:27.703,1.60997,1.60983,1.01,2.51
2014.09.09,00:20:28.222,1.60997,1.60983,1.29,2.51
2014.09.09,00:20:30.147,1.60997,1.60984,1,1.25
2014.09.09,00:20:30.952,1.60997,1.60985,1,1
2014.09.09,00:20:31.458,1.60997,1.60984,1,1.25
2014.09.09,00:20:33.125,1.60997,1.60984,1.01,1.69
2014.09.09,00:20:34.111,1.60997,1.60984,1.1,1.25
2014.09.09,00:20:37.157,1.60997,1.60984,1.76,1.19
2014.09.09,00:20:56.431,1.60997,1.60984,1.76,1.19
2014.09.09,00:20:56.984,1.60997,1.60984,1.76,1.19
2014.09.09,00:20:57.498,1.60997,1.60984,1.76,1.25
2014.09.09,00:20:58.389,1.60996,1.60983,1.1,1.25
2014.09.09,00:20:59.397,1.60996,1.60983,1.01,1.19
2014.09.09,00:21:01.034,1.60995,1.60982,1,3.19
2014.09.09,00:21:01.339,1.60997,1.60986,1.84,1
2014.09.09,00:21:01.855,1.60997,1.60986,2.51,1
2014.09.09,00:21:02.361,1.60997,1.60986,1.57,1.25
2014.09.09,00:21:02.868,1.60997,1.60986,1.1,1.25
2014.09.09,00:21:12.785,1.60999,1.60987,1.1,2.25
2014.09.09,00:21:13.039,1.61006,1.60995,1.17,1.19
2014.09.09,00:21:13.090,1.61003,1.60995,1,1.19
2014.09.09,00:21:13.345,1.60999,1.6099,1,1.5
2014.09.09,00:21:13.498,1.60999,1.60987,1.1,1.5
2014.09.09,00:21:13.710,1.60998,1.60985,1,1.69
2014.09.09,00:21:14.218,1.60997,1.60984,2.25,1.69
2014.09.09,00:21:14.732,1.60997,1.60984,1.5,1.25
2014.09.09,00:21:15.754,1.60997,1.60984,3.19,1.25
2014.09.09,00:21:24.740,1.60998,1.60983,1.84,2.44
2014.09.09,00:21:25.248,1.60997,1.60986,1,1.25
2014.09.09,00:21:25.763,1.60997,1.60986,1.07,1.25
2014.09.09,00:21:26.373,1.60997,1.60986,1.07,1.19
2014.09.09,00:21:26.884,1.60997,1.60986,1.1,1.19
2014.09.09,00:21:47.520,1.60995,1.60986,1,1.19
2014.09.09,00:21:47.828,1.60983,1.60978,1.19,1
2014.09.09,00:21:47.930,1.60982,1.60974,1.25,1
2014.09.09,00:21:48.032,1.60982,1.60972,1.32,1
2014.09.09,00:21:48.134,1.60982,1.60968,1.84,1.5
2014.09.09,00:21:48.337,1.60982,1.60966,4.69,1.25
2014.09.09,00:21:48.387,1.60978,1.60967,1.19,1
2014.09.09,00:21:48.692,1.60976,1.60964,1.36,1.5
2014.09.09,00:21:48.996,1.60975,1.60961,1.39,1.69
2014.09.09,00:21:49.098,1.60974,1.60961,1.19,1.5
2014.09.09,00:21:49.605,1.60973,1.60962,1.19,1
2014.09.09,00:21:50.819,1.60974,1.60962,1.25,1.25
2014.09.09,00:21:51.336,1.60975,1.60963,1.19,1
2014.09.09,00:21:51.878,1.60975,1.60963,1.25,1
2014.09.09,00:21:52.392,1.60976,1.60964,1.39,1
2014.09.09,00:21:53.883,1.60976,1.60964,1.09,1.5
2014.09.09,00:21:56.717,1.60976,1.60965,1.25,1
2014.09.09,00:21:56.920,1.60978,1.60965,1.25,1.1
2014.09.09,00:21:57.445,1.60978,1.60966,1,1.5
2014.09.09,00:21:57.953,1.60978,1.60965,1,1.76
2014.09.09,00:21:58.461,1.60978,1.60965,1.69,1.01
2014.09.09,00:21:58.694,1.60978,1.60965,1.69,1.76
2014.09.09,00:21:58.795,1.60978,1.60964,2.44,1.76
2014.09.09,00:22:00.979,1.60977,1.60964,1.69,1.76
2014.09.09,00:22:03.666,1.60977,1.60964,1.69,1.26
2014.09.09,00:22:04.208,1.60977,1.60964,1.19,1.32
2014.09.09,00:22:04.360,1.60978,1.60966,1.69,1.25
2014.09.09,00:22:04.866,1.60977,1.60964,1,1.26
2014.09.09,00:22:05.606,1.60977,1.60963,1.25,4.01
2014.09.09,00:22:06.112,1.60977,1.60966,1.25,1
2014.09.09,00:22:06.872,1.60978,1.60966,1.25,1.25
2014.09.09,00:22:07.750,1.60978,1.60964,1.19,1.76
2014.09.09,00:22:08.259,1.60978,1.60963,1.19,3.34
2014.09.09,00:22:09.763,1.60977,1.60963,1.19,1.76
2014.09.09,00:22:10.435,1.60977,1.60963,1.19,1.39
2014.09.09,00:22:10.948,1.60977,1.60963,1.25,1.76
2014.09.09,00:22:14.728,1.60977,1.60963,1.19,1.76
2014.09.09,00:22:17.225,1.60977,1.60963,1.19,1.26
2014.09.09,00:22:21.410,1.60975,1.60962,1,2.51
2014.09.09,00:22:21.563,1.60975,1.60961,1.76,2.44
2014.09.09,00:22:22.171,1.60974,1.60959,2.21,2.44
2014.09.09,00:22:22.679,1.60974,1.60961,2.59,1
2014.09.09,00:22:23.185,1.60974,1.60961,2.59,1
2014.09.09,00:22:32.793,1.60974,1.60961,1.69,1.69
2014.09.09,00:22:33.795,1.60974,1.60961,1.25,1
2014.09.09,00:22:36.315,1.60974,1.60961,1.25,1.65
2014.09.09,00:22:36.720,1.60977,1.60961,3.34,2.59
2014.09.09,00:22:37.835,1.60978,1.60962,1.76,1.76
2014.09.09,00:22:38.694,1.60977,1.60962,1.19,2.51
2014.09.09,00:22:39.709,1.60978,1.60962,1.76,3.26
2014.09.09,00:22:40.733,1.60977,1.60963,1.69,1.32
2014.09.09,00:22:52.469,1.60977,1.60963,1.69,1.25
2014.09.09,00:22:53.153,1.60977,1.60963,1.19,1
2014.09.09,00:22:54.861,1.60977,1.60963,3.26,1
2014.09.09,00:22:55.116,1.60975,1.60961,1.01,1.76
2014.09.09,00:22:55.572,1.60976,1.60962,1.19,1.07
2014.09.09,00:22:57.566,1.60973,1.60962,1,1.07
2014.09.09,00:22:57.971,1.60973,1.60961,1.07,1
2014.09.09,00:22:58.490,1.60973,1.60959,1.1,2.89
2014.09.09,00:22:59.003,1.60973,1.60959,1.29,2.89
2014.09.09,00:23:01.814,1.60973,1.60961,1.29,1
2014.09.09,00:23:02.321,1.60973,1.60959,1.29,2.51
2014.09.09,00:23:04.574,1.60972,1.60959,1.76,1.5
2014.09.09,00:23:04.878,1.60968,1.60958,1,1.01
2014.09.09,00:23:05.897,1.60968,1.60956,1,1.5
2014.09.09,00:23:16.526,1.60968,1.60956,1.25,1.76
2014.09.09,00:23:17.437,1.60968,1.60956,1.25,1.25
2014.09.09,00:23:23.931,1.60968,1.60956,1,1.29
2014.09.09,00:23:25.911,1.60968,1.60956,1.25,1.76
2014.09.09,00:23:31.207,1.60968,1.60956,1.25,1.84
2014.09.09,00:23:31.775,1.60968,1.60956,1.25,1.01
2014.09.09,00:23:32.285,1.60968,1.60956,1,1.36
2014.09.09,00:23:36.874,1.60968,1.60958,1,1
2014.09.09,00:23:37.282,1.60968,1.60956,1,1
2014.09.09,00:23:46.022,1.60968,1.60957,1,1
2014.09.09,00:23:48.770,1.60968,1.60958,1,1.19
2014.09.09,00:23:49.277,1.60968,1.60959,1,2.44
2014.09.09,00:23:49.892,1.60968,1.6096,1,1.19
2014.09.09,00:23:52.034,1.60973,1.60961,1.07,1.25
2014.09.09,00:23:52.136,1.60969,1.60961,1,1.25
2014.09.09,00:23:52.340,1.60974,1.60961,2.32,1.25
2014.09.09,00:23:52.545,1.60974,1.60961,1.57,1.69
2014.09.09,00:23:53.051,1.60974,1.60962,1.57,1
2014.09.09,00:23:53.700,1.60974,1.60963,1.57,1.25
2014.09.09,00:23:55.689,1.60974,1.60964,1.5,1.25
2014.09.09,00:24:03.806,1.60974,1.60964,1.5,1.19
2014.09.09,00:24:10.808,1.60974,1.60963,1.5,1.25
2014.09.09,00:24:11.798,1.60974,1.60963,1.5,1.19
2014.09.09,00:24:15.825,1.60974,1.60963,1.5,1.25
2014.09.09,00:24:16.838,1.60974,1.60963,1.5,1.19
2014.09.09,00:24:18.908,1.60974,1.60964,1,2.51
2014.09.09,00:24:18.959,1.60976,1.60964,1,3.26
2014.09.09,00:24:19.010,1.60978,1.60967,2.25,1.25
2014.09.09,00:24:19.598,1.60977,1.60967,1,1.25
2014.09.09,00:24:20.104,1.60977,1.60967,1,2.44
2014.09.09,00:24:20.257,1.60979,1.60967,1.5,2.44
2014.09.09,00:24:20.921,1.60979,1.60969,1,1.25
2014.09.09,00:24:21.123,1.60981,1.60969,1,1.25
2014.09.09,00:24:21.631,1.6098,1.60969,1,1.25
2014.09.09,00:24:23.020,1.60976,1.60969,1,1.25
2014.09.09,00:24:23.224,1.60974,1.60964,1,1.19
2014.09.09,00:24:23.377,1.60977,1.60965,1.84,1.25
2014.09.09,00:24:23.631,1.60977,1.60967,1.5,1.25
2014.09.09,00:24:23.784,1.60979,1.60967,2.44,1.25
2014.09.09,00:24:25.629,1.60979,1.60968,1,1.19
2014.09.09,00:24:26.617,1.60979,1.60967,1,1.19
2014.09.09,00:24:27.562,1.60977,1.60967,1,1.19
2014.09.09,00:24:27.866,1.60976,1.60965,1.1,1.25
2014.09.09,00:24:27.967,1.60977,1.60966,1.1,1.19
2014.09.09,00:24:28.322,1.6098,1.60966,3,1.19
2014.09.09,00:24:28.930,1.6098,1.60968,3.19,1.25
2014.09.09,00:24:29.923,1.6098,1.60968,3,1.19
2014.09.09,00:24:30.640,1.60979,1.60968,1,1.19
2014.09.09,00:24:31.147,1.60979,1.60968,2.25,1.25
2014.09.09,00:24:31.806,1.6098,1.60968,1.69,1.25
2014.09.09,00:24:33.949,1.6098,1.60969,3,1.25
2014.09.09,00:24:36.146,1.60979,1.60969,1,1.25
2014.09.09,00:24:37.883,1.6098,1.60969,2.25,1.25
2014.09.09,00:24:38.497,1.6098,1.60967,2.25,1.76
2014.09.09,00:24:39.009,1.6098,1.60969,2.25,1.25
2014.09.09,00:24:39.365,1.6098,1.60967,2.51,1.25
2014.09.09,00:24:40.788,1.6098,1.60965,2.51,1.84
2014.09.09,00:24:44.989,1.60979,1.60964,1.19,4.01
2014.09.09,00:24:52.978,1.60979,1.60964,2.44,3.26
2014.09.09,00:24:53.502,1.60979,1.60965,2.44,1.32
2014.09.09,00:24:54.014,1.60979,1.60964,1.69,4.69
2014.09.09,00:24:59.511,1.60979,1.60967,1.19,1
2014.09.09,00:25:17.164,1.60979,1.60967,1,1
2014.09.09,00:25:17.804,1.6098,1.60967,1.25,1.1
2014.09.09,00:25:18.311,1.6098,1.60967,1.29,1.25
2014.09.09,00:25:20.174,1.6098,1.60967,1.25,1.57
2014.09.09,00:25:22.146,1.6098,1.60967,1.19,1.69
2014.09.09,00:25:28.184,1.60981,1.60966,2.51,1.5
2014.09.09,00:25:28.931,1.60981,1.60966,2.06,2.32
2014.09.09,00:25:29.447,1.6098,1.60966,1.19,2.59
2014.09.09,00:25:29.955,1.6098,1.60968,1.19,1.57
2014.09.09,00:25:30.461,1.60981,1.60968,1.19,1.17
2014.09.09,00:25:31.188,1.60982,1.60968,2.44,1.17
2014.09.09,00:25:32.189,1.60981,1.60968,1.19,1.17
2014.09.09,00:25:35.189,1.60982,1.60968,2.81,1.09
2014.09.09,00:25:38.634,1.6098,1.60968,1.19,1.17
2014.09.09,00:25:39.201,1.6098,1.60967,1.19,1.17
2014.09.09,00:25:39.735,1.6098,1.60967,1.19,1.57
2014.09.09,00:25:40.242,1.6098,1.60967,1.19,1.07
2014.09.09,00:25:40.637,1.60981,1.60967,1.19,1.07
2014.09.09,00:25:41.175,1.60981,1.60967,1.19,1.1
2014.09.09,00:25:42.603,1.60981,1.60967,1.19,1.76
2014.09.09,00:25:42.869,1.60981,1.60967,1.19,2.51
2014.09.09,00:25:43.375,1.60981,1.60967,1.19,1.76
2014.09.09,00:25:43.899,1.6098,1.60967,1.19,1.07
2014.09.09,00:25:44.671,1.6098,1.60967,1.19,1.1
2014.09.09,00:25:46.866,1.6098,1.60968,1.19,1
2014.09.09,00:25:47.631,1.60981,1.60968,1.19,1
2014.09.09,00:25:49.619,1.60982,1.60968,3.34,1
2014.09.09,00:25:51.623,1.6098,1.60968,1.19,1
2014.09.09,00:25:54.669,1.60981,1.60968,1.29,1
2014.09.09,00:25:56.842,1.60979,1.60968,1.19,1
2014.09.09,00:25:57.414,1.60979,1.60966,1.19,1.65
2014.09.09,00:25:57.936,1.60981,1.60966,1.76,1.65
2014.09.09,00:25:58.594,1.60981,1.60967,1.69,1.57
2014.09.09,00:25:59.104,1.60981,1.60967,1.76,1.76
2014.09.09,00:26:00.978,1.60981,1.60967,1.29,1.57
2014.09.09,00:26:01.232,1.60981,1.60967,1.19,2.32
2014.09.09,00:26:01.752,1.60981,1.60968,1.19,1.07
2014.09.09,00:26:02.260,1.60981,1.60967,1.69,2.51
2014.09.09,00:26:02.811,1.60981,1.60967,1.69,1.84
2014.09.09,00:26:03.372,1.60981,1.60967,1.19,1.65
2014.09.09,00:26:04.254,1.60982,1.60967,2.14,2.59
2014.09.09,00:26:05.620,1.60982,1.60966,3.34,3.19
2014.09.09,00:26:06.973,1.60981,1.60967,1.25,1.69
2014.09.09,00:26:07.994,1.60981,1.60967,1.19,1.69
2014.09.09,00:26:08.971,1.60981,1.60967,1.25,1.69
2014.09.09,00:26:10.084,1.60981,1.60967,1.19,1.5
2014.09.09,00:26:11.095,1.60981,1.60967,1.69,1.69
2014.09.09,00:26:12.775,1.60981,1.60968,1.25,1.19
2014.09.09,00:26:18.065,1.60981,1.60968,1.32,1.19
2014.09.09,00:26:19.635,1.60982,1.60968,2.59,1.19
2014.09.09,00:26:21.095,1.60981,1.60967,1.19,2.44
2014.09.09,00:26:22.143,1.60982,1.60967,2.51,1.69
2014.09.09,00:26:22.449,1.60982,1.60968,3.26,1.19
2014.09.09,00:26:24.142,1.60982,1.60968,2.51,1.25
2014.09.09,00:26:24.571,1.60982,1.60968,3.26,1.25
2014.09.09,00:26:25.104,1.60982,1.60968,2.4,1.19
2014.09.09,00:26:31.197,1.60982,1.6097,3.34,1.25
2014.09.09,00:26:32.271,1.60982,1.60969,2.62,1.69
2014.09.09,00:26:35.015,1.60982,1.60969,1,1.25
2014.09.09,00:26:35.546,1.60982,1.60969,1.65,1.25
2014.09.09,00:26:35.994,1.60982,1.6097,1.5,1.19
2014.09.09,00:26:37.013,1.60982,1.60969,1.5,1.25
2014.09.09,00:26:38.034,1.60982,1.6097,1.5,1.19
2014.09.09,00:26:39.000,1.60982,1.6097,1.5,1.25
2014.09.09,00:26:41.241,1.60982,1.60971,1,1.19
2014.09.09,00:26:41.648,1.60982,1.60969,1.25,1.29
2014.09.09,00:26:42.307,1.60981,1.60969,1,1.29
2014.09.09,00:26:42.875,1.60981,1.6097,1,1.19
2014.09.09,00:26:44.648,1.60981,1.60969,1,1.69
2014.09.09,00:26:45.662,1.60981,1.6097,1,1.19
2014.09.09,00:26:46.642,1.60981,1.6097,1,1.25
2014.09.09,00:26:47.621,1.60981,1.60971,1,1.19
2014.09.09,00:26:51.531,1.60981,1.60969,1,1.69
2014.09.09,00:26:52.812,1.60983,1.60969,2.96,1.69
2014.09.09,00:26:53.325,1.60983,1.60969,2.81,1.69
2014.09.09,00:26:55.538,1.60983,1.6097,2.81,1.19
2014.09.09,00:26:57.673,1.60983,1.60971,2.25,1.19
2014.09.09,00:26:58.644,1.60983,1.60971,2.44,1.25
2014.09.09,00:26:59.150,1.60983,1.60971,3.34,1.25
2014.09.09,00:26:59.656,1.60983,1.6097,3.19,1.25
2014.09.09,00:27:00.695,1.60983,1.60969,3,1.69
2014.09.09,00:27:01.656,1.60983,1.6097,3.26,1.19
2014.09.09,00:27:02.653,1.60983,1.6097,3.07,1.25
2014.09.09,00:27:03.325,1.60981,1.6097,1,1.25
2014.09.09,00:27:03.858,1.60981,1.60969,1.5,1.69
2014.09.09,00:27:07.895,1.60981,1.6097,1,1.25
2014.09.09,00:27:08.868,1.60981,1.6097,1,1.19
2014.09.09,00:27:09.876,1.60981,1.6097,1,1.25
2014.09.09,00:27:10.917,1.60981,1.6097,1,1.19
2014.09.09,00:27:11.419,1.60982,1.6097,1,1.19
2014.09.09,00:27:11.945,1.60982,1.60971,1,1.19
2014.09.09,00:27:19.117,1.60982,1.6097,1,1.29
2014.09.09,00:27:20.092,1.60982,1.6097,1.25,1.25
2014.09.09,00:27:21.095,1.60982,1.6097,1,1.19
2014.09.09,00:27:22.097,1.60982,1.60971,1,1.19
2014.09.09,00:27:24.192,1.60984,1.60971,3.71,1.19
2014.09.09,00:27:25.310,1.60984,1.60971,4.39,1.19
2014.09.09,00:27:25.942,1.60984,1.60971,3.71,1.19
2014.09.09,00:27:27.301,1.60983,1.60971,1.17,1.19
2014.09.09,00:27:27.821,1.60983,1.60971,1.1,1.19
2014.09.09,00:27:29.261,1.60984,1.60972,2.89,1.25
2014.09.09,00:27:39.373,1.60983,1.60971,1,1.29
2014.09.09,00:27:42.157,1.60983,1.60971,1,1.25
2014.09.09,00:27:43.168,1.60983,1.60971,1,1.19
2014.09.09,00:27:45.147,1.60983,1.6097,1.69,1.19
2014.09.09,00:27:49.266,1.60983,1.60969,1.69,1.39
2014.09.09,00:27:49.805,1.60983,1.60971,1.25,1.25
2014.09.09,00:27:58.233,1.60984,1.6097,3.45,1.29
2014.09.09,00:27:58.742,1.60984,1.60972,3.64,1.25
2014.09.09,00:28:01.086,1.60984,1.60969,4.39,1.26
2014.09.09,00:28:01.594,1.60983,1.60971,1,1.19
2014.09.09,00:28:01.899,1.60984,1.60974,1,1.25
2014.09.09,00:28:03.915,1.60984,1.60974,1,1.19
2014.09.09,00:28:05.911,1.60984,1.60976,1,1.25
2014.09.09,00:28:08.622,1.60984,1.60973,1,2.51
2014.09.09,00:28:10.155,1.60984,1.60973,1,1.84
2014.09.09,00:28:10.601,1.60984,1.60975,1,1.19
2014.09.09,00:28:12.640,1.60984,1.60975,1,1.25
2014.09.09,00:28:16.617,1.60984,1.60976,1,1.19
2014.09.09,00:28:17.661,1.60984,1.60976,1,1.25
2014.09.09,00:28:18.671,1.60984,1.60976,1,1.19
2014.09.09,00:28:20.662,1.60984,1.60975,1,1.19
2014.09.09,00:28:21.649,1.60984,1.60976,1,1.19
2014.09.09,00:28:22.670,1.60984,1.60976,1,1.25
2014.09.09,00:28:24.637,1.60984,1.60977,1,1.25
2014.09.09,00:28:25.648,1.60984,1.60977,1,1.19
2014.09.09,00:28:26.465,1.60984,1.60979,1,1.25
2014.09.09,00:28:26.771,1.60997,1.60986,1.1,2.75
2014.09.09,00:28:26.822,1.60998,1.6099,1.1,1.25
2014.09.09,00:28:26.874,1.61,1.60992,1.57,1.25
2014.09.09,00:28:27.026,1.61001,1.60994,1.1,1.25
2014.09.09,00:28:27.128,1.61003,1.60994,1.1,1.25
2014.09.09,00:28:27.636,1.61003,1.60992,1,1.19
2014.09.09,00:28:28.303,1.61002,1.60992,1,1.19
2014.09.09,00:28:28.821,1.61003,1.60992,1,1.19
2014.09.09,00:28:29.696,1.61003,1.60991,1,1.69
2014.09.09,00:28:30.236,1.61004,1.60991,1.1,1.69
2014.09.09,00:28:30.761,1.61004,1.60992,1.1,1.19
2014.09.09,00:28:31.327,1.61003,1.60992,1,1.19
2014.09.09,00:28:34.030,1.61004,1.60992,1.2,1.19
2014.09.09,00:28:34.969,1.61003,1.60991,1,1.69
2014.09.09,00:28:36.018,1.61003,1.60992,1,1.19
2014.09.09,00:28:37.036,1.61004,1.60992,1.65,1.19
2014.09.09,00:28:37.968,1.61003,1.60992,1,1.19
2014.09.09,00:28:38.941,1.61004,1.60992,2.4,1.19
2014.09.09,00:28:41.206,1.61004,1.60993,1,1.19
2014.09.09,00:28:41.307,1.61008,1.60993,3.15,1.19
2014.09.09,00:28:41.849,1.61008,1.60993,2.4,1.19
2014.09.09,00:28:42.356,1.61007,1.60995,1.2,1.19
2014.09.09,00:28:42.919,1.61007,1.60995,1.07,1.19
2014.09.09,00:28:43.453,1.61007,1.60995,1,1.19
2014.09.09,00:28:44.215,1.61008,1.60995,2.59,1.19
2014.09.09,00:28:45.228,1.61008,1.60996,1,1.19
2014.09.09,00:28:46.198,1.61008,1.60995,1,1.19
2014.09.09,00:28:47.256,1.61008,1.60996,1,1.19
2014.09.09,00:28:49.203,1.61008,1.60997,1,1.19
2014.09.09,00:28:50.166,1.61008,1.60996,1,1.19
2014.09.09,00:28:51.499,1.61008,1.60997,1,1.29
2014.09.09,00:28:52.693,1.61008,1.60996,1,1.19
2014.09.09,00:28:55.180,1.61008,1.60997,1,1.69
2014.09.09,00:28:58.879,1.61008,1.60997,1,1
2014.09.09,00:29:00.923,1.61008,1.60997,1,1.69
2014.09.09,00:29:01.936,1.61008,1.60996,1.5,1.69
2014.09.09,00:29:04.196,1.61008,1.60995,1,1.01
2014.09.09,00:29:04.949,1.61008,1.60995,1.17,1.25
2014.09.09,00:29:05.995,1.61008,1.60995,1.09,1.19
2014.09.09,00:29:12.952,1.61008,1.60995,1.01,1.19
2014.09.09,00:29:13.459,1.61008,1.60995,1.09,1.69
2014.09.09,00:29:14.260,1.61008,1.60995,1.01,1.69
2014.09.09,00:29:16.858,1.61008,1.60995,1.09,1.69
2014.09.09,00:29:17.360,1.61008,1.60995,1.09,1.69
2014.09.09,00:29:18.048,1.61008,1.60995,1.1,2.44
2014.09.09,00:29:19.061,1.61008,1.60995,1.01,1.69
2014.09.09,00:29:19.596,1.61008,1.60995,1.09,1.69
2014.09.09,00:29:20.158,1.61008,1.60995,1.01,1.69
2014.09.09,00:29:21.194,1.61008,1.60995,1.09,1.19
2014.09.09,00:29:21.245,1.61006,1.60992,1.07,2.51
2014.09.09,00:29:21.751,1.61006,1.60992,1.2,1.19
2014.09.09,00:29:22.055,1.61003,1.60992,1.5,1.19
2014.09.09,00:29:22.957,1.61003,1.60991,1.69,1.69
2014.09.09,00:29:23.469,1.61003,1.60991,1.84,1.69
2014.09.09,00:29:23.954,1.61003,1.60991,1.07,2.44
2014.09.09,00:29:24.057,1.61004,1.60991,1,2.44
2014.09.09,00:29:24.564,1.61006,1.60992,1.39,1.19
2014.09.09,00:29:25.530,1.61006,1.60994,1.39,1
2014.09.09,00:29:28.291,1.61007,1.60994,1.25,1
2014.09.09,00:29:31.000,1.61007,1.60994,1.69,1
2014.09.09,00:29:31.960,1.61007,1.60994,1.19,1
2014.09.09,00:29:33.532,1.61006,1.60992,1.25,2.51
2014.09.09,00:29:33.785,1.61004,1.60992,1,1.76
2014.09.09,00:29:34.291,1.61004,1.60991,1.1,1.69
2014.09.09,00:29:34.803,1.61003,1.60991,1,1.19
2014.09.09,00:29:35.005,1.61003,1.6099,1,1.29
2014.09.09,00:29:35.982,1.61003,1.6099,1.65,1.25
2014.09.09,00:29:36.972,1.61003,1.60989,2.59,2.44
2014.09.09,00:29:39.570,1.61003,1.60992,2.32,1
2014.09.09,00:29:40.077,1.61003,1.60989,1.57,2.44
2014.09.09,00:29:43.984,1.61003,1.60989,1.57,1.69
2014.09.09,00:29:45.030,1.61003,1.60989,1.76,2.44
2014.09.09,00:29:46.038,1.61003,1.60989,1.57,1.69
2014.09.09,00:29:47.091,1.61003,1.60989,1.76,2.81
2014.09.09,00:29:49.107,1.61003,1.60989,1.57,1.76
2014.09.09,00:29:53.130,1.61003,1.60989,1.29,2.51
2014.09.09,00:29:55.839,1.61003,1.60989,1.09,3.19
2014.09.09,00:29:56.403,1.61003,1.60989,1.01,3.26
2014.09.09,00:29:58.622,1.61003,1.60989,1,2.59
2014.09.09,00:30:01.320,1.61003,1.6099,1,1.29
2014.09.09,00:30:01.878,1.61003,1.6099,1.17,1.19
2014.09.09,00:30:02.184,1.61002,1.6099,1.57,1.19
2014.09.09,00:30:02.691,1.61002,1.60989,1.57,1.19
2014.09.09,00:30:02.844,1.61001,1.60987,1.09,1.69
2014.09.09,00:30:02.946,1.61001,1.60987,1.76,1.76
2014.09.09,00:30:03.605,1.60999,1.60985,1.84,2.44
2014.09.09,00:30:04.253,1.60999,1.60985,1.69,2.44
2014.09.09,00:30:06.960,1.60999,1.60985,1.19,3.34
2014.09.09,00:30:08.976,1.60999,1.60985,1.69,3.34
2014.09.09,00:30:14.149,1.60999,1.60985,2.51,3.26
2014.09.09,00:30:14.656,1.60998,1.60985,1.69,1.29
2014.09.09,00:30:16.383,1.60998,1.60985,1.5,1.25
2014.09.09,00:30:20.412,1.60998,1.60985,1.69,1.29
2014.09.09,00:30:21.374,1.60998,1.60985,1.69,1.1
2014.09.09,00:30:22.580,1.60997,1.60985,1,1
2014.09.09,00:30:23.840,1.60997,1.60983,1.5,1.76
2014.09.09,00:30:24.347,1.60996,1.60984,1.25,1
2014.09.09,00:30:24.896,1.60995,1.60983,1,1.5
2014.09.09,00:30:24.998,1.60996,1.60984,1.1,1.19
2014.09.09,00:30:25.302,1.60994,1.60984,1,1.29
2014.09.09,00:30:25.996,1.60995,1.60984,1.5,1.19
2014.09.09,00:30:30.934,1.60996,1.60984,1,1.39
2014.09.09,00:30:31.239,1.60996,1.60985,1,1.32
2014.09.09,00:30:31.745,1.60996,1.60985,1,1.36
2014.09.09,00:30:34.032,1.60997,1.60985,3,1.09
2014.09.09,00:30:36.217,1.60997,1.60985,1.5,1.01
2014.09.09,00:30:36.724,1.60997,1.60985,1.5,1.09
2014.09.09,00:30:37.231,1.60997,1.60986,1.5,1.29
2014.09.09,00:30:40.025,1.60997,1.60984,1.5,2.51
2014.09.09,00:30:45.426,1.60997,1.60984,1,1.09
2014.09.09,00:30:45.971,1.60997,1.60984,1,1.09
2014.09.09,00:30:49.064,1.60997,1.60984,1.19,1.09
2014.09.09,00:30:50.040,1.60997,1.60984,1.25,1.17
2014.09.09,00:30:53.082,1.60996,1.60983,1.25,1.76
2014.09.09,00:30:53.628,1.60996,1.60983,1.25,1.39
2014.09.09,00:30:54.393,1.60997,1.60984,1.69,1.32
2014.09.09,00:30:55.201,1.60997,1.60983,1.69,1.76
2014.09.09,00:30:57.702,1.60997,1.60984,1.69,1.32
2014.09.09,00:30:58.361,1.60997,1.60983,1.69,1.34
2014.09.09,00:31:00.801,1.60996,1.60982,1.76,1.69
2014.09.09,00:31:00.851,1.60995,1.60981,1.26,2.44
2014.09.09,00:31:05.891,1.60994,1.60981,1.29,1.69
2014.09.09,00:31:07.257,1.60992,1.6098,1.5,1.19
2014.09.09,00:31:07.807,1.60992,1.6098,1.57,1.19
2014.09.09,00:31:08.330,1.60992,1.6098,1.57,1
2014.09.09,00:31:10.607,1.60991,1.60977,1.1,3.26
2014.09.09,00:31:10.760,1.60989,1.60976,1.87,2.51
2014.09.09,00:31:10.811,1.60989,1.60976,2.14,1.5
2014.09.09,00:31:10.963,1.60988,1.60974,1.01,1.76
2014.09.09,00:31:11.521,1.60988,1.60974,3.19,1.32
2014.09.09,00:31:12.285,1.60988,1.60974,3.19,1.76
2014.09.09,00:31:17.329,1.60987,1.60974,1.19,1.57
2014.09.09,00:31:18.303,1.60988,1.60974,2.44,1.07
2014.09.09,00:31:19.297,1.60988,1.60974,1.76,1.01
2014.09.09,00:31:20.126,1.60988,1.60974,1.69,1.32
2014.09.09,00:31:20.673,1.60988,1.60974,1.76,1.1
2014.09.09,00:31:25.505,1.60988,1.60974,1.69,1.07
2014.09.09,00:31:26.011,1.60988,1.60974,1.69,1
2014.09.09,00:31:26.524,1.60988,1.60974,1.69,1.07
2014.09.09,00:31:27.244,1.60988,1.60974,1.69,1
2014.09.09,00:31:27.751,1.60988,1.60974,1.19,1.07
2014.09.09,00:31:28.056,1.60989,1.60975,1.25,1.76
2014.09.09,00:31:28.961,1.6099,1.60976,1.76,1.69
2014.09.09,00:31:37.014,1.60989,1.60976,1,1.01
2014.09.09,00:31:41.694,1.6099,1.60976,1.57,1.76
2014.09.09,00:31:42.201,1.60989,1.60976,1.69,1.1
2014.09.09,00:31:42.717,1.60989,1.60974,1.69,1.76
2014.09.09,00:31:44.497,1.60989,1.60974,3.19,1.57
2014.09.09,00:31:45.517,1.60987,1.60974,1.19,1.76
2014.09.09,00:31:49.982,1.60987,1.60974,1.19,1.84
2014.09.09,00:31:50.286,1.60987,1.60974,1.19,2.51
2014.09.09,00:31:50.752,1.60986,1.60974,1.25,1.25
2014.09.09,00:31:51.511,1.60986,1.60974,1.19,1
2014.09.09,00:31:52.487,1.60988,1.60974,3.19,1.1
2014.09.09,00:31:53.488,1.60988,1.60974,3.94,1.09
2014.09.09,00:31:54.046,1.60988,1.60974,3.94,1.09
2014.09.09,00:31:55.518,1.60988,1.60974,3.19,1.17
2014.09.09,00:31:56.025,1.60988,1.60974,3.26,1.1
2014.09.09,00:31:56.565,1.60988,1.60974,4.01,1.01
2014.09.09,00:31:57.381,1.60988,1.60974,3.94,1.32
2014.09.09,00:31:57.619,1.60988,1.60976,2.44,1
2014.09.09,00:31:58.131,1.60989,1.60976,1,1.01
2014.09.09,00:31:58.940,1.60989,1.60974,1.69,2.51
2014.09.09,00:31:59.446,1.60987,1.60976,1,1.01
2014.09.09,00:31:59.497,1.60989,1.60976,2.25,1.01
2014.09.09,00:32:15.223,1.60989,1.60976,1,1.32
2014.09.09,00:32:20.127,1.60989,1.60976,1,1.01
2014.09.09,00:32:20.955,1.60989,1.60983,1,1
2014.09.09,00:32:21.159,1.60996,1.60987,1,1
2014.09.09,00:32:21.261,1.61002,1.6099,1,1
2014.09.09,00:32:21.362,1.61002,1.60994,1,1
2014.09.09,00:32:21.516,1.61008,1.60994,1.25,1.76
2014.09.09,00:32:22.174,1.61009,1.60995,1.69,2.59
2014.09.09,00:32:22.630,1.61009,1.60995,1.19,2.44
2014.09.09,00:32:22.834,1.61009,1.60994,1.69,2.59
2014.09.09,00:32:23.341,1.61009,1.60994,1.19,2.51
2014.09.09,00:32:23.392,1.6101,1.60994,4.01,2.51
2014.09.09,00:32:23.797,1.61007,1.60995,1,1.76
2014.09.09,00:32:24.299,1.61007,1.60995,1,1.32
2014.09.09,00:32:26.715,1.61007,1.60995,1,1.09
2014.09.09,00:32:27.745,1.61007,1.60995,1,1.76
2014.09.09,00:32:28.453,1.6101,1.60995,2.44,1.32
2014.09.09,00:32:28.976,1.6101,1.60995,2.44,1.76
2014.09.09,00:32:29.483,1.6101,1.60995,2.44,1.39
2014.09.09,00:32:30.551,1.6101,1.60995,2.44,1.76
2014.09.09,00:32:31.060,1.6101,1.60995,2.51,1.36
2014.09.09,00:32:33.513,1.6101,1.60994,2.51,4.01
2014.09.09,00:32:37.510,1.6101,1.60995,2.32,1.36
2014.09.09,00:32:38.483,1.6101,1.60995,2.51,1.36
2014.09.09,00:32:40.501,1.6101,1.60995,2.44,1.39
2014.09.09,00:32:43.305,1.6101,1.60995,3.94,1.01
2014.09.09,00:32:43.811,1.6101,1.60994,4.01,4.01
2014.09.09,00:32:47.038,1.6101,1.60997,2.32,1.25
2014.09.09,00:32:47.544,1.6101,1.60996,2.44,2.44
2014.09.09,00:32:48.051,1.6101,1.60999,1.69,1.1
2014.09.09,00:32:49.405,1.6101,1.60999,1.25,1
2014.09.09,00:32:54.453,1.6101,1.60999,1.19,1
2014.09.09,00:32:55.521,1.6101,1.60999,1.25,1
2014.09.09,00:32:56.189,1.6101,1.60999,1.25,1.17
2014.09.09,00:32:56.695,1.6101,1.60999,1,1
2014.09.09,00:33:02.406,1.6101,1.61,1.25,1
2014.09.09,00:33:02.457,1.6101,1.61006,1,1
2014.09.09,00:33:02.610,1.61013,1.61006,1,1
2014.09.09,00:33:02.712,1.61017,1.61005,1,2.02
2014.09.09,00:33:02.813,1.61019,1.61006,1.01,1.5
2014.09.09,00:33:02.864,1.61018,1.61006,1,2.06
2014.09.09,00:33:02.966,1.61021,1.61006,2.59,2.14
2014.09.09,00:33:04.113,1.61021,1.61006,4.01,2.44
2014.09.09,00:33:04.367,1.61019,1.61005,1.29,2.51
2014.09.09,00:33:04.873,1.61017,1.61004,1,1.69
2014.09.09,00:33:05.343,1.61017,1.61004,1,1.01
2014.09.09,00:33:06.486,1.61018,1.61004,1.01,1.76
2014.09.09,00:33:08.400,1.61018,1.61004,1.19,1.84
2014.09.09,00:33:10.446,1.61019,1.61005,2.44,2.51
2014.09.09,00:33:10.953,1.61019,1.61005,2.44,1.84
2014.09.09,00:33:11.459,1.61019,1.61005,2.44,1.84
2014.09.09,00:33:11.771,1.61019,1.61008,1.69,1
2014.09.09,00:33:11.975,1.61022,1.61008,1.36,1
2014.09.09,00:33:12.331,1.61023,1.61009,1.25,2.06
2014.09.09,00:33:12.382,1.61023,1.61012,1.25,1
2014.09.09,00:33:12.838,1.61023,1.61009,1.76,2.44
2014.09.09,00:33:13.348,1.61023,1.61009,3.94,1.69
2014.09.09,00:33:13.854,1.61021,1.61009,1.17,1.19
2014.09.09,00:33:15.016,1.61021,1.61009,1.17,1
2014.09.09,00:33:17.948,1.61022,1.61009,1.84,1.25
2014.09.09,00:33:18.454,1.61022,1.61009,1.01,1
2014.09.09,00:33:18.759,1.61024,1.61011,4.01,1.25
2014.09.09,00:33:19.593,1.61024,1.6101,4.76,1.25
2014.09.09,00:33:20.402,1.61024,1.61011,4.01,1
2014.09.09,00:33:20.703,1.61025,1.61017,1,1
2014.09.09,00:33:20.754,1.61027,1.61017,1,1
2014.09.09,00:33:20.856,1.61028,1.61018,1.5,1.07
2014.09.09,00:33:20.958,1.61028,1.61016,1.5,1
2014.09.09,00:33:22.875,1.61029,1.61016,1.25,1
2014.09.09,00:33:23.434,1.61029,1.61016,1.19,1.25
2014.09.09,00:33:24.699,1.61029,1.61017,1.19,1
2014.09.09,00:33:26.436,1.61029,1.61017,1.69,1.25
2014.09.09,00:33:28.431,1.61029,1.61016,1.69,1
2014.09.09,00:33:31.444,1.61029,1.61016,1.69,1.25
2014.09.09,00:33:33.424,1.61029,1.61015,1.69,2.44
2014.09.09,00:33:34.429,1.61029,1.61016,1.5,1.25
2014.09.09,00:33:35.412,1.61029,1.61016,1.5,1.19
2014.09.09,00:33:36.411,1.61029,1.61015,1.5,3.19
2014.09.09,00:33:37.446,1.61029,1.61016,1.65,1.19
2014.09.09,00:33:38.425,1.61029,1.61017,1.65,1.19
2014.09.09,00:33:39.146,1.61029,1.61016,1.57,1.25
2014.09.09,00:33:39.450,1.61029,1.61016,1.57,1.19
2014.09.09,00:33:40.444,1.61029,1.61015,1.76,3.26
2014.09.09,00:33:41.420,1.61029,1.61015,2.51,1.76
2014.09.09,00:33:42.434,1.61029,1.61015,2.51,1.01
2014.09.09,00:33:45.311,1.61029,1.61015,2.51,1.25
2014.09.09,00:33:45.827,1.61029,1.61015,2.44,1.19
2014.09.09,00:33:46.850,1.61029,1.61015,2.44,1
2014.09.09,00:33:47.536,1.61027,1.61015,1,1
2014.09.09,00:33:50.846,1.61027,1.61013,1,1.76
2014.09.09,00:33:51.861,1.61027,1.61014,1.25,1.76
2014.09.09,00:33:53.019,1.61029,1.61014,1.25,3.26
2014.09.09,00:33:54.631,1.61029,1.61014,1.32,3.26
2014.09.09,00:33:54.987,1.61029,1.61016,1,3.71
2014.09.09,00:33:55.241,1.61037,1.61023,2.44,1.09
2014.09.09,00:33:55.393,1.61038,1.61024,1.19,1.69
2014.09.09,00:33:55.495,1.61039,1.61025,1.76,1.01
2014.09.09,00:33:55.548,1.61039,1.61027,1.69,1
2014.09.09,00:33:56.057,1.61039,1.61026,1.25,1.65
2014.09.09,00:33:56.563,1.61039,1.61026,1.26,1.25
2014.09.09,00:33:59.357,1.61039,1.61028,1.19,1
2014.09.09,00:33:59.865,1.61039,1.61028,1,1
2014.09.09,00:34:00.422,1.61039,1.61028,1.17,1
2014.09.09,00:34:00.473,1.61038,1.61025,1.01,1
2014.09.09,00:34:00.625,1.61037,1.61024,1.07,1.69
2014.09.09,00:34:00.878,1.61033,1.61021,1,1.5
2014.09.09,00:34:00.929,1.61033,1.61021,2.32,1
2014.09.09,00:34:01.031,1.61033,1.61017,3.26,2.51
2014.09.09,00:34:01.081,1.61031,1.61017,1.29,1.76
2014.09.09,00:34:01.386,1.61028,1.61014,2.59,1.5
2014.09.09,00:34:01.692,1.61027,1.61011,3.26,4.01
2014.09.09,00:34:01.894,1.61025,1.61011,1.76,2.44
2014.09.09,00:34:13.947,1.61024,1.61011,1.32,1.19
2014.09.09,00:34:23.956,1.61025,1.61011,3.26,1.25
2014.09.09,00:34:25.955,1.61025,1.61011,2.51,1.19
2014.09.09,00:34:26.960,1.61025,1.61011,2.51,1
2014.09.09,00:34:28.786,1.61025,1.61011,1.84,1
2014.09.09,00:34:29.359,1.61025,1.61012,1.29,1
2014.09.09,00:34:29.511,1.61026,1.61012,1.01,1.76
2014.09.09,00:34:29.916,1.61024,1.61012,1,1.01
2014.09.09,00:34:31.430,1.61024,1.61012,1.19,1
2014.09.09,00:34:33.073,1.61024,1.61012,1,1.19
2014.09.09,00:34:34.055,1.61024,1.61012,1,1.1
2014.09.09,00:34:44.617,1.61024,1.61013,1.25,1
2014.09.09,00:34:49.898,1.61024,1.61012,1,1
2014.09.09,00:34:58.201,1.61024,1.61012,1,1.19
2014.09.09,00:35:01.070,1.61025,1.61012,1.01,1.69
2014.09.09,00:35:01.578,1.61026,1.61012,1.36,3
2014.09.09,00:35:03.196,1.61025,1.61012,1.29,1
2014.09.09,00:35:08.773,1.61025,1.61012,2.51,1
2014.09.09,00:35:09.487,1.61025,1.61012,1.84,1
2014.09.09,00:35:10.216,1.61025,1.61012,2.59,1
2014.09.09,00:35:16.271,1.61025,1.61012,1.84,1
2014.09.09,00:35:16.777,1.61025,1.61012,1.69,1
2014.09.09,00:35:17.284,1.61025,1.61012,2.06,1.07
2014.09.09,00:35:17.386,1.61027,1.61013,2.51,1.1
2014.09.09,00:35:17.437,1.61026,1.61012,1.19,2.51
2014.09.09,00:35:17.741,1.61024,1.61011,1.69,1.5
2014.09.09,00:35:18.248,1.61024,1.6101,1.76,1.25
2014.09.09,00:35:19.765,1.61023,1.61009,1.76,1.25
2014.09.09,00:35:21.780,1.61023,1.61008,1.29,4.09
2014.09.09,00:35:24.781,1.61023,1.61008,1,4.01
2014.09.09,00:35:30.764,1.61023,1.61009,1.25,1.69
2014.09.09,00:35:31.328,1.6102,1.61009,1,1.69
2014.09.09,00:35:31.838,1.61022,1.61007,2.44,1.84
2014.09.09,00:35:32.398,1.61019,1.61007,1,2.21
2014.09.09,00:35:32.904,1.61021,1.61007,1.19,2.96
2014.09.09,00:35:33.422,1.61021,1.61007,1,2.96
2014.09.09,00:35:33.942,1.61022,1.61008,1.25,1.46
2014.09.09,00:35:35.399,1.61023,1.61008,1.01,1.19
2014.09.09,00:35:35.924,1.61023,1.61008,1.09,1.29
2014.09.09,00:35:36.430,1.61023,1.61008,1.29,1.84
2014.09.09,00:35:37.428,1.61024,1.61009,4.09,1.76
2014.09.09,00:35:40.385,1.61024,1.61009,4.01,1.69
2014.09.09,00:35:40.892,1.61023,1.61009,1.25,1.84
2014.09.09,00:35:42.826,1.61024,1.61009,1.29,1.84
2014.09.09,00:35:44.426,1.61024,1.61009,1.29,2.59
2014.09.09,00:35:45.446,1.61024,1.61009,1.29,2.59
2014.09.09,00:35:54.423,1.61025,1.61009,3.26,1.76
2014.09.09,00:35:54.933,1.61023,1.61009,1,1.76
2014.09.09,00:35:56.367,1.61023,1.61009,1.76,1.69
2014.09.09,00:35:56.974,1.61023,1.6101,1.01,1
2014.09.09,00:36:00.928,1.61023,1.61009,1.01,1.76
2014.09.09,00:36:01.346,1.61023,1.61009,1.76,1.76
2014.09.09,00:36:05.185,1.61022,1.6101,1.19,1
2014.09.09,00:36:05.695,1.61024,1.6101,2.51,1.25
2014.09.09,00:36:10.361,1.61024,1.6101,1.76,1.25
2014.09.09,00:36:13.645,1.61024,1.6101,2.51,1
2014.09.09,00:36:22.601,1.61024,1.6101,1.84,1
2014.09.09,00:36:24.794,1.61024,1.6101,1.84,1.19
2014.09.09,00:36:35.814,1.61025,1.61009,1.19,3.19
2014.09.09,00:36:36.859,1.61025,1.6101,1.76,1.26
2014.09.09,00:36:44.004,1.61025,1.61011,1.69,1.3
2014.09.09,00:36:44.426,1.61025,1.61011,1.69,1.09
2014.09.09,00:36:44.714,1.61025,1.61011,1.69,1.76
2014.09.09,00:36:45.242,1.61025,1.61011,1.19,1.76
2014.09.09,00:36:45.770,1.61025,1.61011,1.19,1.26
2014.09.09,00:36:49.409,1.61025,1.61011,1.19,1.76
2014.09.09,00:36:50.016,1.61025,1.61011,1.19,1.17
2014.09.09,00:36:51.830,1.61025,1.61011,1.19,1.57
2014.09.09,00:36:52.002,1.61025,1.61011,1.19,1.1
2014.09.09,00:36:52.211,1.61025,1.61011,1.19,1.57
2014.09.09,00:36:52.312,1.61025,1.61011,1.19,1.1
2014.09.09,00:36:52.846,1.61025,1.61011,1.69,1.01
2014.09.09,00:36:54.862,1.61026,1.6101,2.44,1.36
2014.09.09,00:36:57.543,1.61026,1.61011,2.44,1.26
2014.09.09,00:36:58.079,1.61026,1.61012,1.69,1.32
2014.09.09,00:36:58.608,1.61026,1.61011,1.69,2.51
2014.09.09,00:36:59.351,1.61026,1.61012,1.19,1.3
2014.09.09,00:37:02.900,1.61027,1.61012,4.69,1.01
2014.09.09,00:37:04.629,1.61027,1.61012,1.69,1.84
2014.09.09,00:37:05.158,1.61027,1.61012,1.29,2.59
2014.09.09,00:37:05.898,1.61027,1.61012,1.01,1.84
2014.09.09,00:37:08.995,1.61027,1.61012,1.29,2.59
2014.09.09,00:37:10.003,1.61027,1.61012,1.01,1.84
2014.09.09,00:37:12.971,1.61027,1.61012,1.32,1.76
2014.09.09,00:37:13.482,1.61027,1.61012,1.01,1.36
2014.09.09,00:37:13.996,1.61027,1.61012,1.84,1.19
2014.09.09,00:37:16.020,1.61027,1.61012,1.39,1.69
2014.09.09,00:37:16.802,1.61027,1.61016,1.19,1
2014.09.09,00:37:17.333,1.61028,1.61016,1.25,1.1
2014.09.09,00:37:18.399,1.6103,1.61017,2.51,1
2014.09.09,00:37:19.530,1.6103,1.61017,1.19,1.01
2014.09.09,00:37:20.505,1.6103,1.61017,1.25,1.29
2014.09.09,00:37:21.556,1.6103,1.61017,1.19,1.01
2014.09.09,00:37:24.538,1.6103,1.61017,1.25,1.29
2014.09.09,00:37:25.820,1.6103,1.61017,1.25,1.2
2014.09.09,00:37:25.871,1.6103,1.61017,1.25,1.57
2014.09.09,00:37:26.377,1.6103,1.61017,1.25,1.07
2014.09.09,00:37:26.903,1.6103,1.61017,1.19,1.25
2014.09.09,00:37:30.883,1.6103,1.61017,1,1.25
2014.09.09,00:37:31.850,1.6103,1.61017,1.01,1.19
2014.09.09,00:37:38.068,1.6103,1.61018,1.19,1.5
2014.09.09,00:37:40.058,1.6103,1.61018,1.25,1.5
2014.09.09,00:37:43.083,1.6103,1.61018,1.19,1
2014.09.09,00:37:44.098,1.6103,1.61018,1,1
2014.09.09,00:37:47.649,1.6103,1.61017,1,1.01
2014.09.09,00:37:49.075,1.6103,1.61017,1.19,1.01
2014.09.09,00:37:54.206,1.6103,1.61017,1.25,1.1
2014.09.09,00:37:56.237,1.6103,1.61017,1.25,1.29
2014.09.09,00:37:56.746,1.6103,1.61017,1.25,1.1
2014.09.09,00:38:01.304,1.6103,1.61017,1,1.29
2014.09.09,00:38:02.333,1.6103,1.61017,1.19,1.01
2014.09.09,00:38:05.142,1.61032,1.61016,1.29,2.51
2014.09.09,00:38:05.648,1.61031,1.61016,1.01,1.84
2014.09.09,00:38:06.957,1.61032,1.61016,2.59,2.59
2014.09.09,00:38:12.230,1.61032,1.61017,1.01,1.36
2014.09.09,00:38:12.776,1.61032,1.61017,1.09,1.29
2014.09.09,00:38:13.336,1.61032,1.61018,1.84,1.25
2014.09.09,00:38:14.563,1.61032,1.61019,1.76,1
2014.09.09,00:38:15.069,1.61032,1.6102,1.84,1
2014.09.09,00:38:15.677,1.61031,1.61018,1.29,1.25
2014.09.09,00:38:16.184,1.61032,1.61017,3.71,1
2014.09.09,00:38:16.488,1.61029,1.61015,1.25,1.84
2014.09.09,00:38:17.173,1.61029,1.61015,1.69,1.84
2014.09.09,00:38:20.163,1.61029,1.61015,1.19,1.84
2014.09.09,00:38:20.972,1.61028,1.61016,1.76,1
2014.09.09,00:38:21.486,1.61028,1.61015,1.76,1.25
2014.09.09,00:38:21.993,1.61028,1.61015,1.76,1
2014.09.09,00:38:22.496,1.61027,1.61013,1,2.51
2014.09.09,00:38:23.002,1.61027,1.61013,1.25,3.26
2014.09.09,00:38:24.142,1.6103,1.61016,4.39,1.1
2014.09.09,00:38:24.648,1.6103,1.61016,1.69,1.2
2014.09.09,00:38:26.188,1.6103,1.61016,1.25,1.09
2014.09.09,00:38:27.206,1.6103,1.61016,1.19,1.2
2014.09.09,00:38:29.174,1.61029,1.61015,1.25,3.71
2014.09.09,00:38:30.217,1.61029,1.61015,1.19,2.96
2014.09.09,00:38:31.178,1.61027,1.61014,1,2.44
2014.09.09,00:38:31.685,1.61026,1.61014,1,1.69
2014.09.09,00:38:31.988,1.61026,1.61012,1,1.39
2014.09.09,00:38:32.293,1.61025,1.61011,1.69,1.29
2014.09.09,00:38:32.881,1.61023,1.61013,1,1
2014.09.09,00:38:33.641,1.61023,1.6101,1.25,1.29
2014.09.09,00:38:34.288,1.61023,1.6101,1.25,1.1
2014.09.09,00:38:34.861,1.61023,1.61011,1.25,1.5
2014.09.09,00:38:36.338,1.61023,1.61011,1.19,1.5
2014.09.09,00:38:38.297,1.61023,1.61011,1.25,1
2014.09.09,00:38:41.352,1.61023,1.61011,1.19,1
2014.09.09,00:38:44.455,1.61023,1.61011,1.01,1
2014.09.09,00:38:46.816,1.61023,1.61008,1.76,1.84
2014.09.09,00:38:49.468,1.61023,1.61011,1.25,1
2014.09.09,00:38:57.434,1.61023,1.61011,1.84,1
2014.09.09,00:38:59.438,1.61023,1.61011,1.69,1
2014.09.09,00:38:59.793,1.61022,1.61007,1.5,2.59
2014.09.09,00:39:00.401,1.61022,1.61008,1.5,1.26
2014.09.09,00:39:00.932,1.61022,1.61007,1.5,2.59
2014.09.09,00:39:01.486,1.61022,1.61007,1.69,2.51
2014.09.09,00:39:02.446,1.61022,1.61007,1.69,1.34
2014.09.09,00:39:06.458,1.61022,1.61007,1.69,1.84
2014.09.09,00:39:07.164,1.6102,1.61007,1,1.34
2014.09.09,00:39:07.872,1.6102,1.61006,1,5.06
2014.09.09,00:39:08.472,1.6102,1.61007,1,1.34
2014.09.09,00:39:08.979,1.61019,1.61007,1,1.29
2014.09.09,00:39:17.577,1.61019,1.61006,1,2.21
2014.09.09,00:39:18.280,1.61019,1.61005,1.19,3.64
2014.09.09,00:39:18.331,1.61016,1.61005,1,2.51
2014.09.09,00:39:18.842,1.61016,1.61005,1.1,1.19
2014.09.09,00:39:20.298,1.61017,1.61005,2.7,1
2014.09.09,00:39:20.821,1.61017,1.61005,3.45,1
2014.09.09,00:39:21.620,1.61017,1.61005,2.7,1
2014.09.09,00:39:32.418,1.61017,1.61002,2.96,1.29
2014.09.09,00:39:33.447,1.61017,1.61001,2.96,1.84
2014.09.09,00:39:36.441,1.61017,1.61001,2.96,1.36
2014.09.09,00:39:39.431,1.61017,1.61002,2.96,1.29
2014.09.09,00:39:45.438,1.61016,1.61001,1.2,3.34
2014.09.09,00:39:52.575,1.61014,1.61001,1.29,1.25
2014.09.09,00:39:52.929,1.61011,1.60999,1,1.07
2014.09.09,00:39:53.233,1.61009,1.60998,1.25,1
2014.09.09,00:39:53.537,1.61005,1.60997,1,1
2014.09.09,00:39:53.841,1.61,1.60991,1.19,1
2014.09.09,00:39:53.943,1.61,1.60989,1.19,1
2014.09.09,00:39:54.044,1.61,1.60991,1.29,1
2014.09.09,00:39:55.053,1.61,1.6099,1.19,1.5
2014.09.09,00:39:56.681,1.61,1.6099,1.01,1
2014.09.09,00:39:58.693,1.60999,1.6099,1.19,1
2014.09.09,00:39:59.871,1.61002,1.6099,1.76,1
2014.09.09,00:39:59.972,1.61002,1.6099,1.25,1
2014.09.09,00:40:00.479,1.61002,1.60989,1.25,1
2014.09.09,00:40:01.677,1.61002,1.60989,1.19,1.25
2014.09.09,00:40:02.931,1.61003,1.6099,1.39,1
2014.09.09,00:40:03.185,1.61003,1.60992,1.36,1
2014.09.09,00:40:03.900,1.61004,1.60992,2.51,1
2014.09.09,00:40:05.290,1.61003,1.60991,1.19,1
2014.09.09,00:40:05.798,1.61004,1.60989,1.29,1.84
2014.09.09,00:40:06.327,1.61005,1.60989,4.09,1.84
2014.09.09,00:40:06.991,1.61005,1.60989,4.09,1.69
2014.09.09,00:40:07.522,1.61004,1.60989,1.29,1.84
2014.09.09,00:40:08.546,1.61005,1.6099,3.34,1.01
2014.09.09,00:40:08.852,1.61004,1.6099,1.01,1.25
2014.09.09,00:40:09.162,1.61005,1.6099,4.69,1.25
2014.09.09,00:40:09.988,1.61005,1.60989,3.34,3.19
2014.09.09,00:40:10.529,1.61005,1.60989,4.01,3.26
2014.09.09,00:40:11.944,1.61004,1.60989,1.36,3.26
2014.09.09,00:40:14.370,1.61,1.60989,1,1.69
2014.09.09,00:40:14.623,1.61001,1.60987,1.84,1
2014.09.09,00:40:15.130,1.60999,1.60987,1,2.25
2014.09.09,00:40:16.586,1.60999,1.60988,1.1,1
2014.09.09,00:40:20.415,1.60999,1.60987,1,1.1
2014.09.09,00:40:22.236,1.60999,1.60987,1.19,1.1
2014.09.09,00:40:22.744,1.60999,1.60988,1.19,1
2014.09.09,00:40:23.250,1.60999,1.60987,1.19,2.32
2014.09.09,00:40:23.787,1.60999,1.60987,1,2.32
2014.09.09,00:40:26.839,1.60999,1.60989,1.25,1
2014.09.09,00:40:27.362,1.60999,1.60988,1.25,1
2014.09.09,00:40:30.009,1.60999,1.60987,1.1,1.25
2014.09.09,00:40:31.752,1.60999,1.60988,1,1
2014.09.09,00:40:32.847,1.60999,1.60987,1.01,1.25
2014.09.09,00:40:33.454,1.60999,1.60987,1.32,1.25
2014.09.09,00:40:39.692,1.60999,1.60987,1.07,1.69
2014.09.09,00:40:42.226,1.60999,1.60989,1.07,1
2014.09.09,00:40:42.530,1.60999,1.60991,1.07,1
2014.09.09,00:40:42.632,1.60999,1.60988,1.07,1.69
2014.09.09,00:40:43.494,1.60999,1.60987,1.32,1
2014.09.09,00:40:51.195,1.60999,1.60987,1.01,1.25
2014.09.09,00:40:53.028,1.60999,1.60988,1.01,1
2014.09.09,00:40:56.715,1.60999,1.60988,1.09,1
2014.09.09,00:40:57.265,1.60999,1.60988,1.01,1
2014.09.09,00:40:59.106,1.60999,1.60987,1.01,1
2014.09.09,00:41:01.575,1.60999,1.60986,1.1,3.19
2014.09.09,00:41:02.293,1.60998,1.60984,1,3.19
2014.09.09,00:41:02.799,1.60998,1.60984,1.32,3.19
2014.09.09,00:41:03.770,1.60998,1.60984,1.32,1.69
2014.09.09,00:41:05.143,1.60998,1.60984,2.51,1
2014.09.09,00:41:05.759,1.60998,1.60984,1.36,1
2014.09.09,00:41:11.945,1.60998,1.60984,1.76,1
2014.09.09,00:41:13.262,1.60997,1.60984,1.01,1.25
2014.09.09,00:41:14.794,1.60998,1.60984,1.36,1.5
2014.09.09,00:41:15.250,1.60997,1.60984,1.3,1
2014.09.09,00:41:18.645,1.60998,1.60984,2.51,1
2014.09.09,00:41:19.160,1.60997,1.60983,1.09,1.69
2014.09.09,00:41:19.791,1.60997,1.60983,1.36,1.69
2014.09.09,00:41:21.172,1.60997,1.60983,1.76,1.69
2014.09.09,00:41:21.777,1.60997,1.60983,1.36,1.5
2014.09.09,00:41:23.486,1.60996,1.60983,1.76,1
2014.09.09,00:41:23.994,1.60993,1.6098,1.2,1.19
2014.09.09,00:41:24.502,1.60995,1.6098,3.34,1.76
2014.09.09,00:41:25.009,1.60995,1.6098,4.09,1.19
2014.09.09,00:41:25.790,1.60995,1.6098,3.34,1.25
2014.09.09,00:41:26.696,1.60993,1.6098,1,1.25
2014.09.09,00:41:27.213,1.60993,1.6098,1.19,1.25
2014.09.09,00:41:32.298,1.60993,1.60983,1.39,1
2014.09.09,00:41:34.244,1.60993,1.60983,1,1
2014.09.09,00:41:34.750,1.60993,1.60983,1,1.19
2014.09.09,00:41:37.269,1.60993,1.60984,1,1.19
2014.09.09,00:41:37.731,1.60993,1.60981,1,3.19
2014.09.09,00:41:41.654,1.60995,1.60981,2.51,2.51
2014.09.09,00:41:44.245,1.60995,1.60981,2.32,1.76
2014.09.09,00:41:44.767,1.60995,1.60981,2.51,1.76
2014.09.09,00:41:46.079,1.60994,1.60981,1,1.76
2014.09.09,00:41:47.352,1.60994,1.60981,1.01,1.69
2014.09.09,00:41:51.124,1.60995,1.60983,1.01,1
2014.09.09,00:41:51.226,1.60996,1.60983,1.76,1.25
2014.09.09,00:41:51.277,1.60996,1.60983,1.57,1.69
2014.09.09,00:41:51.733,1.60998,1.60985,1.19,1.69
2014.09.09,00:41:51.885,1.60998,1.60987,1.25,1
2014.09.09,00:41:52.416,1.60998,1.60986,1.25,1.69
2014.09.09,00:41:53.499,1.60998,1.60986,1,2.44
2014.09.09,00:41:56.499,1.60998,1.60986,1,1.69
2014.09.09,00:41:57.511,1.60998,1.60987,1,1.19
2014.09.09,00:41:58.949,1.61,1.60987,1.84,1.19
2014.09.09,00:41:59.576,1.61,1.60988,1.69,1.69
2014.09.09,00:42:00.494,1.61,1.60988,1.5,1.69
2014.09.09,00:42:01.516,1.61,1.60988,1.5,2.44
2014.09.09,00:42:03.507,1.61,1.60988,1.57,1.69
2014.09.09,00:42:05.898,1.61,1.60988,1.76,1.69
2014.09.09,00:42:06.728,1.61,1.60989,1.76,1
2014.09.09,00:42:09.769,1.61,1.60988,1.65,2.44
2014.09.09,00:42:10.470,1.61,1.60988,1.5,2.44
2014.09.09,00:42:11.129,1.61,1.60988,1.5,2.44
2014.09.09,00:42:14.116,1.61,1.60988,1.25,2.06
2014.09.09,00:42:16.131,1.61,1.60988,1.19,1.87
2014.09.09,00:42:17.170,1.61,1.60988,1.25,2.06
2014.09.09,00:42:23.511,1.61,1.60988,1.17,1.87
2014.09.09,00:42:28.177,1.61,1.60988,2.59,1.87
2014.09.09,00:42:31.364,1.60998,1.60988,2.44,1.12
2014.09.09,00:42:31.668,1.60994,1.60988,1.29,1.12
2014.09.09,00:42:32.175,1.60994,1.60988,1.84,1.12
2014.09.09,00:42:37.349,1.6099,1.60988,1,1.12
2014.09.09,00:42:48.588,1.6099,1.60987,1.19,1.12
2014.09.09,00:42:57.246,1.6099,1.60986,1.01,1.12
2014.09.09,00:42:59.247,1.6099,1.60986,1.19,1.12
2014.09.09,00:43:02.257,1.6099,1.60986,1.25,1.12
2014.09.09,00:43:03.218,1.6099,1.60986,1.19,1.12
2014.09.09,00:43:08.233,1.6099,1.60983,1.01,1.5
2014.09.09,00:43:11.196,1.6099,1.60983,1.32,1.5
2014.09.09,00:43:12.336,1.6099,1.60983,1.01,1.5
2014.09.09,00:43:26.639,1.6099,1.6098,1,1.19
2014.09.09,00:43:26.791,1.6099,1.60978,1.1,1.19
2014.09.09,00:43:26.942,1.6099,1.60978,1.57,1.19
2014.09.09,00:43:27.447,1.60991,1.60978,1.76,1.19
2014.09.09,00:43:28.303,1.60991,1.60979,1.57,1.19
2014.09.09,00:43:29.381,1.60992,1.60978,2.44,1.25
2014.09.09,00:43:29.885,1.60992,1.60976,2.51,3.19
2014.09.09,00:43:30.389,1.60991,1.60977,1.17,1.69
2014.09.09,00:43:32.488,1.60992,1.60979,2.32,1.19
2014.09.09,00:43:32.690,1.60993,1.6098,1.32,1.19
2014.09.09,00:43:33.296,1.60994,1.6098,1.17,1.69
2014.09.09,00:43:33.853,1.60994,1.60981,1.2,1.19
2014.09.09,00:43:34.933,1.60994,1.60983,1.2,1.25
2014.09.09,00:43:35.450,1.60994,1.60983,1.17,1.25
2014.09.09,00:43:36.033,1.60994,1.60982,1.17,1.25
2014.09.09,00:43:37.001,1.60994,1.60982,1.17,1.19
2014.09.09,00:43:42.417,1.60994,1.60982,1.65,1.25
2014.09.09,00:43:43.439,1.60994,1.60982,1.17,1.19
2014.09.09,00:43:48.734,1.60994,1.60983,1.1,1.25
2014.09.09,00:43:51.424,1.60994,1.60984,1.1,1.19
2014.09.09,00:43:52.447,1.60994,1.60983,1.1,1.19
2014.09.09,00:43:53.462,1.60994,1.60985,1.1,1.25
2014.09.09,00:43:54.428,1.60994,1.60983,1.1,1.19
2014.09.09,00:43:58.841,1.60994,1.60984,1.1,1.19
2014.09.09,00:44:00.862,1.60994,1.60982,1,1.19
2014.09.09,00:44:02.867,1.60994,1.60982,1,1.25
2014.09.09,00:44:05.852,1.60994,1.60983,1.1,1.25
2014.09.09,00:44:06.869,1.60994,1.60983,1.1,1.19
2014.09.09,00:44:07.861,1.60994,1.60982,1,1.19
2014.09.09,00:44:08.859,1.60994,1.60984,1,1.25
2014.09.09,00:44:09.882,1.60994,1.60984,1,1.19
2014.09.09,00:44:10.084,1.60994,1.60979,1.1,2.59
2014.09.09,00:44:10.646,1.60996,1.60981,2.59,1.25
2014.09.09,00:44:11.154,1.60996,1.60981,3.26,1.25
2014.09.09,00:44:13.569,1.60995,1.60981,1.36,1.19
2014.09.09,00:44:19.519,1.60995,1.60981,1.84,1.25
2014.09.09,00:44:20.629,1.60995,1.6098,1.76,1.69
2014.09.09,00:44:21.188,1.60995,1.6098,1.29,1.69
2014.09.09,00:44:24.233,1.60994,1.6098,1.32,1.69
2014.09.09,00:44:24.436,1.60993,1.6098,1.57,1.25
2014.09.09,00:44:24.940,1.60992,1.60978,1.76,1.19
2014.09.09,00:44:25.458,1.60992,1.60978,1.39,1.19
2014.09.09,00:44:25.987,1.60992,1.60978,1.09,1.25
2014.09.09,00:44:26.841,1.60992,1.60978,1.09,1.25
2014.09.09,00:44:33.510,1.60992,1.60978,1.84,1.25
2014.09.09,00:44:39.524,1.60992,1.60977,1.84,1.25
2014.09.09,00:44:42.571,1.60992,1.60977,1.84,1.69
2014.09.09,00:44:46.682,1.60991,1.60977,1.22,1.69
2014.09.09,00:44:47.287,1.60992,1.60977,2.51,1.69
2014.09.09,00:44:48.107,1.60992,1.60977,1.84,1.69
2014.09.09,00:44:48.901,1.60992,1.60977,3.19,1.69
2014.09.09,00:44:49.556,1.60992,1.60977,3.26,1.19
2014.09.09,00:44:49.859,1.60988,1.60976,1.25,1.69
2014.09.09,00:44:50.162,1.60988,1.60973,2.59,1.19
2014.09.09,00:44:50.465,1.60986,1.60972,1.3,1.19
2014.09.09,00:44:51.170,1.60986,1.60971,1.01,2.44
2014.09.09,00:44:51.675,1.60984,1.60971,1.07,1.19
2014.09.09,00:44:51.881,1.60983,1.6097,1.36,1.25
2014.09.09,00:44:52.385,1.60983,1.6097,1.76,1.25
2014.09.09,00:44:52.890,1.60983,1.6097,1.34,1.25
2014.09.09,00:44:53.359,1.60983,1.60972,1.26,1
2014.09.09,00:44:53.410,1.60987,1.60975,1.84,1
2014.09.09,00:44:53.613,1.60988,1.60975,1.76,1
2014.09.09,00:44:53.916,1.60986,1.60972,1,1.69
2014.09.09,00:44:54.219,1.60986,1.60972,2.32,1.19
2014.09.09,00:44:54.370,1.60984,1.6097,1.1,1.76
2014.09.09,00:44:54.938,1.60983,1.6097,1.01,1.19
2014.09.09,00:44:55.504,1.60983,1.6097,1.19,1.01
2014.09.09,00:44:56.212,1.60985,1.6097,1.34,2.44
2014.09.09,00:44:56.415,1.60987,1.60974,1.1,1.69
2014.09.09,00:44:58.517,1.60989,1.60974,1.76,1.69
2014.09.09,00:45:01.394,1.60986,1.60973,1.19,1.01
2014.09.09,00:45:02.103,1.60985,1.6097,1.84,1.69
2014.09.09,00:45:02.305,1.60984,1.60969,1.26,1.76
2014.09.09,00:45:02.810,1.60985,1.6097,3.64,1
2014.09.09,00:45:03.315,1.60983,1.60969,1.01,1.69
2014.09.09,00:45:03.892,1.60983,1.60969,1.69,1.69
2014.09.09,00:45:04.897,1.60983,1.60969,1.84,1
2014.09.09,00:45:05.544,1.60983,1.6097,1.84,1
2014.09.09,00:45:05.847,1.60985,1.60975,1.19,1
2014.09.09,00:45:05.898,1.60984,1.60972,1.19,1.65
2014.09.09,00:45:06.049,1.60984,1.6097,2.51,1.5
2014.09.09,00:45:07.242,1.60978,1.6097,1,1
2014.09.09,00:45:07.343,1.60976,1.60965,2.25,1
2014.09.09,00:45:07.545,1.60975,1.6096,1.46,1.19
2014.09.09,00:45:07.647,1.60973,1.6096,1.76,1
2014.09.09,00:45:07.799,1.60972,1.60957,1.76,1.25
2014.09.09,00:45:07.850,1.6097,1.60957,1.19,1
2014.09.09,00:45:07.901,1.60969,1.60955,1.19,1.2
2014.09.09,00:45:13.174,1.60968,1.60955,1.25,1.57
2014.09.09,00:45:14.558,1.60968,1.60955,1,1.76
2014.09.09,00:45:18.526,1.60968,1.60957,1,1.19
2014.09.09,00:45:22.534,1.60968,1.60957,1,1.25
2014.09.09,00:45:23.040,1.60968,1.60957,1,1.69
2014.09.09,00:45:24.077,1.60973,1.60958,1.84,1.69
2014.09.09,00:45:25.028,1.60972,1.6096,1.1,1
2014.09.09,00:45:26.482,1.60972,1.6096,1.07,1.25
2014.09.09,00:45:27.723,1.60974,1.6096,3.94,1.25
2014.09.09,00:45:29.828,1.60974,1.60961,3.19,1.5
2014.09.09,00:45:30.029,1.60975,1.60964,1.12,1
2014.09.09,00:45:30.534,1.60978,1.60964,1.52,1.19
2014.09.09,00:45:30.887,1.60978,1.60966,1.45,1.19
2014.09.09,00:45:32.016,1.60978,1.60968,1.37,1
2014.09.09,00:45:32.370,1.60978,1.60969,1.37,1.19
2014.09.09,00:45:32.673,1.60981,1.60971,1.75,1.19
2014.09.09,00:45:32.976,1.60982,1.60974,2.77,1.25
2014.09.09,00:45:33.280,1.60982,1.60975,2.77,1.19
2014.09.09,00:45:34.096,1.60983,1.60976,2.77,1.76
2014.09.09,00:45:35.082,1.60983,1.60978,2.77,1.19
2014.09.09,00:45:35.587,1.60985,1.60981,2.77,1.19
2014.09.09,00:45:35.638,1.60992,1.60981,4.75,1.19
2014.09.09,00:45:35.789,1.60992,1.60983,4.68,1.19
2014.09.09,00:45:36.092,1.60993,1.60987,4.68,1.19
2014.09.09,00:45:36.396,1.60994,1.60989,4.68,1.19
2014.09.09,00:45:36.900,1.60994,1.60988,4.68,1.69
2014.09.09,00:45:37.825,1.60994,1.60988,4.68,1
2014.09.09,00:45:38.796,1.60994,1.60988,4.68,1.19
2014.09.09,00:45:38.998,1.60999,1.60988,7.45,1.19
2014.09.09,00:45:39.854,1.60999,1.60992,7.45,1
2014.09.09,00:45:39.955,1.60999,1.60989,7.45,1.5
2014.09.09,00:45:40.006,1.60999,1.6099,7.45,1.29
2014.09.09,00:45:40.309,1.61002,1.60994,5.85,1.19
2014.09.09,00:45:43.893,1.61002,1.60993,6.22,1.19
2014.09.09,00:45:43.997,1.61002,1.60993,5.85,1.19
2014.09.09,00:45:44.513,1.61002,1.60992,5.85,1.19
2014.09.09,00:45:48.084,1.61008,1.60992,15.33,1.19
2014.09.09,00:45:48.258,1.61,1.60992,4.74,1.19
2014.09.09,00:45:48.585,1.61007,1.60992,2.09,1.19
2014.09.09,00:45:49.021,1.61001,1.60992,1.12,1.26
2014.09.09,00:45:49.172,1.61008,1.60992,1.76,1.26
2014.09.09,00:45:51.481,1.61007,1.60992,1.01,1.19
2014.09.09,00:45:52.016,1.61008,1.60992,3.19,1.19
2014.09.09,00:45:52.556,1.61005,1.60991,1.32,1.69
2014.09.09,00:45:53.062,1.61003,1.60989,2.44,1.19
2014.09.09,00:45:53.767,1.61002,1.60988,1.76,1.69
2014.09.09,00:45:56.590,1.61002,1.60988,1.01,1.69
2014.09.09,00:45:57.281,1.61002,1.60988,1.4,1.69
2014.09.09,00:46:07.806,1.61002,1.60988,1.76,1.69
2014.09.09,00:46:08.608,1.61002,1.60988,1.09,1.69
2014.09.09,00:46:09.666,1.61002,1.60988,1.36,1.19
2014.09.09,00:46:12.970,1.61002,1.60988,1.76,1.19
2014.09.09,00:46:13.782,1.61001,1.60988,1.3,1.19
2014.09.09,00:46:14.724,1.61002,1.60988,1.76,1.19
2014.09.09,00:46:18.928,1.61001,1.60988,1.3,1.19
2014.09.09,00:46:20.945,1.61002,1.60988,1.76,1.19
2014.09.09,00:46:21.472,1.60999,1.60986,1,2.51
2014.09.09,00:46:22.098,1.60999,1.60986,1.19,1.76
2014.09.09,00:46:22.945,1.60999,1.60986,1.69,1.69
2014.09.09,00:46:23.613,1.60999,1.60986,1.29,1.69
2014.09.09,00:46:23.833,1.61001,1.60986,1.01,2.44
2014.09.09,00:46:24.341,1.60999,1.60986,1.17,2.44
2014.09.09,00:46:24.856,1.60999,1.60986,1.1,2.44
2014.09.09,00:46:26.936,1.60997,1.60986,1.25,1
2014.09.09,00:46:27.442,1.60998,1.60984,1.76,1.62
2014.09.09,00:46:27.645,1.61,1.60986,1.84,1.69
2014.09.09,00:46:28.176,1.61,1.60986,1.01,1.76
2014.09.09,00:46:28.334,1.60998,1.60985,1,1.39
2014.09.09,00:46:29.376,1.60998,1.60985,1,1.31
2014.09.09,00:46:32.491,1.60998,1.60985,1,1.39
2014.09.09,00:46:33.112,1.60998,1.60985,1.1,1.39
2014.09.09,00:46:33.629,1.60998,1.60984,1.07,1.56
2014.09.09,00:46:33.935,1.61,1.60985,1.84,1.31
2014.09.09,00:46:34.887,1.61,1.60986,1.84,1.69
2014.09.09,00:46:40.864,1.61001,1.60986,1.76,1.69
2014.09.09,00:46:41.630,1.61001,1.60986,1.36,1.76
2014.09.09,00:46:42.197,1.61001,1.60987,1.09,1.19
2014.09.09,00:46:42.897,1.61001,1.60986,1.17,1.76
2014.09.09,00:46:44.147,1.61001,1.60986,1.57,1.69
2014.09.09,00:46:48.153,1.61001,1.60989,1.1,1.1
2014.09.09,00:46:48.254,1.61004,1.6099,1.76,1.09
2014.09.09,00:46:48.406,1.61004,1.60991,1,2.51
2014.09.09,00:46:48.912,1.61004,1.60994,1,1
2014.09.09,00:46:55.494,1.61004,1.60994,1.07,1
2014.09.09,00:46:55.646,1.61003,1.60991,1,1.19
2014.09.09,00:46:56.220,1.61003,1.60992,1.07,1.25
2014.09.09,00:46:56.727,1.61003,1.60992,1.25,1
2014.09.09,00:46:59.643,1.61003,1.60992,1.19,1
2014.09.09,00:47:00.250,1.61003,1.60993,1.19,1.5
2014.09.09,00:47:00.351,1.61004,1.60993,1.09,1.5
2014.09.09,00:47:00.857,1.61006,1.60994,1.65,1
2014.09.09,00:47:01.110,1.61006,1.60996,1,1
2014.09.09,00:47:01.635,1.61007,1.60996,1,1
2014.09.09,00:47:09.091,1.61008,1.60996,1.5,1
2014.09.09,00:47:10.294,1.61009,1.60996,3.26,1
2014.09.09,00:47:10.800,1.61008,1.60995,1.1,1.25
2014.09.09,00:47:10.902,1.61008,1.60995,1.57,1.25
2014.09.09,00:47:13.981,1.61006,1.60995,1.07,1
2014.09.09,00:47:15.335,1.61006,1.60995,1.5,1
2014.09.09,00:47:15.880,1.61006,1.60995,1.07,1
2014.09.09,00:47:16.804,1.61006,1.60995,1.1,1
2014.09.09,00:47:17.318,1.61007,1.60995,1.01,1
2014.09.09,00:47:18.035,1.61007,1.60996,1.84,1
2014.09.09,00:47:18.545,1.61007,1.60997,1,1
2014.09.09,00:47:19.057,1.6101,1.60997,4.01,1
2014.09.09,00:47:20.181,1.6101,1.60997,2.51,1.19
2014.09.09,00:47:20.694,1.61009,1.60997,1.07,1.19
2014.09.09,00:47:20.897,1.61008,1.60996,2.32,1
2014.09.09,00:47:21.151,1.61006,1.60994,1.85,1.69
2014.09.09,00:47:21.657,1.61006,1.60994,1.57,1.69
2014.09.09,00:47:22.168,1.61006,1.60994,1.76,1.69
2014.09.09,00:47:22.955,1.61006,1.60994,1.4,1.25
2014.09.09,00:47:23.310,1.61007,1.60996,1.84,1
2014.09.09,00:47:24.091,1.61008,1.60996,1,1.76
2014.09.09,00:47:24.294,1.61011,1.60996,1.76,2.51
2014.09.09,00:47:24.901,1.61009,1.60996,1,1.76
2014.09.09,00:47:25.204,1.61011,1.60996,1.76,3.26
2014.09.09,00:47:25.711,1.61011,1.60996,2.51,3.19
2014.09.09,00:47:26.216,1.61008,1.60996,1,2.44
2014.09.09,00:47:26.815,1.61008,1.60996,1.25,1.76
2014.09.09,00:47:27.832,1.61008,1.60996,1.19,1.5
2014.09.09,00:47:28.963,1.61006,1.60996,1,1.5
2014.09.09,00:47:29.217,1.61008,1.60996,1.84,1.25
2014.09.09,00:47:30.403,1.61008,1.60995,2.25,1.69
2014.09.09,00:47:30.910,1.61007,1.60995,1.5,1.69
2014.09.09,00:47:31.587,1.61007,1.60996,1.69,1
2014.09.09,00:47:32.094,1.61007,1.60995,1.5,1.25
2014.09.09,00:47:32.701,1.61007,1.60997,1.1,1
