Time,Ask,Bid,AskVolume,BidVolume,
2014.09.09,00:00:00.329,0.93621,0.93611,1,1.31
2014.09.09,00:00:01.253,0.93621,0.93609,1,1.46
2014.09.09,00:00:02.248,0.93621,0.93609,1,1.39
2014.09.09,00:00:02.759,0.93621,0.93609,1,1.31
2014.09.09,00:00:03.018,0.93619,0.93609,1,1.31
2014.09.09,00:00:03.322,0.93617,0.93607,1,2.21
2014.09.09,00:00:03.626,0.93616,0.93604,2.02,1
2014.09.09,00:00:03.982,0.93612,0.93602,1.1,1
2014.09.09,00:00:05.347,0.93614,0.93602,2.21,1
2014.09.09,00:00:06.746,0.93614,0.93602,1.27,1.39
2014.09.09,00:00:08.073,0.93614,0.93602,1.2,2.14
2014.09.09,00:00:10.119,0.93614,0.93603,1,1.39
2014.09.09,00:00:11.332,0.93614,0.93603,1.1,1.56
2014.09.09,00:00:11.586,0.93616,0.93604,1.2,2.06
2014.09.09,00:00:12.091,0.93616,0.93604,1.2,2.14
2014.09.09,00:00:12.597,0.93616,0.93605,1.1,1.31
2014.09.09,00:00:13.112,0.93616,0.93605,1.17,1.56
2014.09.09,00:00:13.671,0.93616,0.93605,1.27,1.31
2014.09.09,00:00:14.445,0.93616,0.93605,1.07,1.56
2014.09.09,00:00:14.971,0.93616,0.93605,1.1,1.31
2014.09.09,00:00:15.484,0.93616,0.93605,1.07,1.31
2014.09.09,00:00:15.998,0.93616,0.93604,1.1,2.14
2014.09.09,00:00:16.520,0.93616,0.93604,1.17,2.06
2014.09.09,00:00:17.118,0.93616,0.93604,1.1,2.14
2014.09.09,00:00:21.282,0.93616,0.93604,1.1,2.14
2014.09.09,00:00:21.991,0.93616,0.93605,1,1.39
2014.09.09,00:00:24.640,0.93616,0.93605,1,1.66
2014.09.09,00:00:26.374,0.93616,0.93605,1,1.74
2014.09.09,00:00:27.953,0.93616,0.93605,1,1.66
2014.09.09,00:00:28.573,0.93616,0.93608,1,1.25
2014.09.09,00:00:31.046,0.93616,0.93605,1,1.66
2014.09.09,00:00:31.562,0.93616,0.93605,1,1.74
2014.09.09,00:00:33.555,0.93616,0.93605,1.1,1.56
2014.09.09,00:00:34.065,0.93616,0.93606,1,1.31
2014.09.09,00:00:36.255,0.93616,0.93605,1,2.14
2014.09.09,00:00:36.851,0.93616,0.93605,1.1,2.06
2014.09.09,00:00:37.359,0.93616,0.93605,1.2,1.25
2014.09.09,00:00:38.700,0.93616,0.93604,1.27,1.69
2014.09.09,00:00:38.851,0.93617,0.93607,1.52,1
2014.09.09,00:00:39.054,0.93616,0.93604,1.27,1.69
2014.09.09,00:00:39.610,0.93616,0.93604,1.27,1.25
2014.09.09,00:00:42.578,0.93616,0.93604,1.27,1.69
2014.09.09,00:00:43.167,0.93616,0.93606,1.27,1.25
2014.09.09,00:00:44.904,0.93616,0.93606,1.27,1.25
2014.09.09,00:00:45.822,0.93616,0.93605,1.2,1.31
2014.09.09,00:00:46.331,0.93616,0.93605,1.27,1.31
2014.09.09,00:00:46.839,0.93616,0.93605,1.27,1.31
2014.09.09,00:00:47.620,0.93616,0.93605,1.27,1.31
2014.09.09,00:00:48.729,0.93616,0.93605,1.27,1.31
2014.09.09,00:00:50.731,0.93617,0.93606,1.55,1.69
2014.09.09,00:00:51.696,0.93617,0.93607,1.55,1.19
2014.09.09,00:00:55.097,0.93617,0.93607,1.27,1.19
2014.09.09,00:00:55.249,0.93618,0.93609,1.2,1.25
2014.09.09,00:00:56.059,0.93618,0.93609,1,1.39
2014.09.09,00:00:56.565,0.93618,0.93609,1,2.89
2014.09.09,00:00:56.616,0.93618,0.93609,1,2.89
2014.09.09,00:00:57.123,0.93618,0.93612,1,2.44
2014.09.09,00:00:57.882,0.93622,0.93612,1.5,2.44
2014.09.09,00:00:57.933,0.93622,0.93613,1,1.31
2014.09.09,00:00:58.440,0.93623,0.93613,1.57,1.31
2014.09.09,00:00:59.149,0.93623,0.93614,1.1,1.19
2014.09.09,00:01:07.156,0.93623,0.93614,1,1.31
2014.09.09,00:01:10.039,0.93623,0.93611,1,2.89
2014.09.09,00:01:10.343,0.93623,0.93611,1,2.96
2014.09.09,00:01:10.546,0.93623,0.93611,1,2.21
2014.09.09,00:01:11.053,0.93623,0.93611,1,2.21
2014.09.09,00:01:12.774,0.93623,0.93611,1,2.96
2014.09.09,00:01:13.280,0.93623,0.93611,1,2.96
2014.09.09,00:01:13.988,0.93623,0.93611,1,2.96
2014.09.09,00:01:15.088,0.93623,0.93611,1.12,2.21
2014.09.09,00:01:16.197,0.93623,0.93611,1.37,2.21
2014.09.09,00:01:16.711,0.93623,0.93611,1.52,1.31
2014.09.09,00:01:17.549,0.93623,0.93611,1.15,1.25
2014.09.09,00:01:18.061,0.93623,0.93611,1.17,1.25
2014.09.09,00:01:21.554,0.93623,0.93611,1.55,1.25
2014.09.09,00:01:22.214,0.93623,0.93611,1.27,1.62
2014.09.09,00:01:22.721,0.93623,0.93611,1.52,1.31
2014.09.09,00:01:23.772,0.93623,0.93611,1.52,1.31
2014.09.09,00:01:24.277,0.93623,0.93611,1.52,1.31
2014.09.09,00:01:26.489,0.93623,0.93611,1.52,1.31
2014.09.09,00:01:26.540,0.93623,0.93611,1.15,1.62
2014.09.09,00:01:26.642,0.93623,0.93611,1.52,1.25
2014.09.09,00:01:27.149,0.93623,0.93611,1.17,1.25
2014.09.09,00:01:27.657,0.93623,0.93611,1.52,1.25
2014.09.09,00:01:32.458,0.93623,0.93612,2.02,1
2014.09.09,00:01:33.052,0.93623,0.93612,2.02,1
2014.09.09,00:01:33.566,0.93623,0.93611,2.02,1.25
2014.09.09,00:01:35.169,0.93623,0.93616,1.47,1
2014.09.09,00:01:35.474,0.93624,0.93611,1.55,2.89
2014.09.09,00:01:37.156,0.93624,0.93611,1.52,2.81
2014.09.09,00:01:37.207,0.93624,0.93613,1.45,1.07
2014.09.09,00:01:37.461,0.93624,0.93611,1.47,2.96
2014.09.09,00:01:37.512,0.93624,0.93614,1.37,1.1
2014.09.09,00:01:37.816,0.93626,0.93616,1.46,1
2014.09.09,00:01:38.019,0.93625,0.93612,1.47,2.21
2014.09.09,00:01:38.525,0.93624,0.93612,1.27,1.66
2014.09.09,00:01:39.040,0.93624,0.93611,1.1,3.64
2014.09.09,00:01:39.243,0.93625,0.93612,1,2.21
2014.09.09,00:01:42.602,0.93625,0.93613,1.27,1.19
2014.09.09,00:01:43.158,0.93625,0.93612,1.27,1.39
2014.09.09,00:01:43.462,0.93619,0.9361,1.12,1
2014.09.09,00:01:43.868,0.9362,0.93608,1.27,1
2014.09.09,00:01:44.172,0.93618,0.93606,1.17,1.31
2014.09.09,00:01:44.678,0.93619,0.93605,1.27,2.89
2014.09.09,00:01:45.601,0.93619,0.93605,1.46,3.64
2014.09.09,00:01:46.107,0.93619,0.93605,1.09,3.71
2014.09.09,00:01:46.653,0.93619,0.93605,1.84,2.96
2014.09.09,00:01:47.159,0.93619,0.93605,1.84,2.96
2014.09.09,00:01:47.660,0.93619,0.93605,1.84,2.89
2014.09.09,00:01:48.265,0.93619,0.93605,1.36,3.34
2014.09.09,00:01:48.417,0.9362,0.93607,2.59,1.37
2014.09.09,00:01:48.979,0.9362,0.93607,2.59,1.95
2014.09.09,00:01:49.691,0.9362,0.93607,1.76,2.21
2014.09.09,00:01:50.389,0.9362,0.93607,1.84,1.39
2014.09.09,00:01:53.274,0.9362,0.93607,1.4,1.62
2014.09.09,00:01:53.527,0.9362,0.93606,2.21,1.56
2014.09.09,00:01:54.034,0.9362,0.93606,1.84,1.66
2014.09.09,00:01:54.811,0.9362,0.93606,2.59,1.56
2014.09.09,00:01:55.424,0.9362,0.93606,2.59,1.66
2014.09.09,00:01:56.546,0.9362,0.93606,2.59,1.74
2014.09.09,00:01:56.850,0.9362,0.93606,2.21,1.56
2014.09.09,00:01:57.204,0.93619,0.93606,1.17,1.66
2014.09.09,00:01:57.712,0.93619,0.93606,1.1,1.74
2014.09.09,00:01:58.330,0.9362,0.93607,2.59,1.39
2014.09.09,00:01:58.838,0.9362,0.93606,2.96,2.06
2014.09.09,00:02:00.442,0.93618,0.93606,1.27,2.06
2014.09.09,00:02:00.950,0.93618,0.93605,1.46,1.62
2014.09.09,00:02:02.573,0.93618,0.93605,1.46,1.62
2014.09.09,00:02:03.130,0.93618,0.93605,1.46,1.39
2014.09.09,00:02:03.640,0.93617,0.93605,1.27,1.31
2014.09.09,00:02:04.149,0.93617,0.93605,1.27,1.31
2014.09.09,00:02:04.857,0.93617,0.93605,1.46,1.37
2014.09.09,00:02:05.394,0.93617,0.93605,1.4,1.12
2014.09.09,00:02:07.557,0.93617,0.93605,1.46,1
2014.09.09,00:02:08.367,0.93613,0.93605,1,1
2014.09.09,00:02:08.671,0.93614,0.93604,1.4,1
2014.09.09,00:02:09.279,0.93613,0.93604,1.65,1
2014.09.09,00:02:09.686,0.93613,0.93604,2.59,1
2014.09.09,00:02:10.149,0.93613,0.93601,2.59,1
2014.09.09,00:02:10.706,0.93612,0.93599,1.09,1.01
2014.09.09,00:02:11.212,0.93612,0.93599,1.84,1.25
2014.09.09,00:02:13.948,0.93609,0.93599,1,1
2014.09.09,00:02:14.971,0.93607,0.93595,1,3.34
2014.09.09,00:02:15.478,0.93607,0.93595,1.37,1.65
2014.09.09,00:02:16.493,0.93606,0.93595,1.12,1.1
2014.09.09,00:02:17.696,0.93606,0.93595,1.37,1.1
2014.09.09,00:02:18.202,0.93606,0.93595,1.37,1.17
2014.09.09,00:02:18.703,0.93606,0.93595,1,1.17
2014.09.09,00:02:19.718,0.93606,0.93595,1.37,1.17
2014.09.09,00:02:21.909,0.93606,0.93595,1.37,1.2
2014.09.09,00:02:22.213,0.93603,0.93593,1,2.51
2014.09.09,00:02:22.995,0.93603,0.93593,1,1.1
2014.09.09,00:02:23.513,0.93604,0.93593,1.12,1.1
2014.09.09,00:02:27.232,0.93604,0.93593,1,1.47
2014.09.09,00:02:27.556,0.93603,0.93593,1.37,1
2014.09.09,00:02:30.379,0.93603,0.93593,1.74,1
2014.09.09,00:02:31.091,0.93603,0.93593,1.71,1
2014.09.09,00:02:42.816,0.93603,0.93593,1.74,1
2014.09.09,00:02:44.703,0.93603,0.93593,1.74,1
2014.09.09,00:02:45.307,0.93603,0.93593,2.59,1
2014.09.09,00:02:56.791,0.93601,0.93589,1.46,1
2014.09.09,00:02:58.138,0.93599,0.93589,1.47,1
2014.09.09,00:02:58.392,0.93599,0.93589,2.14,1
2014.09.09,00:02:58.920,0.93597,0.93589,1,1
2014.09.09,00:02:59.427,0.93598,0.93589,1.31,1
2014.09.09,00:03:00.629,0.93598,0.93589,1.39,1
2014.09.09,00:03:06.239,0.93599,0.93589,1.46,1
2014.09.09,00:03:08.443,0.93599,0.93589,1.74,1
2014.09.09,00:03:09.354,0.93599,0.93589,1.74,1
2014.09.09,00:03:10.262,0.93599,0.93589,1.66,1
2014.09.09,00:03:10.807,0.93599,0.93589,1.66,1
2014.09.09,00:03:11.343,0.93599,0.93589,1.66,1
2014.09.09,00:03:14.466,0.93599,0.93589,1.66,1
2014.09.09,00:03:14.773,0.93599,0.93589,1.66,1
2014.09.09,00:03:16.431,0.93599,0.93589,1.74,1
2014.09.09,00:03:20.272,0.93599,0.93589,1.66,1
2014.09.09,00:03:27.047,0.93599,0.93586,2.81,1.65
2014.09.09,00:03:27.314,0.93596,0.93586,1,1.1
2014.09.09,00:03:27.820,0.93597,0.93586,1.1,1
2014.09.09,00:03:28.326,0.93597,0.93586,1.17,1
2014.09.09,00:03:28.888,0.93597,0.93586,1.01,1
2014.09.09,00:03:30.056,0.93597,0.93586,1.32,1
2014.09.09,00:03:36.604,0.93597,0.93586,1.01,1
2014.09.09,00:03:37.122,0.93597,0.93586,1.09,1
2014.09.09,00:03:37.789,0.93597,0.93586,1.01,1
2014.09.09,00:03:38.297,0.93597,0.93586,1.09,1
2014.09.09,00:03:40.533,0.93597,0.93586,1.39,1
2014.09.09,00:03:41.054,0.93597,0.93586,1.46,1
2014.09.09,00:03:41.591,0.93597,0.93586,1.39,1
2014.09.09,00:03:42.103,0.93597,0.93586,1.39,1
2014.09.09,00:03:45.631,0.93598,0.93586,1.74,1
2014.09.09,00:03:46.137,0.93598,0.93586,1.71,1
2014.09.09,00:03:46.653,0.93598,0.93586,1.36,1.12
2014.09.09,00:03:47.673,0.93598,0.93586,1.46,1.12
2014.09.09,00:03:48.361,0.93598,0.93586,1.46,1.12
2014.09.09,00:03:56.579,0.93598,0.93586,2.21,1.12
2014.09.09,00:03:57.084,0.93598,0.93586,2.21,1.12
2014.09.09,00:03:58.983,0.93598,0.93586,1.46,1
2014.09.09,00:03:59.530,0.93598,0.93586,2.21,1
2014.09.09,00:04:00.263,0.93598,0.93586,1.46,1.12
2014.09.09,00:04:13.002,0.93599,0.93586,2.21,1.37
2014.09.09,00:04:13.307,0.93599,0.93586,1.09,2.14
2014.09.09,00:04:14.197,0.93599,0.93586,1.09,2.14
2014.09.09,00:04:14.709,0.93599,0.93586,1,2.96
2014.09.09,00:04:15.246,0.93599,0.93586,1,2.96
2014.09.09,00:04:20.627,0.93599,0.93586,1,2.96
2014.09.09,00:04:22.419,0.93599,0.93586,1,2.96
2014.09.09,00:04:22.572,0.93601,0.93592,1.31,1
2014.09.09,00:04:23.457,0.93603,0.93592,2.21,1
2014.09.09,00:04:25.151,0.93602,0.93592,1.37,1.1
2014.09.09,00:04:25.304,0.93603,0.93592,1.25,2.7
2014.09.09,00:04:25.355,0.93603,0.93597,1.25,1
2014.09.09,00:04:25.456,0.93605,0.93597,1.31,1
2014.09.09,00:04:30.410,0.93604,0.93597,1,1
2014.09.09,00:04:34.574,0.93603,0.93597,1,1
2014.09.09,00:04:35.030,0.93605,0.93596,1.39,1
2014.09.09,00:04:36.089,0.93603,0.93596,1,1
2014.09.09,00:04:40.487,0.93602,0.93596,1,1
2014.09.09,00:04:40.994,0.93603,0.93596,1,1
2014.09.09,00:04:45.342,0.93604,0.93596,1.12,1
2014.09.09,00:04:45.647,0.93601,0.93594,1.12,1
2014.09.09,00:04:46.258,0.93602,0.93594,1.12,1
2014.09.09,00:04:49.769,0.93602,0.93594,1.37,1
2014.09.09,00:04:50.433,0.93602,0.93594,1.12,1
2014.09.09,00:04:50.946,0.93602,0.93594,1.37,1
2014.09.09,00:04:53.461,0.93601,0.93594,1.37,1
2014.09.09,00:04:53.974,0.93602,0.93594,1.37,1
2014.09.09,00:05:05.181,0.93602,0.93594,1.12,1
2014.09.09,00:05:05.586,0.93606,0.93594,2.96,1
2014.09.09,00:05:05.991,0.93606,0.93594,1,1.17
2014.09.09,00:05:06.575,0.93609,0.93597,2.89,1.1
2014.09.09,00:05:06.778,0.9361,0.93599,1.47,1
2014.09.09,00:05:07.032,0.93614,0.93602,2.89,1.1
2014.09.09,00:05:09.208,0.93613,0.93604,1.31,1
2014.09.09,00:05:09.411,0.93616,0.93604,2.14,1.1
2014.09.09,00:05:09.765,0.93616,0.93607,1.74,1
2014.09.09,00:05:09.867,0.93616,0.93604,2.21,1
2014.09.09,00:05:10.221,0.93616,0.93607,1.74,1
2014.09.09,00:05:11.715,0.93616,0.93607,1.55,1
2014.09.09,00:05:12.881,0.93616,0.93607,1.46,1
2014.09.09,00:05:13.386,0.93616,0.93607,1.46,1
2014.09.09,00:05:15.493,0.93616,0.93607,1.77,1
2014.09.09,00:05:19.603,0.93616,0.93607,1.46,1
2014.09.09,00:05:21.727,0.93616,0.93607,2.59,1
2014.09.09,00:05:21.828,0.93614,0.93607,1.17,1
2014.09.09,00:05:21.981,0.93614,0.93602,1.17,1
2014.09.09,00:05:22.537,0.93614,0.93602,2.4,1
2014.09.09,00:05:23.446,0.93614,0.93602,4.46,1
2014.09.09,00:05:23.650,0.93614,0.93602,4.46,1
2014.09.09,00:05:23.751,0.93614,0.93602,4.46,1
2014.09.09,00:05:28.840,0.93613,0.93602,2.21,1
2014.09.09,00:05:29.043,0.93612,0.93602,1.01,1
2014.09.09,00:05:29.346,0.93611,0.93599,1,1.25
2014.09.09,00:05:31.882,0.93611,0.93599,1.39,1.1
2014.09.09,00:05:32.418,0.93611,0.93599,1.46,1
2014.09.09,00:05:32.825,0.93609,0.93597,1.1,1.01
2014.09.09,00:05:33.336,0.93609,0.93597,1.12,1.09
2014.09.09,00:05:33.946,0.93609,0.93597,1.2,1.09
2014.09.09,00:05:34.553,0.93609,0.93597,1.12,1.09
2014.09.09,00:05:35.796,0.93609,0.93597,1.2,1.09
2014.09.09,00:05:36.304,0.93609,0.93597,1.12,1.09
2014.09.09,00:05:36.900,0.93609,0.93597,1.2,1.09
2014.09.09,00:05:37.421,0.93609,0.93597,1.12,1.09
2014.09.09,00:05:39.679,0.93609,0.93597,1.2,1.01
2014.09.09,00:05:40.186,0.93609,0.93597,1.12,1.32
2014.09.09,00:05:40.692,0.93609,0.93597,1.2,1.01
2014.09.09,00:05:41.198,0.93609,0.93597,1.12,1.09
2014.09.09,00:05:43.106,0.93609,0.93597,1.2,1.01
2014.09.09,00:05:43.640,0.93609,0.93597,1.12,1.09
2014.09.09,00:05:45.691,0.93609,0.93597,1.1,1.01
2014.09.09,00:05:48.224,0.93609,0.93597,1.12,1.09
2014.09.09,00:05:48.730,0.93609,0.93597,1.2,1.01
2014.09.09,00:05:49.241,0.93609,0.93597,1.27,1
2014.09.09,00:05:49.748,0.93609,0.93597,1.12,1.17
2014.09.09,00:05:53.167,0.93609,0.93599,1.25,1
2014.09.09,00:05:53.218,0.93609,0.93603,1.25,1
2014.09.09,00:05:53.320,0.93613,0.93605,1,1
2014.09.09,00:05:53.423,0.93613,0.93602,1,1.39
2014.09.09,00:05:53.930,0.93613,0.93602,1,1.76
2014.09.09,00:05:54.436,0.93615,0.93605,1.62,1
2014.09.09,00:05:54.942,0.93616,0.93605,2.06,1.17
2014.09.09,00:05:55.182,0.93617,0.9361,1.31,1
2014.09.09,00:05:55.493,0.93617,0.9361,1.62,1
2014.09.09,00:06:02.788,0.93618,0.9361,1.01,1
2014.09.09,00:06:02.890,0.93616,0.9361,1.1,1
2014.09.09,00:06:03.194,0.93613,0.93607,1,1
2014.09.09,00:06:03.246,0.93612,0.93603,1,1.25
2014.09.09,00:06:03.348,0.9361,0.93603,1.1,1
2014.09.09,00:06:03.399,0.9361,0.93598,1.1,1.39
2014.09.09,00:06:03.450,0.93612,0.93604,1,1
2014.09.09,00:06:03.906,0.93613,0.93607,1,1
2014.09.09,00:06:04.412,0.93615,0.93607,2.14,1
2014.09.09,00:06:05.303,0.93616,0.93607,1.64,1
2014.09.09,00:06:05.810,0.93617,0.93607,2.21,1
2014.09.09,00:06:06.347,0.93617,0.93607,2.96,1
2014.09.09,00:06:07.642,0.93617,0.93607,2.96,1
2014.09.09,00:06:09.725,0.93616,0.93607,1.2,1
2014.09.09,00:06:12.545,0.93617,0.93607,2.51,1
2014.09.09,00:06:13.303,0.93617,0.93607,1.76,1
2014.09.09,00:06:14.539,0.93618,0.93607,3.71,1
2014.09.09,00:06:15.042,0.93616,0.93607,1.12,1
2014.09.09,00:06:18.754,0.93617,0.93607,1.46,1
2014.09.09,00:06:19.271,0.93617,0.93607,1.46,1
2014.09.09,00:06:21.175,0.93618,0.93607,2.96,1
2014.09.09,00:06:29.136,0.93616,0.93607,1.2,1
2014.09.09,00:06:46.171,0.93617,0.93607,1.46,1
2014.09.09,00:06:46.689,0.93616,0.93607,1.2,1
2014.09.09,00:06:47.200,0.93616,0.93607,1.39,1
2014.09.09,00:06:48.486,0.93616,0.93607,1.39,1
2014.09.09,00:06:49.101,0.93616,0.93607,1.39,1
2014.09.09,00:06:49.433,0.93615,0.93607,1.47,1
2014.09.09,00:06:49.535,0.93616,0.93605,1.46,1
2014.09.09,00:06:49.637,0.93614,0.93602,1.45,1.69
2014.09.09,00:06:49.891,0.93613,0.93602,1.52,1
2014.09.09,00:06:50.600,0.93613,0.93602,2.02,1
2014.09.09,00:06:51.211,0.93612,0.93602,1.52,1
2014.09.09,00:06:51.819,0.9361,0.93602,1.55,1
2014.09.09,00:06:57.559,0.93609,0.93602,1.12,1
2014.09.09,00:06:58.098,0.93609,0.93602,1.37,1
2014.09.09,00:06:58.840,0.93611,0.93602,1.46,1
2014.09.09,00:06:59.550,0.93611,0.93602,1.46,1
2014.09.09,00:07:00.311,0.9361,0.936,1.37,1
2014.09.09,00:07:01.551,0.93611,0.936,1.39,1
2014.09.09,00:07:02.755,0.93611,0.936,1.39,1
2014.09.09,00:07:04.079,0.93611,0.936,1.39,1
2014.09.09,00:07:05.242,0.93612,0.93602,2.21,1
2014.09.09,00:07:05.292,0.93612,0.93602,2.21,1
2014.09.09,00:07:06.103,0.93612,0.93602,1.77,1
2014.09.09,00:07:06.771,0.93612,0.93602,2.21,1
2014.09.09,00:07:09.200,0.93612,0.93602,2.21,1
2014.09.09,00:07:13.556,0.93612,0.93602,1.46,1
2014.09.09,00:07:19.538,0.93612,0.93602,2.21,1
2014.09.09,00:07:25.456,0.9361,0.93602,1.47,1
2014.09.09,00:07:27.355,0.93609,0.93602,1.37,1
2014.09.09,00:07:27.893,0.93609,0.93602,1.37,1
2014.09.09,00:07:29.041,0.93608,0.93602,1.12,1
2014.09.09,00:07:31.946,0.9361,0.93602,1.37,1
2014.09.09,00:07:45.008,0.93611,0.93602,1.39,1
2014.09.09,00:07:45.517,0.93612,0.93602,1.39,1
2014.09.09,00:07:47.530,0.93612,0.93602,1.47,1
2014.09.09,00:07:48.059,0.93613,0.93602,1.46,1
2014.09.09,00:07:49.226,0.93613,0.93602,1.7,1
2014.09.09,00:07:49.732,0.93612,0.93602,1.47,1
2014.09.09,00:07:51.323,0.93612,0.93602,1.12,1
2014.09.09,00:07:52.133,0.93612,0.93602,1.37,1
2014.09.09,00:07:54.282,0.93612,0.93602,1.12,1
2014.09.09,00:07:57.657,0.93615,0.93602,2.89,1.01
2014.09.09,00:07:57.708,0.93615,0.93602,2.14,1.09
2014.09.09,00:07:58.219,0.93615,0.93602,2.14,1.09
2014.09.09,00:07:59.244,0.93615,0.93602,1.46,1.39
2014.09.09,00:08:00.225,0.93615,0.93602,1.39,1.46
2014.09.09,00:08:00.747,0.93615,0.93602,1.46,1.39
2014.09.09,00:08:01.253,0.93615,0.93602,1.27,2.14
2014.09.09,00:08:01.803,0.93615,0.93602,1.2,2.21
2014.09.09,00:08:02.437,0.93615,0.93602,1.27,2.14
2014.09.09,00:08:03.125,0.93615,0.93602,1.2,2.21
2014.09.09,00:08:04.821,0.93615,0.93602,1.17,2.89
2014.09.09,00:08:05.428,0.93616,0.93602,1.46,2.21
2014.09.09,00:08:06.829,0.93616,0.93602,1.46,2.14
2014.09.09,00:08:07.516,0.93615,0.93602,1.1,2.21
2014.09.09,00:08:08.234,0.93615,0.93602,1.17,2.14
2014.09.09,00:08:08.778,0.93615,0.93602,1.1,2.21
2014.09.09,00:08:11.846,0.93616,0.93602,1.46,1.76
2014.09.09,00:08:12.387,0.93616,0.93602,1.46,1.84
2014.09.09,00:08:13.927,0.93616,0.93603,1.39,1.46
2014.09.09,00:08:14.862,0.93616,0.93605,1.27,1.12
2014.09.09,00:08:15.269,0.93614,0.93605,1.27,1
2014.09.09,00:08:19.997,0.93614,0.93605,1.01,1
2014.09.09,00:08:21.514,0.93614,0.93605,1.46,1
2014.09.09,00:08:27.088,0.93614,0.93605,1.39,1
2014.09.09,00:08:32.515,0.93614,0.93605,1.37,1
2014.09.09,00:08:33.029,0.93615,0.93605,1.39,1
2014.09.09,00:08:34.242,0.93615,0.93605,1.31,1
2014.09.09,00:08:34.958,0.93615,0.93605,1.39,1
2014.09.09,00:08:35.666,0.93615,0.93605,1.39,1
2014.09.09,00:08:36.179,0.93615,0.93605,2.14,1
2014.09.09,00:08:37.767,0.93615,0.93605,2.21,1
2014.09.09,00:08:38.376,0.93614,0.93605,1.39,1
2014.09.09,00:08:38.883,0.93613,0.93605,1,1
2014.09.09,00:08:39.389,0.93615,0.93605,2.51,1
2014.09.09,00:08:39.743,0.93615,0.93609,2.51,1
2014.09.09,00:08:40.149,0.93617,0.9361,1.39,1
2014.09.09,00:08:40.759,0.93618,0.9361,2.06,1
2014.09.09,00:08:41.277,0.93618,0.9361,2.06,1
2014.09.09,00:08:41.745,0.93618,0.9361,1.62,1
2014.09.09,00:08:41.948,0.93618,0.9361,1.62,1
2014.09.09,00:08:42.050,0.93618,0.9361,1.62,1
2014.09.09,00:08:42.152,0.93616,0.9361,1.37,1
2014.09.09,00:08:42.457,0.93618,0.9361,1.62,1
2014.09.09,00:08:42.558,0.93618,0.9361,1.62,1
2014.09.09,00:08:44.039,0.93617,0.9361,1.12,1
2014.09.09,00:08:45.388,0.93616,0.9361,1,1
2014.09.09,00:08:47.351,0.93615,0.9361,1.12,1
2014.09.09,00:08:47.604,0.93617,0.9361,1.12,1
2014.09.09,00:08:48.375,0.93616,0.9361,1.12,1
2014.09.09,00:08:49.694,0.93615,0.9361,1,1
2014.09.09,00:08:50.905,0.93617,0.9361,1.37,1
2014.09.09,00:08:51.411,0.93618,0.9361,1.62,1
2014.09.09,00:08:57.260,0.93618,0.9361,1.12,1
2014.09.09,00:08:58.044,0.93617,0.9361,1,1
2014.09.09,00:08:58.550,0.93619,0.9361,1.37,1
2014.09.09,00:09:02.777,0.93619,0.9361,1,1.1
2014.09.09,00:09:03.234,0.93622,0.9361,1.37,1.15
2014.09.09,00:09:03.336,0.93622,0.9361,1.37,1.2
2014.09.09,00:09:03.641,0.93623,0.9361,2.89,1.2
2014.09.09,00:09:03.691,0.93623,0.9361,2.89,1.07
2014.09.09,00:09:04.205,0.93621,0.9361,1.12,1.2
2014.09.09,00:09:04.712,0.9362,0.9361,1.12,1.1
2014.09.09,00:09:05.016,0.93622,0.9361,1.1,1.1
2014.09.09,00:09:05.472,0.93623,0.93611,1.5,1.32
2014.09.09,00:09:05.725,0.93625,0.93613,1.57,1.76
2014.09.09,00:09:05.776,0.93625,0.93613,1.5,2.14
2014.09.09,00:09:06.080,0.93626,0.93614,1,2.59
2014.09.09,00:09:06.181,0.93629,0.93617,1.39,1
2014.09.09,00:09:06.689,0.93627,0.93617,1,1.1
2014.09.09,00:09:08.319,0.93627,0.93618,1.12,1.25
2014.09.09,00:09:11.786,0.93629,0.93619,1.47,1
2014.09.09,00:09:14.629,0.93629,0.93619,1,1
2014.09.09,00:09:15.666,0.93629,0.93619,1.12,1.69
2014.09.09,00:09:21.662,0.93632,0.9362,1.55,1.25
2014.09.09,00:09:22.169,0.93632,0.9362,1.47,1.29
2014.09.09,00:09:22.795,0.9363,0.9362,1.37,1.01
2014.09.09,00:09:23.364,0.93632,0.9362,1.47,1.01
2014.09.09,00:09:23.879,0.9363,0.9362,1.37,1.29
2014.09.09,00:09:24.394,0.9363,0.9362,1.37,1.19
2014.09.09,00:09:24.918,0.9363,0.93619,1.37,1.69
2014.09.09,00:09:25.893,0.9363,0.93619,1.37,1.69
2014.09.09,00:09:27.081,0.9363,0.9362,1.1,1.77
2014.09.09,00:09:27.183,0.93628,0.93621,1,1.17
2014.09.09,00:09:27.285,0.93631,0.93625,1,1
2014.09.09,00:09:27.488,0.93632,0.93622,1.1,1
2014.09.09,00:09:27.994,0.93632,0.93624,1.1,1.25
2014.09.09,00:09:28.299,0.93634,0.93627,1,1
2014.09.09,00:09:28.503,0.93633,0.93625,1,1.1
2014.09.09,00:09:28.960,0.93635,0.93625,1,1.1
2014.09.09,00:09:29.671,0.93635,0.93627,1,1
2014.09.09,00:09:30.026,0.93635,0.93627,1.37,1
2014.09.09,00:09:30.229,0.93632,0.93625,1.12,1
2014.09.09,00:09:34.246,0.93631,0.93625,1.37,1
2014.09.09,00:09:34.297,0.93631,0.93622,1.37,1.69
2014.09.09,00:09:34.815,0.93631,0.93622,1.37,1
2014.09.09,00:09:35.584,0.93629,0.93622,1,1
2014.09.09,00:09:36.040,0.93628,0.9362,1,1
2014.09.09,00:09:36.445,0.93626,0.9362,1,1
2014.09.09,00:09:36.750,0.93623,0.93618,1,1
2014.09.09,00:09:37.104,0.93626,0.9362,1,1
2014.09.09,00:09:37.735,0.93624,0.9362,1,1
2014.09.09,00:09:39.274,0.93625,0.9362,1,1
2014.09.09,00:09:43.140,0.93626,0.9362,1.12,1
2014.09.09,00:09:55.714,0.93627,0.9362,1.25,1
2014.09.09,00:10:00.248,0.93627,0.93618,1,1
2014.09.09,00:10:00.300,0.93628,0.93618,1.62,1
2014.09.09,00:10:00.604,0.93623,0.93618,1,1
2014.09.09,00:10:00.979,0.93623,0.93615,1.12,1
2014.09.09,00:10:01.182,0.93621,0.93615,1,1
2014.09.09,00:10:01.640,0.93619,0.93615,1,1
2014.09.09,00:10:02.150,0.9362,0.93615,1,1
2014.09.09,00:10:02.303,0.93622,0.93615,1,1
2014.09.09,00:10:02.406,0.9362,0.93615,1,1
2014.09.09,00:10:03.493,0.93621,0.93615,1,1
2014.09.09,00:10:03.596,0.93623,0.93615,1.12,1
2014.09.09,00:10:04.102,0.93624,0.93618,1,1
2014.09.09,00:10:04.611,0.93625,0.93618,1.25,1
2014.09.09,00:10:05.220,0.93624,0.93618,1,1
2014.09.09,00:10:05.789,0.93623,0.93618,1,1
2014.09.09,00:10:06.347,0.93624,0.93618,1.12,1
2014.09.09,00:10:12.506,0.93623,0.93618,1,1
2014.09.09,00:10:12.609,0.93619,0.93612,1,1.29
2014.09.09,00:10:12.660,0.93619,0.93609,1,1.71
2014.09.09,00:10:13.117,0.93619,0.93607,1.1,2.21
2014.09.09,00:10:13.269,0.9362,0.93609,1,1.27
2014.09.09,00:10:13.573,0.93619,0.93607,1,2.21
2014.09.09,00:10:14.820,0.93619,0.93607,1.57,1.39
2014.09.09,00:10:15.326,0.93619,0.93607,1.57,1.39
2014.09.09,00:10:15.871,0.93619,0.93607,1.1,2.14
2014.09.09,00:10:16.757,0.93619,0.93607,1.2,1.01
2014.09.09,00:10:18.136,0.93619,0.93607,1.47,1.01
2014.09.09,00:10:18.714,0.93619,0.93607,1.27,1.39
2014.09.09,00:10:19.069,0.93615,0.93604,1,2.21
2014.09.09,00:10:19.575,0.93617,0.93605,1.2,1.62
2014.09.09,00:10:19.880,0.93617,0.93605,1.5,1.32
2014.09.09,00:10:19.981,0.93615,0.93604,1,1.19
2014.09.09,00:10:20.539,0.93617,0.93605,1.57,1.09
2014.09.09,00:10:20.691,0.93616,0.93604,1.57,1.19
2014.09.09,00:10:21.732,0.93616,0.93602,2.14,2.14
2014.09.09,00:10:22.479,0.93617,0.93605,3.71,1.37
2014.09.09,00:10:22.783,0.93617,0.93605,1.2,1.39
2014.09.09,00:10:23.296,0.93617,0.93605,1,2.21
2014.09.09,00:10:23.804,0.9362,0.93608,1.46,1
2014.09.09,00:10:24.484,0.9362,0.93608,1.46,1
2014.09.09,00:10:27.823,0.9362,0.93608,1.37,1.09
2014.09.09,00:10:32.901,0.9362,0.93608,1,1.4
2014.09.09,00:10:33.609,0.93622,0.9361,1.76,1.1
2014.09.09,00:10:34.115,0.93622,0.9361,1.1,1.39
2014.09.09,00:10:35.553,0.93622,0.9361,1.47,1.01
2014.09.09,00:10:35.908,0.9362,0.93608,1.17,1.25
2014.09.09,00:10:36.567,0.9362,0.93608,1.65,1
2014.09.09,00:10:37.074,0.9362,0.93608,2.96,1
2014.09.09,00:10:37.982,0.9362,0.93608,2.96,1
2014.09.09,00:10:39.477,0.9362,0.93608,2.96,1
2014.09.09,00:10:39.578,0.93619,0.93608,1.46,1
2014.09.09,00:10:39.882,0.93618,0.93608,1.37,1
2014.09.09,00:10:39.983,0.93618,0.93608,1.2,1
2014.09.09,00:10:40.186,0.93617,0.93608,1.17,1
2014.09.09,00:10:40.693,0.93618,0.93608,1.46,1
2014.09.09,00:10:41.200,0.93618,0.93608,2.21,1
2014.09.09,00:10:41.302,0.93617,0.93605,2.96,1
2014.09.09,00:10:41.555,0.93613,0.93605,1,1
2014.09.09,00:10:41.759,0.93615,0.93603,1.17,1
2014.09.09,00:10:42.265,0.93615,0.93601,3.34,1.76
2014.09.09,00:10:44.685,0.93613,0.93601,1.17,1.69
2014.09.09,00:10:48.250,0.93613,0.93601,1.46,1.5
2014.09.09,00:10:48.775,0.93613,0.93601,1.46,1.5
2014.09.09,00:10:49.028,0.93611,0.93601,1.37,1
2014.09.09,00:10:49.535,0.93612,0.93601,1.47,1
2014.09.09,00:10:50.332,0.93612,0.93601,1.1,1
2014.09.09,00:10:50.536,0.93615,0.93602,2.21,1.01
2014.09.09,00:10:50.637,0.93615,0.93605,1.46,1
2014.09.09,00:10:50.876,0.93615,0.93602,1.46,1.76
2014.09.09,00:10:51.383,0.93616,0.93602,2.59,1.09
2014.09.09,00:10:51.907,0.93615,0.93602,1.29,1.17
2014.09.09,00:10:52.593,0.93615,0.93602,1.74,1.1
2014.09.09,00:10:53.107,0.93615,0.93602,1.66,1.17
2014.09.09,00:10:55.604,0.93616,0.93602,3.71,1.17
2014.09.09,00:10:56.120,0.9361,0.93602,1,1.17
2014.09.09,00:10:56.273,0.93612,0.93602,1,1.1
2014.09.09,00:10:56.324,0.9361,0.93602,1,1
2014.09.09,00:10:56.376,0.9361,0.936,1,2.25
2014.09.09,00:10:56.630,0.93608,0.936,1,1
2014.09.09,00:10:57.136,0.93609,0.936,1,1.1
2014.09.09,00:10:57.439,0.93612,0.936,1.01,1.1
2014.09.09,00:10:58.451,0.93612,0.936,2.44,1
2014.09.09,00:10:58.603,0.93608,0.936,1,1
2014.09.09,00:10:59.106,0.93608,0.936,1,1.07
2014.09.09,00:10:59.157,0.9361,0.936,1,1
2014.09.09,00:11:03.215,0.93609,0.936,1,1.1
2014.09.09,00:11:03.721,0.9361,0.936,1.12,1.1
2014.09.09,00:11:04.429,0.93608,0.936,1,1.1
2014.09.09,00:11:04.885,0.9361,0.936,1,1.1
2014.09.09,00:11:05.644,0.9361,0.936,1,1.07
2014.09.09,00:11:06.158,0.93611,0.936,1,1.1
2014.09.09,00:11:06.986,0.93611,0.936,1,1.07
2014.09.09,00:11:07.501,0.93611,0.936,1,1
2014.09.09,00:11:09.920,0.93612,0.936,1.5,1.25
2014.09.09,00:11:12.185,0.93612,0.936,1.87,1.32
2014.09.09,00:11:12.439,0.93612,0.93603,1.2,1
2014.09.09,00:11:15.582,0.93612,0.93603,1.37,1
2014.09.09,00:11:17.879,0.93612,0.93603,1.12,1
2014.09.09,00:11:18.389,0.93612,0.93603,1.37,1
2014.09.09,00:11:18.992,0.93612,0.93603,1.12,1
2014.09.09,00:11:19.538,0.93612,0.93603,1.37,1
2014.09.09,00:11:30.457,0.9361,0.93603,1.12,1
2014.09.09,00:11:30.914,0.93611,0.936,1,1
2014.09.09,00:11:31.422,0.9361,0.936,1,1
2014.09.09,00:11:32.515,0.9361,0.936,1.37,1
2014.09.09,00:11:33.022,0.9361,0.936,1.12,1
2014.09.09,00:11:50.187,0.93609,0.936,1,1
2014.09.09,00:11:55.771,0.9361,0.936,1.47,1
2014.09.09,00:11:55.872,0.93608,0.936,1,1
2014.09.09,00:11:56.126,0.93607,0.93595,1.5,1.84
2014.09.09,00:11:57.154,0.93607,0.93595,1.2,1.1
2014.09.09,00:11:58.031,0.93606,0.93595,1,1.1
2014.09.09,00:11:58.537,0.93607,0.93595,2.14,1.1
2014.09.09,00:11:59.530,0.93607,0.93595,2.06,1.17
2014.09.09,00:12:00.062,0.93607,0.93595,2.14,1.1
2014.09.09,00:12:00.163,0.93608,0.93598,2.21,1
2014.09.09,00:12:00.670,0.93608,0.93598,2.21,1
2014.09.09,00:12:01.182,0.93608,0.93598,2.21,1
2014.09.09,00:12:07.092,0.93608,0.93598,1,1
2014.09.09,00:12:07.397,0.9361,0.936,2.21,1
2014.09.09,00:12:07.549,0.9361,0.93598,2.96,1
2014.09.09,00:12:08.055,0.93609,0.93598,2.21,1
2014.09.09,00:12:08.932,0.93607,0.93598,1.47,1
2014.09.09,00:12:09.568,0.93605,0.93598,1,1
2014.09.09,00:12:11.871,0.93603,0.93598,1,1
2014.09.09,00:12:11.921,0.93603,0.93594,1,1.25
2014.09.09,00:12:11.972,0.93605,0.93594,1.2,1.25
2014.09.09,00:12:12.276,0.93604,0.93594,1.27,1
2014.09.09,00:12:12.809,0.93602,0.93594,1,1
2014.09.09,00:12:12.961,0.93604,0.93594,1.27,1
2014.09.09,00:12:16.933,0.93606,0.93594,2.21,1
2014.09.09,00:12:23.960,0.93605,0.93594,1.39,1.5
2014.09.09,00:12:25.194,0.93603,0.93594,1,1.5
2014.09.09,00:12:26.186,0.93604,0.93594,1.31,1.57
2014.09.09,00:12:28.595,0.93605,0.93594,1.31,1.57
2014.09.09,00:12:30.734,0.93606,0.93594,2.44,1.65
2014.09.09,00:12:31.344,0.93605,0.93594,1.39,1.5
2014.09.09,00:12:32.396,0.93606,0.93594,2.14,1.57
2014.09.09,00:12:39.422,0.93606,0.93594,2.96,1.5
2014.09.09,00:12:40.852,0.93606,0.93594,2.96,1.5
2014.09.09,00:12:41.358,0.93606,0.93594,2.89,1.57
2014.09.09,00:12:41.883,0.93606,0.93594,2.14,1.57
2014.09.09,00:12:42.389,0.93606,0.93594,2.21,1.5
2014.09.09,00:12:42.894,0.93606,0.93594,2.21,1.57
2014.09.09,00:12:43.401,0.93606,0.93594,2.21,1.5
2014.09.09,00:12:49.378,0.93606,0.93594,2.21,1.5
2014.09.09,00:12:54.991,0.93606,0.93594,1.46,1.5
2014.09.09,00:12:56.424,0.93606,0.93594,1.46,1.5
2014.09.09,00:12:59.248,0.93606,0.93594,1.62,1.5
2014.09.09,00:12:59.299,0.93605,0.93594,1.12,1.5
2014.09.09,00:13:00.037,0.93605,0.93594,1.37,1.57
2014.09.09,00:13:04.852,0.93604,0.93594,1,1.5
2014.09.09,00:13:05.393,0.93605,0.93594,1.25,1.57
2014.09.09,00:13:06.335,0.93606,0.93594,1.46,1.57
2014.09.09,00:13:06.872,0.93606,0.93594,1.46,1.5
2014.09.09,00:13:09.327,0.93605,0.93594,1.47,1.5
2014.09.09,00:13:11.377,0.93605,0.93594,1.39,1.5
2014.09.09,00:13:13.572,0.93603,0.93594,1.37,1
2014.09.09,00:13:14.078,0.93603,0.93593,1.12,1.1
2014.09.09,00:13:16.379,0.93603,0.93593,1.37,1.1
2014.09.09,00:13:23.396,0.93603,0.93593,1.12,1.1
2014.09.09,00:13:23.904,0.93605,0.93592,1.39,1.27
2014.09.09,00:13:24.868,0.93604,0.93592,1.37,1.46
2014.09.09,00:13:25.374,0.93602,0.93592,1,1.46
2014.09.09,00:13:26.564,0.93604,0.93592,1.62,1.27
2014.09.09,00:13:35.925,0.93603,0.93597,1,1
2014.09.09,00:13:36.432,0.93606,0.93597,1.76,1
2014.09.09,00:13:37.432,0.93606,0.93597,1.01,1
2014.09.09,00:13:40.958,0.93601,0.93597,1,1
2014.09.09,00:13:44.725,0.93602,0.93595,1,1
2014.09.09,00:13:44.828,0.93601,0.93593,1,1.01
2014.09.09,00:13:44.930,0.93599,0.93592,1,1.76
2014.09.09,00:13:44.981,0.93599,0.93591,1,1
2014.09.09,00:13:45.488,0.936,0.9359,1,1.76
2014.09.09,00:13:45.791,0.93598,0.9359,1,1.39
2014.09.09,00:13:46.906,0.936,0.9359,1,1.2
2014.09.09,00:13:47.108,0.936,0.93592,1,1
2014.09.09,00:13:50.162,0.936,0.93592,1,2.85
2014.09.09,00:13:50.466,0.936,0.93596,1,1
2014.09.09,00:13:50.517,0.936,0.93593,1,1.2
2014.09.09,00:13:50.669,0.93602,0.93593,1,1.2
2014.09.09,00:13:51.175,0.93602,0.93593,1,1.17
2014.09.09,00:13:52.205,0.93601,0.93597,1,1
2014.09.09,00:13:52.511,0.93604,0.93597,1,1
2014.09.09,00:14:05.033,0.93604,0.93595,1,1
2014.09.09,00:14:05.186,0.93602,0.93595,1,1
2014.09.09,00:14:05.490,0.93602,0.93597,1,1
2014.09.09,00:14:16.914,0.93604,0.93597,1,1
2014.09.09,00:14:17.268,0.93601,0.93597,1,1
2014.09.09,00:14:26.747,0.93602,0.93597,1,1
2014.09.09,00:14:27.259,0.93601,0.93597,1,1
2014.09.09,00:14:31.321,0.93602,0.93597,1,1
2014.09.09,00:14:34.095,0.93603,0.93597,1,1
2014.09.09,00:14:46.518,0.93601,0.93597,1,1
2014.09.09,00:14:46.622,0.93601,0.93592,1,1.57
2014.09.09,00:14:46.724,0.93601,0.93592,1.37,1.57
2014.09.09,00:14:46.876,0.93599,0.93592,1,1
2014.09.09,00:14:47.079,0.93599,0.9359,1,1.09
2014.09.09,00:14:47.309,0.93597,0.93589,1,1.57
2014.09.09,00:14:47.815,0.93597,0.93589,1,1.65
2014.09.09,00:14:48.422,0.93597,0.93589,1,1.65
2014.09.09,00:14:48.929,0.93597,0.93589,1,1.57
2014.09.09,00:14:49.438,0.93598,0.93589,1,1.57
2014.09.09,00:14:50.024,0.93598,0.93589,1,1.57
2014.09.09,00:14:51.695,0.93597,0.93589,1,1.65
2014.09.09,00:14:52.202,0.93596,0.93589,1,1.57
2014.09.09,00:14:53.567,0.93596,0.93589,1,1.65
2014.09.09,00:14:54.076,0.93596,0.93589,1,1.57
2014.09.09,00:15:00.265,0.93596,0.93587,1,1.84
2014.09.09,00:15:00.772,0.93596,0.93587,1,1.17
2014.09.09,00:15:01.471,0.93597,0.93587,1,1.17
2014.09.09,00:15:01.979,0.93597,0.93587,1,1.1
2014.09.09,00:15:02.486,0.93596,0.93585,1.5,1.36
2014.09.09,00:15:02.993,0.93596,0.93584,1.5,1.84
2014.09.09,00:15:03.550,0.93596,0.93584,1.87,2.21
2014.09.09,00:15:04.059,0.93596,0.93584,1.87,2.21
2014.09.09,00:15:04.565,0.93596,0.93584,1.87,2.21
2014.09.09,00:15:05.186,0.93596,0.93584,1.87,2.21
2014.09.09,00:15:12.818,0.93594,0.93584,1,1.84
2014.09.09,00:15:13.494,0.93596,0.93584,1.5,1.84
2014.09.09,00:15:14.857,0.93596,0.93584,1.87,1.84
2014.09.09,00:15:15.358,0.93596,0.93584,1.5,1.84
2014.09.09,00:15:19.483,0.93596,0.93584,1.87,1.65
2014.09.09,00:15:20.018,0.93596,0.93584,1.87,1.84
2014.09.09,00:15:22.914,0.93596,0.93584,1.87,2.59
2014.09.09,00:15:23.469,0.93596,0.93584,1.87,2.59
2014.09.09,00:15:24.028,0.93596,0.93584,1.5,2.59
2014.09.09,00:15:24.922,0.93596,0.93584,1.5,2.59
2014.09.09,00:15:25.430,0.93596,0.93584,1.5,2.59
2014.09.09,00:15:25.983,0.93596,0.93584,1.5,2.59
2014.09.09,00:15:27.344,0.93595,0.93584,1,2.96
2014.09.09,00:15:28.377,0.93595,0.93584,1,2.59
2014.09.09,00:15:29.012,0.93595,0.93584,1,2.59
2014.09.09,00:15:30.279,0.93595,0.93584,1.12,2.59
2014.09.09,00:15:31.194,0.93595,0.93584,1.12,2.59
2014.09.09,00:15:31.732,0.93595,0.93584,1.12,2.59
2014.09.09,00:15:32.984,0.93596,0.93584,1,2.59
2014.09.09,00:15:34.708,0.93596,0.93584,1,1.84
2014.09.09,00:15:42.299,0.93596,0.93584,1,2.21
2014.09.09,00:15:42.845,0.93596,0.93584,1,2.21
2014.09.09,00:15:45.181,0.93595,0.93584,1,2.21
2014.09.09,00:15:47.346,0.93593,0.93584,1,1.76
2014.09.09,00:15:47.865,0.93594,0.93584,1,2.14
2014.09.09,00:15:50.751,0.93594,0.93584,1,1.95
2014.09.09,00:15:51.271,0.93595,0.93584,1,1.57
2014.09.09,00:15:54.939,0.93596,0.93584,2.14,1.95
2014.09.09,00:15:55.451,0.93596,0.93584,1.09,1.5
2014.09.09,00:15:55.957,0.93596,0.93584,1.01,1.57
2014.09.09,00:15:56.774,0.93596,0.93584,1.01,1.95
2014.09.09,00:15:57.281,0.93595,0.93584,1,2.02
2014.09.09,00:15:57.786,0.93595,0.93584,1,1.87
2014.09.09,00:15:58.352,0.93595,0.93584,1,2.02
2014.09.09,00:15:59.746,0.93595,0.93584,1,1.95
2014.09.09,00:16:00.354,0.93595,0.93584,1,2.02
2014.09.09,00:16:00.924,0.93595,0.93584,1,1.95
2014.09.09,00:16:01.432,0.93596,0.93584,1.57,1.95
2014.09.09,00:16:02.310,0.93596,0.93582,1.2,2.21
2014.09.09,00:16:02.813,0.93595,0.93582,1,2.21
2014.09.09,00:16:05.516,0.93596,0.93582,1.2,2.21
2014.09.09,00:16:06.916,0.93596,0.93582,1.1,2.21
2014.09.09,00:16:08.653,0.93596,0.93582,1,2.21
2014.09.09,00:16:09.158,0.93595,0.93582,1,2.21
2014.09.09,00:16:09.776,0.93595,0.93582,1,2.21
2014.09.09,00:16:10.282,0.93595,0.93582,1,2.21
2014.09.09,00:16:11.888,0.93593,0.93582,1,2.21
2014.09.09,00:16:12.294,0.93593,0.93583,1.47,1
2014.09.09,00:16:12.800,0.93593,0.93583,1.39,1
2014.09.09,00:16:13.332,0.93593,0.93583,1.62,1
2014.09.09,00:16:14.499,0.9359,0.93583,1,1
2014.09.09,00:16:14.803,0.93585,0.93575,1,1.39
2014.09.09,00:16:14.854,0.93585,0.93575,1,1.01
2014.09.09,00:16:14.955,0.93585,0.93577,1,1
2014.09.09,00:16:15.321,0.93587,0.93577,1.5,1
2014.09.09,00:16:18.950,0.93588,0.93577,1.01,1.37
2014.09.09,00:16:19.153,0.93589,0.9358,1,1
2014.09.09,00:16:19.255,0.93591,0.9358,2.81,1.17
2014.09.09,00:16:19.769,0.93591,0.9358,1.87,1.17
2014.09.09,00:16:21.201,0.93591,0.9358,1.87,1.1
2014.09.09,00:16:21.725,0.93591,0.9358,1.87,1.17
2014.09.09,00:16:23.604,0.93591,0.93581,1,1.15
2014.09.09,00:16:24.114,0.93592,0.93582,1.31,1.17
2014.09.09,00:16:24.418,0.93594,0.93587,1,1
2014.09.09,00:16:24.571,0.93597,0.93587,1,1.07
2014.09.09,00:16:24.622,0.93597,0.9359,1,1
2014.09.09,00:16:24.875,0.936,0.93592,1.25,1
2014.09.09,00:16:25.406,0.93599,0.93592,1,1
2014.09.09,00:16:25.920,0.936,0.93592,1.25,1
2014.09.09,00:16:26.706,0.93601,0.93592,2.06,1
2014.09.09,00:16:27.215,0.93599,0.93592,1.37,1
2014.09.09,00:16:31.673,0.93598,0.93592,1.37,1
2014.09.09,00:16:32.188,0.936,0.93592,1.62,1
2014.09.09,00:16:34.270,0.93601,0.93592,2.14,1
2014.09.09,00:16:34.803,0.93601,0.93592,2.14,1
2014.09.09,00:16:38.189,0.93601,0.93592,1.66,1
2014.09.09,00:16:38.494,0.93595,0.93589,1,1
2014.09.09,00:16:38.949,0.93597,0.93589,1.12,1
2014.09.09,00:16:40.071,0.93598,0.93589,1.25,1
2014.09.09,00:16:42.152,0.93596,0.93589,1,1
2014.09.09,00:16:42.456,0.93594,0.93589,1,1
2014.09.09,00:16:42.974,0.93595,0.93589,1,1
2014.09.09,00:16:43.481,0.93597,0.93589,1.25,1
2014.09.09,00:16:46.568,0.93596,0.93589,1,1
2014.09.09,00:16:47.074,0.93597,0.93589,1.12,1.1
2014.09.09,00:16:47.226,0.93594,0.93589,1,1
2014.09.09,00:16:47.530,0.93596,0.93589,1,1.1
2014.09.09,00:16:47.631,0.93594,0.93589,1,1
2014.09.09,00:16:48.138,0.93595,0.93589,1,1
2014.09.09,00:16:48.443,0.93593,0.93589,1,1
2014.09.09,00:16:49.602,0.93595,0.93589,1,1
2014.09.09,00:16:50.411,0.93596,0.93589,1.25,1
2014.09.09,00:16:51.046,0.93596,0.93589,1.62,1
2014.09.09,00:16:51.148,0.93593,0.93586,1,1.1
2014.09.09,00:16:56.243,0.93594,0.93586,1,1.1
2014.09.09,00:16:56.907,0.93595,0.93586,1.12,1.1
2014.09.09,00:16:57.512,0.93595,0.93586,1.12,1.17
2014.09.09,00:16:58.156,0.93595,0.93586,1.12,1.2
2014.09.09,00:16:58.695,0.93595,0.93586,1.12,1.17
2014.09.09,00:17:00.949,0.93594,0.93586,1,1.17
2014.09.09,00:17:01.609,0.93596,0.93586,1.62,1.17
2014.09.09,00:17:02.930,0.93594,0.93586,1,1.17
2014.09.09,00:17:03.921,0.93595,0.93586,1.12,1.17
2014.09.09,00:17:06.029,0.93595,0.93586,1.12,1.1
2014.09.09,00:17:06.711,0.93597,0.93586,1.62,1.07
2014.09.09,00:17:06.812,0.93597,0.93586,1.31,1.1
2014.09.09,00:17:07.334,0.93596,0.93586,1.12,1.1
2014.09.09,00:17:07.887,0.93595,0.93586,1,1.2
2014.09.09,00:17:08.393,0.93594,0.93586,1,1.2
2014.09.09,00:17:08.918,0.93594,0.93586,1,1.17
2014.09.09,00:17:10.281,0.93596,0.93586,1.12,1.17
2014.09.09,00:17:10.946,0.93595,0.93586,1,1.17
2014.09.09,00:17:11.402,0.93597,0.93586,1.12,1.07
2014.09.09,00:17:11.908,0.93598,0.93586,2.06,1.65
2014.09.09,00:17:12.414,0.93599,0.93588,1.62,1
2014.09.09,00:17:12.920,0.93599,0.93588,1.31,1.07
2014.09.09,00:17:13.174,0.93599,0.93588,1.62,1.1
2014.09.09,00:17:13.688,0.93599,0.93588,1.37,1.07
2014.09.09,00:17:17.240,0.93599,0.93588,1.62,1.07
2014.09.09,00:17:18.937,0.93599,0.93588,1.62,1.15
2014.09.09,00:17:19.444,0.93599,0.93588,1.12,1.17
2014.09.09,00:17:20.449,0.93599,0.93588,1.37,1.17
2014.09.09,00:17:22.655,0.93599,0.93588,1.62,1.15
2014.09.09,00:17:23.163,0.93599,0.93588,1.62,1.1
2014.09.09,00:17:24.093,0.93599,0.93588,1.62,1.1
2014.09.09,00:17:24.704,0.93597,0.93588,1.12,1.1
2014.09.09,00:17:28.806,0.93596,0.93588,1,1
2014.09.09,00:17:29.313,0.93597,0.93588,1,1
2014.09.09,00:17:32.980,0.93598,0.93588,1.12,1
2014.09.09,00:17:34.721,0.93598,0.93588,1.37,1
2014.09.09,00:17:35.847,0.93599,0.93588,2.21,1
2014.09.09,00:17:35.898,0.93598,0.93586,1.39,1.57
2014.09.09,00:17:35.949,0.93598,0.93586,2.14,1.57
2014.09.09,00:17:41.662,0.93596,0.93586,1.37,1.57
2014.09.09,00:17:42.167,0.93597,0.93586,1.62,1.57
2014.09.09,00:17:42.953,0.93597,0.93586,1.62,1.57
2014.09.09,00:17:43.307,0.93596,0.93584,1.47,1.76
2014.09.09,00:17:44.131,0.93595,0.93584,1.12,2.44
2014.09.09,00:17:44.639,0.93595,0.93585,1.37,1.25
2014.09.09,00:17:44.740,0.93596,0.93585,1.12,1.01
2014.09.09,00:17:45.254,0.93597,0.93585,1.12,1.76
2014.09.09,00:17:45.771,0.93597,0.93585,1.37,2.21
2014.09.09,00:17:46.280,0.93597,0.93585,1.47,2.89
2014.09.09,00:17:46.801,0.93596,0.93585,1.37,2.59
2014.09.09,00:17:49.594,0.93595,0.93585,1.37,1.5
2014.09.09,00:17:50.101,0.93594,0.93585,1.37,1
2014.09.09,00:17:50.405,0.93595,0.93585,1.2,1
2014.09.09,00:17:51.296,0.93595,0.93585,1.47,1
2014.09.09,00:17:51.799,0.93595,0.93585,1.47,1
2014.09.09,00:18:03.650,0.93595,0.93585,1.39,1
2014.09.09,00:18:05.638,0.93596,0.93585,2.21,1
2014.09.09,00:18:13.625,0.93596,0.93584,2.21,1.5
2014.09.09,00:18:20.509,0.93596,0.93584,2.21,1.5
2014.09.09,00:18:20.914,0.93594,0.93584,1.1,1.5
2014.09.09,00:18:21.420,0.93595,0.93584,1.39,1.5
2014.09.09,00:18:21.977,0.93595,0.93584,1.12,1.95
2014.09.09,00:18:22.590,0.93595,0.93584,1.12,1.95
2014.09.09,00:18:24.074,0.93595,0.93584,1,2.14
2014.09.09,00:18:25.516,0.93595,0.93584,1.12,2.14
2014.09.09,00:18:26.055,0.93595,0.93584,1.37,1.01
2014.09.09,00:18:27.104,0.93594,0.93584,1.37,1.1
2014.09.09,00:18:31.260,0.93592,0.93582,1.12,1.09
2014.09.09,00:18:31.514,0.93592,0.93581,1.2,2.06
2014.09.09,00:18:32.881,0.93588,0.9358,1,1.31
2014.09.09,00:18:33.134,0.93591,0.9358,1.1,1.56
2014.09.09,00:18:34.234,0.93585,0.93579,1,1.84
2014.09.09,00:18:34.437,0.9359,0.93579,1,1.39
2014.09.09,00:18:34.894,0.93588,0.93579,1,1.36
2014.09.09,00:18:35.425,0.93592,0.93579,2.02,1.56
2014.09.09,00:18:35.629,0.93592,0.93579,1,1.71
2014.09.09,00:18:39.946,0.93592,0.9358,1.27,1.56
2014.09.09,00:18:40.047,0.93588,0.9358,1,1.66
2014.09.09,00:18:41.647,0.93588,0.93578,1,1.74
2014.09.09,00:18:43.674,0.93588,0.93578,1,1.56
2014.09.09,00:18:44.181,0.93588,0.93576,1,2.96
2014.09.09,00:18:46.439,0.93588,0.93576,1.17,2.81
2014.09.09,00:18:46.490,0.93588,0.93576,1.27,2.81
2014.09.09,00:18:47.047,0.93588,0.93576,1.27,1.62
2014.09.09,00:18:48.497,0.93588,0.93576,1.46,1.37
2014.09.09,00:18:53.297,0.93588,0.93576,2.21,1.12
2014.09.09,00:18:53.835,0.93588,0.93576,2.21,1.12
2014.09.09,00:18:55.548,0.93586,0.93574,1.57,1.39
2014.09.09,00:18:55.650,0.93586,0.93574,1.1,1.39
2014.09.09,00:18:56.157,0.93586,0.93574,1,2.21
2014.09.09,00:18:56.664,0.93586,0.93574,1,2.21
2014.09.09,00:19:03.930,0.93586,0.93574,1,2.59
2014.09.09,00:19:04.235,0.93588,0.93577,1,2.21
2014.09.09,00:19:04.286,0.9359,0.93577,1.69,1.46
2014.09.09,00:19:04.792,0.93591,0.93578,1,2.59
2014.09.09,00:19:05.046,0.93591,0.93578,1,4.09
2014.09.09,00:19:17.321,0.93591,0.9358,1,1.71
2014.09.09,00:19:17.475,0.93593,0.93581,1,1.77
2014.09.09,00:19:17.678,0.93595,0.93583,1.12,1.46
2014.09.09,00:19:18.286,0.93596,0.93583,2.14,1.46
2014.09.09,00:19:19.633,0.93596,0.93583,1.47,2.96
2014.09.09,00:19:20.206,0.93596,0.93583,1.87,2.96
2014.09.09,00:19:20.763,0.93596,0.93583,2.14,2.14
2014.09.09,00:19:21.728,0.93596,0.93583,1.01,2.14
2014.09.09,00:19:22.235,0.93596,0.93583,1.39,2.14
2014.09.09,00:19:24.043,0.93596,0.93583,1.47,2.89
2014.09.09,00:19:25.735,0.93596,0.93583,1.39,2.21
2014.09.09,00:19:26.771,0.93596,0.93583,1.39,2.21
2014.09.09,00:19:27.525,0.93595,0.93583,1.1,2.14
2014.09.09,00:19:28.033,0.93596,0.93583,1.46,2.14
2014.09.09,00:19:28.776,0.93596,0.93583,1.39,2.14
2014.09.09,00:19:32.064,0.93596,0.93583,1,3.71
2014.09.09,00:19:32.469,0.93596,0.93584,1,1.74
2014.09.09,00:19:32.976,0.93599,0.93586,1.84,1.47
2014.09.09,00:19:34.799,0.93599,0.93587,1,1.77
2014.09.09,00:19:35.305,0.93601,0.93588,2.14,1.55
2014.09.09,00:19:35.856,0.93601,0.93588,1.2,1.46
2014.09.09,00:19:37.586,0.93599,0.93587,1,2.96
2014.09.09,00:19:38.053,0.93599,0.93588,1.27,1.31
2014.09.09,00:19:38.205,0.93599,0.93586,1.65,2.14
2014.09.09,00:19:38.714,0.93599,0.93586,1.2,2.14
2014.09.09,00:19:42.310,0.93599,0.93586,1.1,2.89
2014.09.09,00:19:53.062,0.93599,0.93586,1.1,2.89
2014.09.09,00:19:56.257,0.93601,0.93588,1.39,1.46
2014.09.09,00:19:56.612,0.93601,0.93589,1,1.74
2014.09.09,00:19:56.917,0.93604,0.93591,1,1.77
2014.09.09,00:19:58.196,0.93605,0.93592,1.5,1.76
2014.09.09,00:19:58.736,0.93606,0.93593,1.01,1.7
2014.09.09,00:20:00.361,0.93606,0.93593,1.17,2.14
2014.09.09,00:20:00.864,0.93606,0.93593,1.1,2.21
2014.09.09,00:20:01.925,0.93606,0.93594,1.1,1.66
2014.09.09,00:20:02.435,0.93606,0.93593,1.17,1.39
2014.09.09,00:20:03.086,0.93606,0.93593,1,1.46
2014.09.09,00:20:04.465,0.93606,0.93593,1.07,1.39
2014.09.09,00:20:07.329,0.93606,0.93593,1.45,1.76
2014.09.09,00:20:07.838,0.93604,0.93593,1.55,1
2014.09.09,00:20:11.272,0.93606,0.93593,3.71,1.12
2014.09.09,00:20:11.981,0.93605,0.93593,1.57,1
2014.09.09,00:20:12.083,0.93605,0.93593,1.55,1
2014.09.09,00:20:13.476,0.93604,0.93593,1.46,1.12
2014.09.09,00:20:13.990,0.93604,0.93593,1.46,1.12
2014.09.09,00:20:15.471,0.93604,0.93593,1.52,1
2014.09.09,00:20:15.979,0.93604,0.93593,1.12,1.2
2014.09.09,00:20:16.486,0.93605,0.93593,1.76,1.2
2014.09.09,00:20:16.795,0.93606,0.93593,1,2.14
2014.09.09,00:20:17.301,0.93606,0.93593,1,2.21
2014.09.09,00:20:17.555,0.93609,0.93596,2.14,1.45
2014.09.09,00:20:17.707,0.93609,0.93596,1.25,2.02
2014.09.09,00:20:18.214,0.93609,0.93597,1,1.15
2014.09.09,00:20:20.181,0.93609,0.93597,1.5,2.21
2014.09.09,00:20:20.822,0.93609,0.93597,1.5,2.21
2014.09.09,00:20:23.786,0.93609,0.93597,1,2.21
2014.09.09,00:20:24.792,0.93609,0.93597,1,2.21
2014.09.09,00:20:25.441,0.93609,0.93597,1,2.21
2014.09.09,00:20:26.096,0.93609,0.93597,1,2.21
2014.09.09,00:20:26.400,0.93609,0.93596,2.59,2.06
2014.09.09,00:20:26.603,0.93609,0.93596,2.59,2.14
2014.09.09,00:20:27.305,0.93609,0.93596,2.32,2.96
2014.09.09,00:20:28.695,0.93609,0.93596,2.32,2.96
2014.09.09,00:20:29.245,0.93609,0.93596,2.77,2.89
2014.09.09,00:20:30.498,0.93609,0.93596,1.65,2.89
2014.09.09,00:20:31.135,0.93609,0.93596,1.65,2.89
2014.09.09,00:20:31.951,0.93609,0.93596,1.1,2.89
2014.09.09,00:20:32.458,0.9361,0.93598,1.09,1.2
2014.09.09,00:20:32.964,0.9361,0.93598,1.39,1.12
2014.09.09,00:20:33.469,0.9361,0.93598,1.27,1.39
2014.09.09,00:20:35.147,0.9361,0.93598,1.07,1.25
2014.09.09,00:20:36.285,0.9361,0.93598,1.1,1.01
2014.09.09,00:20:37.464,0.9361,0.93598,1.17,1.12
2014.09.09,00:20:37.667,0.93611,0.93601,1.27,1
2014.09.09,00:20:37.878,0.93611,0.93598,2.02,1.12
2014.09.09,00:20:40.418,0.9361,0.93598,1.1,1.2
2014.09.09,00:20:45.204,0.9361,0.93598,1.17,1.31
2014.09.09,00:20:46.308,0.9361,0.93598,1.1,1.39
2014.09.09,00:20:46.873,0.9361,0.93598,1.17,1.31
2014.09.09,00:20:47.380,0.9361,0.93598,1.2,1.25
2014.09.09,00:20:57.342,0.93611,0.93598,1.84,1.31
2014.09.09,00:21:00.737,0.93611,0.93598,1.46,1.62
2014.09.09,00:21:01.246,0.93611,0.93598,1,2.96
2014.09.09,00:21:01.449,0.93613,0.93601,1.46,1.12
2014.09.09,00:21:01.974,0.93613,0.93601,1.46,1.37
2014.09.09,00:21:02.484,0.93613,0.93601,1.27,1.37
2014.09.09,00:21:02.839,0.93611,0.93598,1,2.96
2014.09.09,00:21:03.464,0.93611,0.93598,1.07,2.21
2014.09.09,00:21:03.976,0.93611,0.93598,1.2,2.14
2014.09.09,00:21:04.519,0.93611,0.93598,1.17,2.14
2014.09.09,00:21:04.722,0.93611,0.93598,1.2,2.14
2014.09.09,00:21:05.229,0.93613,0.93601,3.71,1
2014.09.09,00:21:05.744,0.93613,0.93601,3.71,1
2014.09.09,00:21:06.781,0.93612,0.93601,1.46,1.12
2014.09.09,00:21:07.287,0.93612,0.93601,1.46,1.12
2014.09.09,00:21:07.816,0.93612,0.93601,1.46,1.12
2014.09.09,00:21:08.467,0.93612,0.93601,1.46,1.12
2014.09.09,00:21:08.980,0.93611,0.93598,1.17,2.89
2014.09.09,00:21:09.548,0.93611,0.93598,1.1,2.96
2014.09.09,00:21:10.065,0.93611,0.93598,1.65,2.14
2014.09.09,00:21:10.721,0.93611,0.93598,1.65,2.14
2014.09.09,00:21:11.682,0.93611,0.93598,1.57,2.21
2014.09.09,00:21:12.313,0.93611,0.93598,1.65,2.14
2014.09.09,00:21:13.659,0.93611,0.93598,1.57,2.21
2014.09.09,00:21:13.965,0.93613,0.936,1.46,1.39
2014.09.09,00:21:14.726,0.93613,0.936,1.46,1.62
2014.09.09,00:21:16.321,0.93613,0.936,1.46,1.39
2014.09.09,00:21:16.858,0.93613,0.936,1.46,1.62
2014.09.09,00:21:17.365,0.93613,0.936,1.46,1.39
2014.09.09,00:21:19.211,0.93613,0.936,1.46,1.62
2014.09.09,00:21:19.723,0.93613,0.936,1.46,1.39
2014.09.09,00:21:21.408,0.93614,0.936,2.59,1.39
2014.09.09,00:21:21.948,0.93613,0.936,1.1,2.21
2014.09.09,00:21:27.047,0.93613,0.936,1.17,2.14
2014.09.09,00:21:27.550,0.93613,0.936,1.57,2.21
2014.09.09,00:21:43.570,0.93613,0.936,1.09,1.39
2014.09.09,00:21:44.168,0.93613,0.936,2.21,1.62
2014.09.09,00:21:44.671,0.93613,0.936,1.46,1.39
2014.09.09,00:21:47.366,0.93613,0.936,1.27,1.62
2014.09.09,00:21:47.875,0.93613,0.936,1.07,1.39
2014.09.09,00:21:48.381,0.93613,0.936,1.1,1.46
2014.09.09,00:21:50.357,0.93613,0.936,1.17,1.39
2014.09.09,00:21:50.879,0.93613,0.936,1,1.46
2014.09.09,00:21:51.873,0.93613,0.936,1.07,1.39
2014.09.09,00:21:52.385,0.93613,0.936,1.2,1.46
2014.09.09,00:21:52.893,0.93613,0.936,1.01,1.46
2014.09.09,00:21:54.265,0.93613,0.936,1.32,1.39
2014.09.09,00:21:54.871,0.93612,0.936,1.17,1.62
2014.09.09,00:21:55.431,0.93612,0.936,1.1,1.39
2014.09.09,00:21:55.939,0.93612,0.936,1.07,1.62
2014.09.09,00:21:56.465,0.93612,0.936,1.1,1.39
2014.09.09,00:21:57.571,0.93612,0.936,1.1,1.39
2014.09.09,00:21:58.365,0.93613,0.936,1.46,1.62
2014.09.09,00:21:59.365,0.93613,0.936,1.27,1.37
2014.09.09,00:22:03.707,0.93613,0.936,1.27,1.37
2014.09.09,00:22:06.571,0.93613,0.936,2.02,1.37
2014.09.09,00:22:07.698,0.93611,0.93599,1.1,1.39
2014.09.09,00:22:08.205,0.93611,0.93599,1.17,2.06
2014.09.09,00:22:08.738,0.93611,0.93599,1.15,2.06
2014.09.09,00:22:09.601,0.93611,0.93599,1.17,2.06
2014.09.09,00:22:10.127,0.93611,0.93599,1.27,1.62
2014.09.09,00:22:14.010,0.93611,0.93599,1.17,1.62
2014.09.09,00:22:17.316,0.93611,0.93599,1.1,1.39
2014.09.09,00:22:17.822,0.93611,0.93599,1.17,1.62
2014.09.09,00:22:21.132,0.93611,0.93599,1,1.46
2014.09.09,00:22:21.234,0.93611,0.93599,1.17,2.06
2014.09.09,00:22:21.285,0.93611,0.93599,1.07,2.89
2014.09.09,00:22:21.539,0.93613,0.93601,1,1.37
2014.09.09,00:22:22.248,0.93613,0.93601,1.1,1.47
2014.09.09,00:22:22.553,0.93606,0.93598,1.1,1
2014.09.09,00:22:22.806,0.93608,0.93596,1.17,1.25
2014.09.09,00:22:23.312,0.93608,0.93596,2.96,1
2014.09.09,00:22:23.822,0.93608,0.93596,2.96,1
2014.09.09,00:22:26.472,0.93608,0.93596,4.46,1
2014.09.09,00:22:26.996,0.93608,0.93596,4.46,1
2014.09.09,00:22:27.503,0.93608,0.93596,4.46,1
2014.09.09,00:22:28.217,0.93608,0.93596,4.46,1
2014.09.09,00:22:31.428,0.93608,0.93596,1.84,1
2014.09.09,00:22:31.986,0.93608,0.93596,1.84,1
2014.09.09,00:22:34.939,0.93608,0.93596,2.21,1
2014.09.09,00:22:35.483,0.93608,0.93596,2.21,1
2014.09.09,00:22:36.729,0.93608,0.93596,2.21,1
2014.09.09,00:22:37.243,0.93608,0.93596,2.21,1
2014.09.09,00:22:40.744,0.93603,0.93594,1,1.56
2014.09.09,00:22:41.048,0.93601,0.93594,1,1.19
2014.09.09,00:22:41.200,0.93601,0.9359,1,2.96
2014.09.09,00:22:44.439,0.93601,0.93592,1,1.31
2014.09.09,00:22:45.504,0.93601,0.93591,1,1.66
2014.09.09,00:22:54.141,0.93601,0.93593,1,1
2014.09.09,00:22:54.694,0.93601,0.93592,1,1.31
2014.09.09,00:22:55.199,0.93601,0.93592,1,1.31
2014.09.09,00:22:56.034,0.93601,0.93592,1,1.12
2014.09.09,00:22:56.554,0.93601,0.93589,1,2.21
2014.09.09,00:23:00.237,0.93601,0.93589,1.1,2.14
2014.09.09,00:23:00.289,0.93598,0.93589,1,1.31
2014.09.09,00:23:01.145,0.93598,0.93588,1,1.66
2014.09.09,00:23:01.658,0.93598,0.93586,1,2.96
2014.09.09,00:23:01.911,0.93598,0.93586,1.55,1.31
2014.09.09,00:23:02.418,0.93596,0.93585,1.1,1.56
2014.09.09,00:23:03.926,0.93596,0.93585,1,1.56
2014.09.09,00:23:04.331,0.93596,0.93584,1,2.96
2014.09.09,00:23:04.483,0.93598,0.93586,1.5,1.84
2014.09.09,00:23:05.344,0.93598,0.93587,1.5,1.52
2014.09.09,00:23:08.441,0.93598,0.93588,1.5,1.66
2014.09.09,00:23:09.946,0.93598,0.93588,1.5,1.66
2014.09.09,00:23:10.478,0.93598,0.93588,1.5,1.66
2014.09.09,00:23:11.584,0.93598,0.93588,1.5,1.64
2014.09.09,00:23:12.262,0.93598,0.93588,1.5,1.31
2014.09.09,00:23:14.344,0.93598,0.93586,1.57,3.64
2014.09.09,00:23:17.499,0.93598,0.93586,1.57,2.14
2014.09.09,00:23:27.182,0.93598,0.93586,1.57,3.64
2014.09.09,00:23:29.189,0.93598,0.93586,1.2,2.89
2014.09.09,00:23:29.494,0.93599,0.93586,2.02,1.76
2014.09.09,00:23:29.596,0.93599,0.93586,2.02,2.14
2014.09.09,00:23:31.079,0.93597,0.93586,1.87,1.76
2014.09.09,00:23:31.131,0.93594,0.93584,1,1.76
2014.09.09,00:23:31.637,0.93594,0.93581,1.1,2.96
2014.09.09,00:24:02.848,0.93594,0.93582,1,2.06
2014.09.09,00:24:02.899,0.93596,0.93583,1.39,1.46
2014.09.09,00:24:03.405,0.93596,0.93583,1.1,2.21
2014.09.09,00:24:03.932,0.93596,0.93583,1.1,2.21
2014.09.09,00:24:04.728,0.93596,0.93583,1.1,2.21
2014.09.09,00:24:05.660,0.93596,0.93583,1.1,2.21
2014.09.09,00:24:05.964,0.93594,0.93583,1,1.74
2014.09.09,00:24:31.441,0.93594,0.93582,1.2,1.66
2014.09.09,00:24:31.745,0.93591,0.93582,1,1.56
2014.09.09,00:24:32.263,0.93591,0.9358,1,1.1
2014.09.09,00:24:32.365,0.93589,0.93577,1.1,2.51
2014.09.09,00:24:32.871,0.93589,0.93576,1.2,2.06
2014.09.09,00:24:33.485,0.93589,0.93576,1.17,1.31
2014.09.09,00:24:34.102,0.93589,0.93576,1.15,1.31
2014.09.09,00:24:37.365,0.93589,0.93576,1.15,2.06
2014.09.09,00:24:37.670,0.93589,0.93577,1.1,1.66
2014.09.09,00:24:38.771,0.93589,0.93578,1,1.39
2014.09.09,00:24:39.311,0.93589,0.93578,1,2.14
2014.09.09,00:24:43.804,0.93589,0.93578,1,1.76
2014.09.09,00:24:44.057,0.93591,0.9358,1,1.46
2014.09.09,00:24:44.209,0.93591,0.9358,1,1.77
2014.09.09,00:24:46.094,0.93591,0.9358,1,1.74
2014.09.09,00:24:58.320,0.93591,0.9358,1,1.74
2014.09.09,00:25:06.104,0.93591,0.9358,1,1.74
2014.09.09,00:25:06.654,0.93591,0.9358,1,1.74
2014.09.09,00:25:10.015,0.93591,0.93581,1,1.66
2014.09.09,00:25:12.042,0.93591,0.93581,1,1.66
2014.09.09,00:25:17.448,0.93591,0.93581,1,1.66
2014.09.09,00:25:17.651,0.93591,0.93579,1,1.56
2014.09.09,00:25:17.804,0.93589,0.93579,1,1.56
2014.09.09,00:25:20.687,0.93589,0.93578,1,2.21
2014.09.09,00:25:23.683,0.93589,0.93578,1,1.46
2014.09.09,00:25:25.691,0.93589,0.93578,1,2.06
2014.09.09,00:25:26.632,0.93589,0.9358,1,1.47
2014.09.09,00:25:26.835,0.93591,0.93581,1,1.37
2014.09.09,00:25:27.898,0.93591,0.93581,1,1.74
2014.09.09,00:25:28.204,0.93591,0.93581,1,1.74
2014.09.09,00:25:29.548,0.93591,0.93581,1,1.56
2014.09.09,00:25:29.750,0.93591,0.93579,1.15,2.81
2014.09.09,00:25:29.852,0.93591,0.93579,1.1,1.66
2014.09.09,00:25:29.903,0.93589,0.93577,1,3.71
2014.09.09,00:25:30.409,0.93589,0.93578,1.17,1.62
2014.09.09,00:25:30.915,0.93589,0.93579,1,1.62
2014.09.09,00:25:38.750,0.93589,0.93578,1,1.66
2014.09.09,00:25:39.883,0.93589,0.93578,1,1.66
2014.09.09,00:25:40.389,0.93589,0.93579,1,1.62
2014.09.09,00:25:42.668,0.93589,0.93578,1,1.39
2014.09.09,00:25:42.871,0.93589,0.93578,1,1.62
2014.09.09,00:25:43.074,0.93589,0.93577,1,2.21
2014.09.09,00:25:43.175,0.93589,0.93577,1,2.21
2014.09.09,00:25:44.373,0.93589,0.93579,1,1.62
2014.09.09,00:25:56.922,0.93589,0.93579,1,1.39
2014.09.09,00:25:58.646,0.93589,0.93577,1,2.96
2014.09.09,00:26:01.048,0.93589,0.93578,1,2.14
2014.09.09,00:26:01.550,0.93589,0.93578,1.17,1.56
2014.09.09,00:26:01.856,0.93589,0.93578,1.15,1.12
2014.09.09,00:26:01.907,0.93589,0.93578,1.15,1.12
2014.09.09,00:26:02.413,0.93589,0.93578,1.17,1.37
2014.09.09,00:26:02.961,0.93589,0.93579,1.1,1.12
2014.09.09,00:26:04.594,0.93589,0.93579,1,1.37
2014.09.09,00:26:04.796,0.93591,0.93578,1.2,2.02
2014.09.09,00:26:05.567,0.93591,0.9358,1.1,1.56
2014.09.09,00:26:05.770,0.93594,0.93581,1.39,1.46
2014.09.09,00:26:06.529,0.93594,0.93581,1.25,1.77
2014.09.09,00:26:10.701,0.93591,0.93581,1,1.74
2014.09.09,00:26:11.907,0.93591,0.93581,1,1.39
2014.09.09,00:26:12.414,0.93591,0.9358,1,2.21
2014.09.09,00:26:13.115,0.93591,0.9358,1,1.46
2014.09.09,00:26:17.205,0.93591,0.9358,1,2.21
2014.09.09,00:26:17.799,0.93591,0.9358,1,2.21
2014.09.09,00:26:18.307,0.93591,0.93583,1,1
2014.09.09,00:26:18.965,0.93591,0.93582,1,1.1
2014.09.09,00:26:19.319,0.93591,0.93582,1,1.09
2014.09.09,00:26:19.837,0.93591,0.93582,1,1.09
2014.09.09,00:26:22.355,0.93591,0.93581,1,2.21
2014.09.09,00:26:22.866,0.93591,0.93581,1,2.21
2014.09.09,00:26:26.478,0.93591,0.93581,1,1.55
2014.09.09,00:26:27.875,0.93591,0.93581,1,1.52
2014.09.09,00:26:30.882,0.93591,0.93581,1,1.46
2014.09.09,00:26:31.452,0.93591,0.93581,1,1.39
2014.09.09,00:26:32.464,0.93591,0.93579,1.2,2.14
2014.09.09,00:26:32.769,0.93589,0.93578,1.1,1.25
2014.09.09,00:26:33.588,0.93589,0.93577,1.1,1.01
2014.09.09,00:26:35.188,0.93589,0.93577,1.1,1.39
2014.09.09,00:26:39.352,0.93589,0.93577,1.12,2.14
2014.09.09,00:26:39.744,0.93589,0.93576,2.02,1.39
2014.09.09,00:26:40.578,0.93589,0.93576,1.95,1.46
2014.09.09,00:26:41.397,0.93589,0.93576,1.57,1.17
2014.09.09,00:26:41.903,0.93589,0.93576,2.21,1.39
2014.09.09,00:26:45.100,0.93588,0.93576,1.39,1.2
2014.09.09,00:26:45.606,0.93586,0.93574,1,1.71
2014.09.09,00:26:50.366,0.93589,0.93576,3.71,1.2
2014.09.09,00:26:50.518,0.93589,0.93576,3.26,1.07
2014.09.09,00:26:56.978,0.93589,0.93576,1.1,2.96
2014.09.09,00:26:57.522,0.93589,0.93576,1,2.96
2014.09.09,00:27:24.446,0.93589,0.93578,1.37,1.1
2014.09.09,00:27:25.774,0.93589,0.93578,1.12,1.2
2014.09.09,00:27:26.475,0.93589,0.93578,1.37,1.1
2014.09.09,00:27:33.789,0.93589,0.93578,1.12,1.2
2014.09.09,00:27:34.312,0.93589,0.93578,1.37,1.1
2014.09.09,00:27:35.796,0.93589,0.93578,1.12,1.2
2014.09.09,00:27:49.717,0.93589,0.93578,1.95,1
2014.09.09,00:27:55.721,0.93589,0.93578,1.2,1.12
2014.09.09,00:27:56.364,0.93588,0.93578,1,1.12
2014.09.09,00:27:57.796,0.93588,0.93578,1.2,1
2014.09.09,00:27:57.999,0.93587,0.93575,1,2.81
2014.09.09,00:28:01.197,0.93586,0.93574,1.5,2.96
2014.09.09,00:28:01.704,0.93585,0.93574,1,2.06
2014.09.09,00:28:02.254,0.93586,0.93574,1.5,2.06
2014.09.09,00:28:10.787,0.93586,0.93576,1,1.2
2014.09.09,00:28:11.555,0.93586,0.93576,1,1.27
2014.09.09,00:28:17.806,0.93586,0.93576,1,1.2
2014.09.09,00:28:18.343,0.93586,0.93576,1,1.2
2014.09.09,00:28:26.477,0.93586,0.93574,1.87,1.15
2014.09.09,00:28:26.781,0.93575,0.93569,1,1
2014.09.09,00:28:26.832,0.93576,0.93566,1,1.65
2014.09.09,00:28:27.339,0.93576,0.93566,1,1
2014.09.09,00:28:27.846,0.93578,0.93566,1.84,1
2014.09.09,00:28:29.177,0.93578,0.93566,1.1,1.01
2014.09.09,00:28:30.104,0.93578,0.93566,1.1,2.14
2014.09.09,00:28:37.187,0.93578,0.93566,1.1,1.39
2014.09.09,00:28:37.798,0.93578,0.93566,1,1.46
2014.09.09,00:28:41.092,0.93578,0.93566,1.76,1.1
2014.09.09,00:28:41.245,0.93573,0.93564,1.17,1
2014.09.09,00:28:41.397,0.93573,0.93563,2.59,1
2014.09.09,00:28:41.499,0.93569,0.93561,1,1
2014.09.09,00:28:41.600,0.93571,0.93561,1,1
2014.09.09,00:28:41.803,0.93571,0.93559,1,1.5
2014.09.09,00:28:42.410,0.93571,0.93559,1.17,1
2014.09.09,00:28:42.917,0.93571,0.93559,1.09,1
2014.09.09,00:28:43.220,0.93571,0.93559,1.4,1
2014.09.09,00:28:44.287,0.93571,0.93559,1.46,1
2014.09.09,00:28:44.809,0.93571,0.93559,1.46,1
2014.09.09,00:28:45.541,0.9357,0.93559,1.1,1
2014.09.09,00:28:47.171,0.93571,0.93559,2.96,1
2014.09.09,00:28:49.257,0.93567,0.93556,1,1.84
2014.09.09,00:28:49.561,0.93563,0.93551,1.1,2.51
2014.09.09,00:28:49.714,0.93563,0.93551,1.1,1.1
2014.09.09,00:28:50.220,0.93563,0.93551,1,1.17
2014.09.09,00:28:50.726,0.93563,0.93551,1.1,1.01
2014.09.09,00:28:58.018,0.93563,0.93551,1,1.39
2014.09.09,00:29:00.943,0.93563,0.93551,1,1.27
2014.09.09,00:29:17.882,0.93563,0.93552,1,2.21
2014.09.09,00:29:17.983,0.93566,0.93554,1.12,1.17
2014.09.09,00:29:19.178,0.93566,0.93554,1,2.21
2014.09.09,00:29:19.852,0.93566,0.93554,1,2.21
2014.09.09,00:29:20.513,0.93566,0.93554,1,2.21
2014.09.09,00:29:20.774,0.93566,0.93554,1,2.96
2014.09.09,00:29:20.927,0.93568,0.93556,1.25,2.02
2014.09.09,00:29:21.232,0.93568,0.93556,1,1.84
2014.09.09,00:29:21.283,0.93571,0.93559,2.25,1.15
2014.09.09,00:29:21.739,0.93573,0.93561,1,1.15
2014.09.09,00:29:22.044,0.93577,0.93566,1.39,1
2014.09.09,00:29:22.198,0.93578,0.93566,3.26,1.1
2014.09.09,00:29:22.705,0.93578,0.93566,2.44,1.17
2014.09.09,00:29:23.956,0.93575,0.93566,1,1.07
2014.09.09,00:29:24.161,0.93571,0.93562,1,1
2014.09.09,00:29:24.365,0.93573,0.93561,2.51,1.1
2014.09.09,00:29:24.467,0.93574,0.93563,1.76,1
2014.09.09,00:29:25.567,0.93574,0.93563,1.01,1
2014.09.09,00:29:26.797,0.93574,0.93563,1.76,1
2014.09.09,00:29:28.066,0.93575,0.93563,3.34,1
2014.09.09,00:29:28.218,0.93573,0.93561,1.65,1.25
2014.09.09,00:29:28.725,0.93573,0.93561,2.77,1.25
2014.09.09,00:29:34.044,0.93574,0.93564,2.21,1
2014.09.09,00:29:39.590,0.93574,0.93564,2.21,1
2014.09.09,00:29:39.743,0.93573,0.93561,1.55,1.25
2014.09.09,00:29:39.997,0.93573,0.93564,1.55,1
2014.09.09,00:29:40.099,0.93573,0.93561,2.02,1.25
2014.09.09,00:29:47.008,0.93574,0.93564,2.96,1
2014.09.09,00:29:47.437,0.93573,0.93561,1.46,1
2014.09.09,00:29:49.394,0.93573,0.93561,1.46,1
2014.09.09,00:29:49.918,0.93573,0.93561,1.46,1
2014.09.09,00:29:53.369,0.93574,0.93564,2.21,1
2014.09.09,00:29:53.889,0.93574,0.93564,1.46,1
2014.09.09,00:29:57.013,0.93575,0.93564,2.21,1
2014.09.09,00:30:01.535,0.93575,0.93564,2.21,1
2014.09.09,00:30:01.942,0.93575,0.93564,2.21,1
2014.09.09,00:30:02.814,0.93575,0.93564,1.1,1.37
2014.09.09,00:30:03.068,0.93577,0.93566,1,1.2
2014.09.09,00:30:03.574,0.93578,0.93566,1,1.17
2014.09.09,00:30:04.105,0.93578,0.93566,1,1.15
2014.09.09,00:30:05.150,0.93578,0.93566,1,2.21
2014.09.09,00:30:05.662,0.93578,0.93566,1,2.21
2014.09.09,00:30:07.117,0.93578,0.93566,1,2.21
2014.09.09,00:30:07.946,0.93578,0.93566,1,2.21
2014.09.09,00:30:08.455,0.93578,0.93566,1,2.21
2014.09.09,00:30:09.122,0.93578,0.93566,1,2.21
2014.09.09,00:30:09.777,0.93578,0.93566,1,2.21
2014.09.09,00:30:11.138,0.93578,0.93566,1,2.21
2014.09.09,00:30:11.712,0.93578,0.93566,1,2.21
2014.09.09,00:30:13.990,0.93578,0.93566,1,2.21
2014.09.09,00:30:14.094,0.9358,0.93569,2.14,1
2014.09.09,00:30:14.551,0.93581,0.93569,1,1.46
2014.09.09,00:30:27.074,0.93581,0.93569,1,2.21
2014.09.09,00:30:32.607,0.93581,0.93569,1,2.21
2014.09.09,00:30:33.981,0.93581,0.93569,1,2.21
2014.09.09,00:30:34.487,0.93581,0.93569,1.12,1.84
2014.09.09,00:30:35.003,0.93581,0.93569,1,1.46
2014.09.09,00:30:35.510,0.93581,0.93569,1.12,1.4
2014.09.09,00:30:35.814,0.93581,0.93569,2.06,1
2014.09.09,00:30:36.119,0.93578,0.93566,1.12,1.09
2014.09.09,00:30:36.628,0.93578,0.93566,2.02,1.25
2014.09.09,00:30:37.440,0.93576,0.93564,1.1,1.01
2014.09.09,00:30:44.333,0.93576,0.93564,1.12,1.07
2014.09.09,00:30:44.840,0.93576,0.93564,1.1,1.1
2014.09.09,00:31:12.228,0.93576,0.93564,1,1.46
2014.09.09,00:31:12.734,0.93576,0.93564,1.1,1.39
2014.09.09,00:31:17.711,0.93576,0.93564,1,1.46
2014.09.09,00:31:21.906,0.93576,0.93564,1.1,1.39
2014.09.09,00:31:26.112,0.93576,0.93564,1.1,1.39
2014.09.09,00:31:26.622,0.93576,0.93564,1,1.46
2014.09.09,00:31:32.628,0.93576,0.93564,1.1,1.39
2014.09.09,00:31:33.149,0.93576,0.93564,1,1.46
2014.09.09,00:31:35.029,0.93576,0.93564,1.1,1.39
2014.09.09,00:31:35.538,0.93576,0.93564,1,1.46
2014.09.09,00:31:36.628,0.93576,0.93564,1.1,1.39
2014.09.09,00:31:37.524,0.93578,0.93563,1.71,1.74
2014.09.09,00:31:38.126,0.93578,0.93563,1.74,1.71
2014.09.09,00:31:46.332,0.93578,0.93563,1.71,1.74
2014.09.09,00:31:46.982,0.93578,0.93563,1.74,1.64
2014.09.09,00:31:48.851,0.93578,0.93563,1.36,1.46
2014.09.09,00:31:49.359,0.93578,0.93563,1.74,1.71
2014.09.09,00:31:50.597,0.93578,0.93563,1.71,2.21
2014.09.09,00:31:51.052,0.93578,0.93563,1.66,2.96
2014.09.09,00:31:51.634,0.93578,0.93563,1.74,2.96
2014.09.09,00:31:52.182,0.93578,0.93563,1.74,2.96
2014.09.09,00:31:52.846,0.93578,0.93563,1.76,2.96
2014.09.09,00:31:53.376,0.93578,0.93563,1.74,2.96
2014.09.09,00:31:53.915,0.93578,0.93563,1.74,2.96
2014.09.09,00:31:54.692,0.93578,0.93563,1.74,2.21
2014.09.09,00:31:54.895,0.93578,0.93563,1.74,2.21
2014.09.09,00:31:55.577,0.93578,0.93563,1.71,2.21
2014.09.09,00:31:56.974,0.93578,0.93563,1.71,2.21
2014.09.09,00:31:57.556,0.93578,0.93563,1.74,1.46
2014.09.09,00:31:58.233,0.93578,0.93563,1.74,1.46
2014.09.09,00:31:58.891,0.93578,0.93563,1.74,1.71
2014.09.09,00:31:59.623,0.93578,0.93563,1.71,1.46
2014.09.09,00:32:00.317,0.93578,0.93563,1.74,1.46
2014.09.09,00:32:08.214,0.93579,0.93562,2.21,2.21
2014.09.09,00:32:08.726,0.93579,0.93562,2.21,2.21
2014.09.09,00:32:10.919,0.93578,0.93563,1.74,1.71
2014.09.09,00:32:12.800,0.93578,0.93563,1.71,1.74
2014.09.09,00:32:13.305,0.93578,0.93563,1.46,1.71
2014.09.09,00:32:15.113,0.93579,0.93562,2.21,2.21
2014.09.09,00:32:15.632,0.93579,0.93562,2.21,2.21
2014.09.09,00:32:18.146,0.93578,0.93563,1.71,1.74
2014.09.09,00:32:18.668,0.93578,0.93563,1.64,1.74
2014.09.09,00:32:19.210,0.93578,0.93563,1.71,1.74
2014.09.09,00:32:20.103,0.93578,0.93563,1.71,1.74
2014.09.09,00:32:20.940,0.93578,0.93563,2.21,1.71
2014.09.09,00:32:21.042,0.93579,0.93565,1.46,1.74
2014.09.09,00:32:21.246,0.9358,0.93569,1,1.12
2014.09.09,00:32:21.752,0.93581,0.93569,1,1.27
2014.09.09,00:32:22.057,0.93581,0.93569,1,1.27
2014.09.09,00:32:22.614,0.93581,0.9357,1,1.4
2014.09.09,00:32:22.918,0.93585,0.93576,1,1.1
2014.09.09,00:32:23.121,0.93588,0.93576,2.51,1.1
2014.09.09,00:32:23.426,0.93586,0.93574,1.1,1.2
2014.09.09,00:32:23.941,0.93586,0.93574,1,1.17
2014.09.09,00:32:24.459,0.93586,0.93574,1,2.21
2014.09.09,00:32:25.011,0.93586,0.93574,1,2.21
2014.09.09,00:32:25.615,0.93586,0.93574,1,2.89
2014.09.09,00:32:26.961,0.93586,0.93574,1.1,2.89
2014.09.09,00:32:27.164,0.93586,0.93574,1.1,2.89
2014.09.09,00:32:27.667,0.93586,0.93574,1,2.89
2014.09.09,00:32:28.199,0.93586,0.93574,1.1,2.89
2014.09.09,00:32:29.442,0.93586,0.93574,1,2.59
2014.09.09,00:32:31.669,0.93586,0.93574,1.1,2.14
2014.09.09,00:32:32.176,0.93586,0.93574,1,2.21
2014.09.09,00:32:32.748,0.93586,0.93574,1,2.21
2014.09.09,00:32:33.270,0.93586,0.93574,1,3.71
2014.09.09,00:32:33.473,0.93586,0.93574,1,2.96
2014.09.09,00:32:33.986,0.93586,0.93574,1,2.21
2014.09.09,00:32:34.140,0.93586,0.93574,1,2.21
2014.09.09,00:32:35.167,0.93586,0.93574,1,2.21
2014.09.09,00:32:35.688,0.93586,0.93574,1,2.59
2014.09.09,00:32:37.135,0.93586,0.93574,1,2.21
2014.09.09,00:32:37.641,0.93586,0.93574,1,2.59
2014.09.09,00:32:38.482,0.93586,0.93574,1,2.96
2014.09.09,00:32:39.555,0.93586,0.93574,1,2.96
2014.09.09,00:32:41.192,0.93586,0.93574,1,2.96
2014.09.09,00:32:41.700,0.93586,0.93574,1.1,1.76
2014.09.09,00:32:42.583,0.93586,0.93574,1,2.21
2014.09.09,00:32:43.089,0.93586,0.93574,1,1.84
2014.09.09,00:32:44.159,0.93586,0.93574,1,2.21
2014.09.09,00:32:45.155,0.93586,0.93574,1,2.96
2014.09.09,00:32:45.661,0.93586,0.93574,1.1,2.89
2014.09.09,00:32:47.196,0.93586,0.93574,1,2.81
2014.09.09,00:32:47.702,0.93586,0.93574,1,2.96
2014.09.09,00:32:48.804,0.93586,0.93574,1,2.96
2014.09.09,00:32:49.310,0.93586,0.93574,1,2.96
2014.09.09,00:32:50.070,0.93586,0.93574,1.1,2.89
2014.09.09,00:32:51.511,0.93586,0.93574,1.1,2.89
2014.09.09,00:32:52.198,0.93586,0.93574,1,2.96
2014.09.09,00:32:53.176,0.93586,0.93574,1,2.89
2014.09.09,00:32:53.687,0.93586,0.93574,1,2.21
2014.09.09,00:32:54.701,0.93586,0.93574,1,2.21
2014.09.09,00:32:56.181,0.93586,0.93574,1,2.21
2014.09.09,00:32:56.687,0.93586,0.93574,1,2.21
2014.09.09,00:32:59.138,0.93586,0.93574,1,2.21
2014.09.09,00:32:59.740,0.93586,0.93574,1,2.21
2014.09.09,00:33:02.417,0.93586,0.93574,1.1,1.76
2014.09.09,00:33:02.924,0.93586,0.93574,1.17,1
2014.09.09,00:33:03.454,0.93586,0.93574,1.1,1.1
2014.09.09,00:33:03.960,0.93586,0.93574,1.1,1.47
2014.09.09,00:33:04.621,0.93586,0.93574,1.17,1.37
2014.09.09,00:33:05.127,0.93586,0.93574,1.17,1.37
2014.09.09,00:33:05.679,0.93586,0.93574,1.1,1.39
2014.09.09,00:33:06.676,0.93586,0.93574,1,1.62
2014.09.09,00:33:07.191,0.93586,0.93574,1.07,1.62
2014.09.09,00:33:07.698,0.93586,0.93574,1.07,1
2014.09.09,00:33:10.710,0.93586,0.93574,1.39,1.2
2014.09.09,00:33:11.216,0.93586,0.93574,1,1.39
2014.09.09,00:33:11.650,0.93586,0.93574,1.65,1.25
2014.09.09,00:33:11.824,0.93586,0.93574,2.59,1.1
2014.09.09,00:33:12.078,0.93586,0.93574,3.34,1
2014.09.09,00:33:12.281,0.93583,0.93571,1.2,1.29
2014.09.09,00:33:12.383,0.93581,0.9357,1,1.29
2014.09.09,00:33:12.890,0.93581,0.93569,1,1.26
2014.09.09,00:33:13.399,0.93581,0.93569,1.17,1
2014.09.09,00:33:14.615,0.93581,0.93569,1.4,1
2014.09.09,00:33:15.121,0.93581,0.93569,1.09,1
2014.09.09,00:33:15.886,0.93573,0.93566,1,1.52
2014.09.09,00:33:15.936,0.93573,0.93564,1,4.39
2014.09.09,00:33:16.242,0.93577,0.93566,1.1,1
2014.09.09,00:33:16.749,0.93578,0.93566,1.1,1.1
2014.09.09,00:33:17.851,0.93577,0.93566,1,1.47
2014.09.09,00:33:18.105,0.93573,0.93564,1,1.39
2014.09.09,00:33:18.875,0.93573,0.93562,1,1.71
2014.09.09,00:33:21.251,0.93573,0.93561,1,3.34
2014.09.09,00:33:24.460,0.93573,0.93562,1,1.74
2014.09.09,00:33:33.506,0.93573,0.93562,1,2.21
2014.09.09,00:33:33.566,0.93573,0.93562,1,2.21
2014.09.09,00:33:33.667,0.93573,0.93562,1,2.21
2014.09.09,00:33:55.118,0.93573,0.93562,1,1.39
2014.09.09,00:33:55.624,0.93573,0.93561,1,3.34
2014.09.09,00:33:57.420,0.93573,0.93564,1,1.12
2014.09.09,00:33:57.723,0.93573,0.93562,1,1.62
2014.09.09,00:34:00.149,0.93573,0.93561,1,2.21
2014.09.09,00:34:00.655,0.93573,0.93561,1,2.59
2014.09.09,00:34:02.044,0.93573,0.93561,1,2.21
2014.09.09,00:34:15.755,0.93573,0.93562,1,1.66
2014.09.09,00:34:17.762,0.93573,0.93562,1,1.66
2014.09.09,00:34:18.281,0.93576,0.93561,2.59,1.74
2014.09.09,00:34:21.478,0.93576,0.93562,1.84,1.66
2014.09.09,00:34:22.257,0.93576,0.93562,1.84,1.66
2014.09.09,00:34:25.794,0.93576,0.93562,1.84,1.66
2014.09.09,00:34:26.801,0.93576,0.93562,1.84,1.56
2014.09.09,00:34:27.580,0.93576,0.93561,2.59,1.74
2014.09.09,00:34:28.196,0.93576,0.93561,2.59,1.74
2014.09.09,00:34:29.815,0.93576,0.93562,1.84,1.66
2014.09.09,00:34:30.229,0.93577,0.93562,2.21,1.66
2014.09.09,00:34:30.431,0.93576,0.93564,1,1.46
2014.09.09,00:34:30.634,0.93576,0.93564,1,1.09
2014.09.09,00:34:31.159,0.93576,0.93564,1.1,1.01
2014.09.09,00:34:32.031,0.93576,0.93564,1.1,1.76
2014.09.09,00:34:33.573,0.93576,0.93564,1.1,2.14
2014.09.09,00:34:35.634,0.93573,0.93564,1,1.66
2014.09.09,00:34:36.171,0.93573,0.93562,1,2.21
2014.09.09,00:34:41.760,0.93573,0.93562,1,1.74
2014.09.09,00:34:43.792,0.93573,0.93562,1,1.74
2014.09.09,00:34:55.411,0.93573,0.93562,1,1.74
2014.09.09,00:34:55.948,0.93573,0.93562,1,1.74
2014.09.09,00:35:00.277,0.93573,0.93562,1,1.74
2014.09.09,00:35:01.241,0.93573,0.93562,1,1.74
2014.09.09,00:35:05.159,0.93573,0.93562,1,1.71
2014.09.09,00:35:05.463,0.93573,0.93562,1,1.71
2014.09.09,00:35:06.456,0.93573,0.93562,1,1.71
2014.09.09,00:35:17.235,0.93573,0.93562,1,1.71
2014.09.09,00:35:17.539,0.93573,0.93561,1.39,1.1
2014.09.09,00:35:17.590,0.93573,0.93561,1.39,1
2014.09.09,00:35:17.793,0.93568,0.93557,1,1.01
2014.09.09,00:35:18.401,0.93568,0.93556,1.07,1.69
2014.09.09,00:35:18.604,0.93568,0.93556,1.52,1
2014.09.09,00:35:18.757,0.93566,0.93554,1.17,1.69
2014.09.09,00:35:19.276,0.93566,0.93554,1.1,1.39
2014.09.09,00:35:19.811,0.93566,0.93554,1.1,1.01
2014.09.09,00:35:25.856,0.93566,0.93554,1.1,1.76
2014.09.09,00:35:30.107,0.93566,0.93554,1.1,1.39
2014.09.09,00:35:31.387,0.93566,0.93554,1,1.46
2014.09.09,00:35:31.961,0.93566,0.93554,1.1,1.39
2014.09.09,00:35:32.476,0.93566,0.93554,1,1.39
2014.09.09,00:35:33.067,0.93566,0.93554,1.1,1.39
2014.09.09,00:35:33.586,0.93566,0.93554,1,1.46
2014.09.09,00:35:34.631,0.93566,0.93554,1.1,1.2
2014.09.09,00:35:35.138,0.93566,0.93554,1.31,1.55
2014.09.09,00:35:36.207,0.93566,0.93554,1.25,1
2014.09.09,00:35:36.360,0.93563,0.93552,1,1.31
2014.09.09,00:35:36.664,0.93561,0.9355,1,1.71
2014.09.09,00:35:42.222,0.93563,0.93551,1,1.46
2014.09.09,00:35:42.740,0.93563,0.93551,1.1,1.39
2014.09.09,00:35:43.290,0.93563,0.93551,1,1.46
2014.09.09,00:35:46.501,0.93563,0.93551,1,1.46
2014.09.09,00:35:49.333,0.93563,0.93551,1,1.46
2014.09.09,00:35:49.844,0.93563,0.93551,1.1,1.39
2014.09.09,00:35:50.360,0.93563,0.93551,1,1.09
2014.09.09,00:35:53.349,0.93563,0.93551,1.1,1.01
2014.09.09,00:35:53.882,0.93563,0.93551,1.1,1.39
2014.09.09,00:35:54.389,0.93563,0.93551,1.1,1.01
2014.09.09,00:35:54.743,0.93563,0.93551,1.1,1.39
2014.09.09,00:35:55.148,0.93563,0.93551,1,5.51
2014.09.09,00:35:55.453,0.93566,0.93554,1,1.46
2014.09.09,00:35:55.959,0.93566,0.93554,1,1.09
2014.09.09,00:35:57.022,0.93566,0.93554,1.1,1.39
2014.09.09,00:36:00.551,0.93566,0.93554,1.32,1
2014.09.09,00:36:03.553,0.93566,0.93554,1.01,1.2
2014.09.09,00:36:13.417,0.93566,0.93554,1.1,1.39
2014.09.09,00:36:14.024,0.93566,0.93554,1,1.77
2014.09.09,00:36:21.565,0.93566,0.93554,1,1.77
2014.09.09,00:36:22.093,0.93566,0.93554,1,1.77
2014.09.09,00:36:35.988,0.93566,0.93554,1.12,1.77
2014.09.09,00:36:38.478,0.93566,0.93554,1,1.17
2014.09.09,00:36:39.001,0.93566,0.93554,1.1,1.1
2014.09.09,00:36:45.609,0.93566,0.93554,1.39,1.2
2014.09.09,00:36:46.258,0.93566,0.93554,1.1,1.47
2014.09.09,00:36:51.424,0.93566,0.93554,1.1,1.39
2014.09.09,00:36:52.256,0.93566,0.93554,1.1,1.39
2014.09.09,00:36:52.537,0.93566,0.93554,1.1,1.39
2014.09.09,00:36:53.437,0.93566,0.93554,1.1,1.39
2014.09.09,00:36:54.185,0.93566,0.93554,1.1,1.39
2014.09.09,00:36:55.652,0.93568,0.93553,2.96,2.14
2014.09.09,00:36:56.763,0.93564,0.93552,1,2.21
2014.09.09,00:36:57.268,0.93564,0.93551,1,1.46
2014.09.09,00:36:58.609,0.93564,0.93551,1.1,2.21
2014.09.09,00:37:06.859,0.93564,0.93551,1.17,2.14
2014.09.09,00:37:13.945,0.93564,0.93551,1.1,1.55
2014.09.09,00:37:14.528,0.93564,0.93551,1.17,1.47
2014.09.09,00:37:15.575,0.93564,0.93551,1.1,1.55
2014.09.09,00:37:16.751,0.93564,0.93551,1.17,1.2
2014.09.09,00:37:17.261,0.93564,0.93551,2.02,1.47
2014.09.09,00:37:17.363,0.93564,0.93551,1.84,1.01
2014.09.09,00:37:17.940,0.93564,0.93551,2.14,1.09
2014.09.09,00:37:18.460,0.93564,0.93551,2.89,1.1
2014.09.09,00:37:19.188,0.93564,0.93551,2.89,1.27
2014.09.09,00:37:20.189,0.93564,0.93551,2.96,1.12
2014.09.09,00:37:20.849,0.93564,0.93551,2.14,1.46
2014.09.09,00:37:21.355,0.93564,0.93551,1.84,1.01
2014.09.09,00:37:26.789,0.93564,0.93551,1.76,1.09
2014.09.09,00:37:27.295,0.93564,0.93551,1.31,2.21
2014.09.09,00:37:27.600,0.93566,0.93553,1.62,1.27
2014.09.09,00:37:28.107,0.93566,0.93553,1.25,1.52
2014.09.09,00:37:29.169,0.93566,0.93553,1.25,1.77
2014.09.09,00:37:31.492,0.93566,0.93553,1,2.21
2014.09.09,00:37:31.998,0.93566,0.93553,1,2.21
2014.09.09,00:37:32.515,0.93566,0.93553,1,2.21
2014.09.09,00:37:33.868,0.93566,0.93553,1,2.21
2014.09.09,00:37:34.376,0.93566,0.93553,1,2.21
2014.09.09,00:37:34.882,0.93566,0.93553,1,2.21
2014.09.09,00:37:40.616,0.93566,0.93553,1,2.21
2014.09.09,00:37:41.132,0.93566,0.93553,1,2.21
2014.09.09,00:37:42.621,0.93566,0.93553,1.1,2.96
2014.09.09,00:37:49.099,0.93566,0.93553,1.1,1.46
2014.09.09,00:37:49.611,0.93566,0.93553,1.1,2.21
2014.09.09,00:37:52.105,0.93566,0.93553,1.1,2.21
2014.09.09,00:37:52.625,0.93566,0.93553,1,2.21
2014.09.09,00:38:04.734,0.93566,0.93553,1.1,2.21
2014.09.09,00:38:05.039,0.93566,0.93553,1,2.21
2014.09.09,00:38:06.023,0.93566,0.93554,1,1.09
2014.09.09,00:38:06.530,0.93566,0.93554,1,2.21
2014.09.09,00:38:07.036,0.93566,0.93554,1,2.21
2014.09.09,00:38:07.946,0.93564,0.93554,1,2.21
2014.09.09,00:38:08.452,0.93564,0.93554,1,1.46
2014.09.09,00:38:08.706,0.93566,0.93554,1,1.46
2014.09.09,00:38:09.060,0.93564,0.93553,1,1.71
2014.09.09,00:38:09.566,0.93564,0.93553,1,1.74
2014.09.09,00:38:09.719,0.93566,0.93553,1,2.96
2014.09.09,00:38:10.023,0.93564,0.93553,1,2.21
2014.09.09,00:38:10.830,0.93566,0.93553,1,1.77
2014.09.09,00:38:11.033,0.93564,0.93552,1,2.96
2014.09.09,00:38:12.530,0.93564,0.93553,1,1.71
2014.09.09,00:38:12.733,0.93566,0.93554,1,1.71
2014.09.09,00:38:12.886,0.93566,0.93554,1,2.21
2014.09.09,00:38:13.392,0.93566,0.93554,1,2.21
2014.09.09,00:38:13.899,0.93566,0.93554,1,2.21
2014.09.09,00:38:14.204,0.93564,0.93554,1,1.46
2014.09.09,00:38:14.762,0.93564,0.93553,1,1.36
2014.09.09,00:38:15.369,0.93564,0.93553,1,1.71
2014.09.09,00:38:15.521,0.93566,0.93553,1,2.21
2014.09.09,00:38:15.876,0.93564,0.93553,1,1.74
2014.09.09,00:38:16.536,0.93566,0.93553,1,2.96
2014.09.09,00:38:16.839,0.93564,0.93553,1,2.21
2014.09.09,00:38:17.345,0.93564,0.93553,1,1.74
2014.09.09,00:38:17.648,0.93566,0.93553,1,2.21
2014.09.09,00:38:17.851,0.93564,0.93553,1,1.74
2014.09.09,00:38:18.789,0.93564,0.93553,1,1.46
2014.09.09,00:38:21.586,0.93564,0.93552,1,2.96
2014.09.09,00:38:21.841,0.93566,0.93553,1.25,1.77
2014.09.09,00:38:22.347,0.93566,0.93554,1,1.64
2014.09.09,00:38:25.463,0.93566,0.93554,1,1.71
2014.09.09,00:38:25.966,0.93566,0.93554,1,1.71
2014.09.09,00:38:31.512,0.93569,0.93556,1.07,2.21
2014.09.09,00:38:32.072,0.93569,0.93556,1.1,2.21
2014.09.09,00:38:36.893,0.93569,0.93556,1.1,2.21
2014.09.09,00:38:41.441,0.93569,0.93556,1.1,2.21
2014.09.09,00:38:48.447,0.93569,0.93556,1.1,2.21
2014.09.09,00:38:59.104,0.93569,0.93556,1.1,1.46
2014.09.09,00:39:03.280,0.93569,0.93556,1.1,2.21
2014.09.09,00:39:05.502,0.93569,0.93556,1.1,2.21
2014.09.09,00:39:08.623,0.93569,0.93556,1,2.21
2014.09.09,00:39:13.288,0.93569,0.93556,1,2.21
2014.09.09,00:39:15.746,0.93569,0.93556,1,2.21
2014.09.09,00:39:16.259,0.93569,0.93556,1.1,2.21
2014.09.09,00:39:16.767,0.93569,0.93556,1,2.21
2014.09.09,00:39:17.289,0.93569,0.93556,1.1,2.21
2014.09.09,00:39:17.804,0.93569,0.93556,1,2.21
2014.09.09,00:39:18.330,0.93569,0.93556,1.1,2.21
2014.09.09,00:39:19.231,0.93569,0.93556,1,2.21
2014.09.09,00:39:19.932,0.93569,0.93556,1.1,2.21
2014.09.09,00:39:26.722,0.93569,0.93556,1,2.21
2014.09.09,00:39:31.621,0.93571,0.93556,4.09,1.71
2014.09.09,00:39:34.655,0.93571,0.93556,4.09,1.74
2014.09.09,00:39:35.385,0.93571,0.93556,4.46,1.74
2014.09.09,00:39:35.925,0.93571,0.93556,4.09,1.74
2014.09.09,00:39:36.440,0.9357,0.93556,1.09,1.74
2014.09.09,00:39:36.958,0.9357,0.93556,1.32,1.64
2014.09.09,00:39:37.561,0.9357,0.93556,1.01,1.71
2014.09.09,00:39:38.092,0.9357,0.93556,1.09,1.74
2014.09.09,00:39:40.570,0.9357,0.93556,1.09,1.74
2014.09.09,00:39:41.075,0.9357,0.93556,1.01,1.71
2014.09.09,00:39:41.855,0.9357,0.93556,1.09,1.74
2014.09.09,00:39:42.387,0.9357,0.93556,1.01,1.71
2014.09.09,00:39:42.895,0.9357,0.93556,1.09,1.74
2014.09.09,00:39:43.552,0.9357,0.93556,1.01,1.71
2014.09.09,00:39:45.673,0.9357,0.93556,1.09,1.74
2014.09.09,00:39:46.202,0.9357,0.93556,1.01,1.71
2014.09.09,00:39:47.069,0.9357,0.93556,1.09,1.74
2014.09.09,00:39:47.585,0.9357,0.93556,1.01,1.71
2014.09.09,00:39:48.399,0.9357,0.93556,1.09,1.74
2014.09.09,00:39:49.211,0.9357,0.93556,1.01,1.71
2014.09.09,00:39:51.406,0.9357,0.93556,1.09,1.74
2014.09.09,00:39:51.983,0.9357,0.93556,1.25,1.71
2014.09.09,00:39:52.589,0.9357,0.93559,1,1.19
2014.09.09,00:39:53.119,0.9357,0.93559,1.17,1.19
2014.09.09,00:39:53.628,0.9357,0.93559,1.1,1.19
2014.09.09,00:39:55.056,0.9357,0.9356,1.17,1.25
2014.09.09,00:39:55.658,0.9357,0.9356,1,1.25
2014.09.09,00:39:57.391,0.9357,0.9356,1.17,1.25
2014.09.09,00:39:57.896,0.9357,0.93559,1.1,1.19
2014.09.09,00:39:58.666,0.9357,0.93558,1.1,1.39
2014.09.09,00:39:59.712,0.9357,0.9356,1,1.25
2014.09.09,00:39:59.915,0.9357,0.93555,1.1,1.71
2014.09.09,00:40:02.319,0.93569,0.93557,1,1.74
2014.09.09,00:40:04.215,0.9357,0.93557,1.1,1.46
2014.09.09,00:40:04.719,0.9357,0.93557,1,1.46
2014.09.09,00:40:04.932,0.9357,0.9356,1,1.19
2014.09.09,00:40:05.246,0.93571,0.93563,1.65,1.25
2014.09.09,00:40:05.349,0.93572,0.93563,1,1.25
2014.09.09,00:40:05.401,0.93572,0.93561,1,3.26
2014.09.09,00:40:05.502,0.93571,0.93563,1.1,1.19
2014.09.09,00:40:05.807,0.93571,0.93561,1.1,1.25
2014.09.09,00:40:05.959,0.93571,0.93561,1.65,1.25
2014.09.09,00:40:06.162,0.93571,0.93561,1.57,1.25
2014.09.09,00:40:06.843,0.93571,0.9356,1.57,1.25
2014.09.09,00:40:07.667,0.93571,0.9356,1,1.62
2014.09.09,00:40:08.179,0.93571,0.93561,1.1,1.31
2014.09.09,00:40:08.901,0.93571,0.93561,1,1.39
2014.09.09,00:40:09.412,0.93571,0.93561,1,1.46
2014.09.09,00:40:10.350,0.93571,0.93561,1,1.46
2014.09.09,00:40:10.502,0.93573,0.93561,1,2.21
2014.09.09,00:40:11.022,0.93571,0.93562,1,1.56
2014.09.09,00:40:16.942,0.93571,0.93562,1,1.25
2014.09.09,00:40:17.949,0.93571,0.93562,1,1.19
2014.09.09,00:40:22.355,0.93571,0.93561,1,1.01
2014.09.09,00:40:25.201,0.93571,0.93559,1,2.21
2014.09.09,00:40:25.403,0.93571,0.93559,1,2.21
2014.09.09,00:40:26.726,0.93571,0.93559,1,2.21
2014.09.09,00:40:27.249,0.93571,0.93559,1,2.21
2014.09.09,00:40:35.905,0.93571,0.93559,1,2.21
2014.09.09,00:40:36.411,0.93571,0.93559,1,2.21
2014.09.09,00:40:36.954,0.93571,0.93559,1,2.96
2014.09.09,00:40:37.635,0.93571,0.93559,1,2.96
2014.09.09,00:40:40.386,0.93571,0.93559,1,2.96
2014.09.09,00:40:41.578,0.93571,0.93559,1,2.96
2014.09.09,00:40:42.045,0.93571,0.93559,1.17,2.06
2014.09.09,00:40:42.552,0.93571,0.93559,1.12,1.46
2014.09.09,00:40:43.391,0.93571,0.93559,1.01,1.2
2014.09.09,00:40:50.328,0.93571,0.93559,1.1,1.39
2014.09.09,00:40:52.179,0.93571,0.93559,1,2.21
2014.09.09,00:41:11.021,0.93573,0.93559,2.06,1.71
2014.09.09,00:41:21.044,0.93573,0.93559,1.69,1.71
2014.09.09,00:41:21.551,0.93573,0.93559,2.06,1.71
2014.09.09,00:41:22.102,0.93573,0.93559,1.76,1.71
2014.09.09,00:41:22.919,0.93573,0.93559,1.69,1.71
2014.09.09,00:41:23.534,0.93573,0.93561,1.1,2.21
2014.09.09,00:41:23.636,0.93575,0.93561,1.25,2.21
2014.09.09,00:41:24.146,0.93574,0.93562,1,1.84
2014.09.09,00:41:24.654,0.93574,0.93562,1,1.84
2014.09.09,00:41:24.957,0.93571,0.93562,1,1.46
2014.09.09,00:41:28.306,0.93571,0.93561,1,2.21
2014.09.09,00:41:28.458,0.93574,0.93561,1,2.96
2014.09.09,00:41:28.723,0.93571,0.93562,1,1.46
2014.09.09,00:41:29.238,0.93571,0.93561,1,2.21
2014.09.09,00:41:30.513,0.93571,0.93561,1,2.21
2014.09.09,00:41:31.048,0.93571,0.93561,1,2.21
2014.09.09,00:41:41.186,0.93571,0.93562,1,1.46
2014.09.09,00:41:48.079,0.93571,0.93562,1,2.21
2014.09.09,00:41:51.050,0.93571,0.93561,1,1.84
2014.09.09,00:41:58.858,0.93571,0.93559,1,1.71
2014.09.09,00:41:59.473,0.93571,0.93559,1,1.71
2014.09.09,00:42:00.033,0.93571,0.93559,1,1.71
2014.09.09,00:42:12.088,0.93571,0.93559,1,1.76
2014.09.09,00:42:13.261,0.93571,0.93558,1,3.71
2014.09.09,00:42:13.363,0.93571,0.93558,1.4,2.06
2014.09.09,00:42:13.913,0.93571,0.93558,1.09,1.39
2014.09.09,00:42:14.987,0.93571,0.93558,1.25,2.21
2014.09.09,00:42:17.606,0.93571,0.93559,1,1.71
2014.09.09,00:42:18.316,0.93571,0.93559,1,1.74
2014.09.09,00:42:28.681,0.93573,0.93559,1.47,1.74
2014.09.09,00:42:31.989,0.93575,0.93562,2.96,1.07
2014.09.09,00:42:33.725,0.93575,0.93562,2.14,1.01
2014.09.09,00:42:35.608,0.93575,0.93562,2.14,1.32
2014.09.09,00:42:36.217,0.93575,0.93562,2.02,1.1
2014.09.09,00:42:36.933,0.93575,0.93562,1.95,1.17
2014.09.09,00:42:42.143,0.93575,0.93562,1.87,1.4
2014.09.09,00:42:43.631,0.93575,0.93562,2.14,1.4
2014.09.09,00:42:45.255,0.93575,0.93562,1.87,1.84
2014.09.09,00:42:45.762,0.93571,0.93563,1,1.25
2014.09.09,00:42:47.028,0.93571,0.93562,1,1.09
2014.09.09,00:42:52.248,0.93571,0.93562,1,1.32
2014.09.09,00:42:52.825,0.93571,0.93562,1,1.01
2014.09.09,00:43:06.225,0.93571,0.93562,1,1.69
2014.09.09,00:43:14.278,0.93571,0.93562,1,1.25
2014.09.09,00:43:21.301,0.93571,0.93562,1,1.69
2014.09.09,00:43:22.358,0.93571,0.93562,1,1.25
2014.09.09,00:43:24.391,0.93571,0.93562,1,1.69
2014.09.09,00:43:27.156,0.93571,0.93562,1,1.84
2014.09.09,00:43:29.077,0.93571,0.93563,1,1.01
2014.09.09,00:43:32.558,0.93571,0.93559,1,2.4
2014.09.09,00:43:32.659,0.93571,0.93559,1.1,1.01
2014.09.09,00:43:35.827,0.93571,0.93559,1.1,1.39
2014.09.09,00:43:37.525,0.93571,0.93559,1.1,1.01
2014.09.09,00:43:40.777,0.93571,0.93559,1,1.09
2014.09.09,00:43:41.322,0.93571,0.93559,1.1,1.01
2014.09.09,00:43:41.904,0.93571,0.93559,1.1,1.09
2014.09.09,00:43:42.508,0.93571,0.93559,1.1,1.09
2014.09.09,00:43:43.276,0.93571,0.93559,1,1.32
2014.09.09,00:43:43.780,0.93571,0.93559,1,1.25
2014.09.09,00:43:44.497,0.93571,0.93559,1,1.09
2014.09.09,00:43:45.492,0.93571,0.93559,1.1,1.01
2014.09.09,00:43:51.128,0.93573,0.93558,1.09,1.84
2014.09.09,00:43:51.632,0.93573,0.93558,1.4,1.84
2014.09.09,00:43:53.101,0.93573,0.93558,1.4,1.84
2014.09.09,00:43:53.615,0.93573,0.93558,1.4,1.84
2014.09.09,00:43:55.632,0.93573,0.93558,1.84,2.59
2014.09.09,00:43:56.137,0.93573,0.93558,1.84,2.59
2014.09.09,00:44:00.238,0.93573,0.93558,1.84,1.84
2014.09.09,00:44:00.771,0.93572,0.93558,1.36,1.09
2014.09.09,00:44:01.734,0.93572,0.93558,1.34,1.01
2014.09.09,00:44:02.304,0.93572,0.93558,1.36,1.09
2014.09.09,00:44:09.785,0.93572,0.93558,1.39,1.09
2014.09.09,00:44:10.466,0.93572,0.93558,1.26,1.4
2014.09.09,00:44:13.692,0.93572,0.93558,1.39,1.09
2014.09.09,00:44:14.195,0.93572,0.93558,1.36,1.09
2014.09.09,00:44:16.792,0.93573,0.93558,1.84,1.84
2014.09.09,00:44:17.458,0.93573,0.93558,1.84,1.84
2014.09.09,00:44:19.668,0.93573,0.93558,1.84,1.84
2014.09.09,00:44:20.191,0.93573,0.93558,1.84,1.84
2014.09.09,00:44:21.917,0.93573,0.93558,1.84,1.84
2014.09.09,00:44:22.459,0.93573,0.93558,1.84,1.84
2014.09.09,00:44:23.695,0.93573,0.93558,1.84,1.84
2014.09.09,00:44:24.232,0.93573,0.93558,1.76,2.59
2014.09.09,00:44:24.759,0.93573,0.93558,1.69,2.59
2014.09.09,00:44:25.729,0.93573,0.93558,1.84,2.59
2014.09.09,00:44:26.521,0.93573,0.93558,1.76,2.59
2014.09.09,00:44:27.004,0.93573,0.93558,1.69,2.59
2014.09.09,00:44:27.720,0.93574,0.93559,2.44,1.84
2014.09.09,00:44:30.813,0.93574,0.9356,1.69,1.34
2014.09.09,00:44:31.932,0.93574,0.9356,1.69,1.34
2014.09.09,00:44:32.645,0.93574,0.9356,1.69,1.34
2014.09.09,00:44:34.046,0.93574,0.93559,1.5,2.59
2014.09.09,00:44:35.457,0.93574,0.93559,1.5,2.59
2014.09.09,00:44:37.467,0.93574,0.9356,1.69,1.34
2014.09.09,00:44:37.971,0.93574,0.93559,1.5,2.59
2014.09.09,00:44:38.474,0.93574,0.93559,1.5,2.59
2014.09.09,00:44:39.008,0.93574,0.9356,1.69,1.34
2014.09.09,00:44:39.511,0.93574,0.9356,1.69,1.34
2014.09.09,00:44:40.881,0.93574,0.9356,1.25,2.21
2014.09.09,00:44:41.184,0.93575,0.93562,1.69,1.27
2014.09.09,00:44:41.707,0.93575,0.93562,2.06,1.52
2014.09.09,00:44:42.213,0.93575,0.93562,1.25,1.77
2014.09.09,00:44:44.449,0.93575,0.93562,1.31,1.77
2014.09.09,00:44:44.958,0.93575,0.93562,1.31,1.77
2014.09.09,00:44:45.747,0.93575,0.93562,1.31,1.77
2014.09.09,00:44:46.277,0.93575,0.93562,1.31,1.77
2014.09.09,00:44:46.983,0.93575,0.93562,1.31,1.77
2014.09.09,00:44:47.134,0.93575,0.93562,1.31,1.77
2014.09.09,00:44:47.285,0.93575,0.93562,1.31,1.46
2014.09.09,00:44:47.806,0.93575,0.93562,1.31,1.46
2014.09.09,00:44:49.195,0.93575,0.93562,1.31,1.46
2014.09.09,00:44:49.700,0.93575,0.93562,1,3.71
2014.09.09,00:44:49.852,0.93579,0.93567,2.06,1.17
2014.09.09,00:44:50.356,0.93579,0.93567,1.19,1.17
2014.09.09,00:44:50.861,0.9358,0.93567,3.26,1.17
2014.09.09,00:44:51.517,0.9358,0.93567,2.96,1.1
2014.09.09,00:44:51.920,0.9358,0.93567,1.69,1.09
2014.09.09,00:44:52.425,0.93581,0.93569,1.19,1.27
2014.09.09,00:44:52.879,0.93583,0.93569,1.69,2.21
2014.09.09,00:44:56.013,0.93583,0.93569,2.14,2.21
2014.09.09,00:44:56.366,0.93582,0.93569,1.62,1.46
2014.09.09,00:44:57.255,0.93582,0.93569,2.06,1.4
2014.09.09,00:44:58.567,0.93582,0.93569,2.06,1.46
2014.09.09,00:45:00.583,0.93582,0.93569,1.62,1.46
2014.09.09,00:45:01.088,0.93583,0.93569,2.81,1.77
2014.09.09,00:45:01.690,0.93583,0.93572,1.66,1
2014.09.09,00:45:02.299,0.93584,0.93572,2.14,1.1
2014.09.09,00:45:02.818,0.93584,0.93572,1.56,1.17
2014.09.09,00:45:03.390,0.93585,0.93572,2.21,1.1
2014.09.09,00:45:04.225,0.93585,0.93572,2.21,1.1
2014.09.09,00:45:09.827,0.93585,0.93572,1.46,1.47
2014.09.09,00:45:14.505,0.93585,0.93574,1.17,1.37
2014.09.09,00:45:15.031,0.93585,0.93574,1.1,1.37
2014.09.09,00:45:22.128,0.93585,0.93573,1.1,2.14
2014.09.09,00:45:32.418,0.93585,0.93572,1.17,2.14
2014.09.09,00:45:32.923,0.93585,0.93572,1.17,1.56
2014.09.09,00:45:33.893,0.93585,0.93571,1.4,3.56
2014.09.09,00:45:34.503,0.93585,0.93571,1.09,3.64
2014.09.09,00:45:35.334,0.93581,0.93571,1,1.37
2014.09.09,00:45:35.655,0.93581,0.93569,1.15,1.69
2014.09.09,00:45:35.958,0.93579,0.93567,1.65,2
2014.09.09,00:45:36.483,0.93576,0.93565,1,4.01
2014.09.09,00:45:38.193,0.93574,0.93565,1,3.94
2014.09.09,00:45:39.152,0.93576,0.93565,1,3.07
2014.09.09,00:45:39.304,0.93574,0.93565,1,3
2014.09.09,00:45:39.909,0.93574,0.93565,1.17,3
2014.09.09,00:45:40.212,0.93573,0.93565,1.65,3
2014.09.09,00:45:41.047,0.93573,0.93565,1.09,3
2014.09.09,00:45:41.350,0.93571,0.93559,1,5.96
2014.09.09,00:45:43.840,0.93571,0.9356,1,2.59
2014.09.09,00:45:43.891,0.93574,0.9356,1.01,2.96
2014.09.09,00:45:44.096,0.93571,0.9356,1,3.34
2014.09.09,00:45:44.204,0.93571,0.9356,1,2.96
2014.09.09,00:45:47.264,0.93571,0.93561,1,2.21
2014.09.09,00:45:47.941,0.93571,0.93565,1,1.5
2014.09.09,00:45:48.689,0.93571,0.93564,1,2.25
2014.09.09,00:45:49.195,0.93571,0.93561,1,1.71
2014.09.09,00:45:51.938,0.93571,0.93561,1,2.21
2014.09.09,00:45:52.461,0.93571,0.93561,1,2.21
2014.09.09,00:45:52.714,0.93576,0.93567,1,1
2014.09.09,00:45:52.866,0.93578,0.93567,1.24,1
2014.09.09,00:45:52.916,0.93574,0.93564,1,2.96
2014.09.09,00:45:53.495,0.93574,0.93564,1,1.84
2014.09.09,00:45:54.537,0.93574,0.93563,1,1.46
2014.09.09,00:46:07.994,0.93576,0.93563,1.1,2.21
2014.09.09,00:46:08.297,0.93573,0.93563,1,1.46
2014.09.09,00:46:08.654,0.93576,0.93564,1.17,1.25
2014.09.09,00:46:09.666,0.93576,0.93564,1.17,1.69
2014.09.09,00:46:11.816,0.93576,0.93564,1.1,1.76
2014.09.09,00:46:12.318,0.93576,0.93564,1.07,1.69
2014.09.09,00:46:13.020,0.93576,0.93564,1.1,1.76
2014.09.09,00:46:17.630,0.93576,0.93564,1.17,1.69
2014.09.09,00:46:18.533,0.93576,0.93564,1.1,1.76
2014.09.09,00:46:19.063,0.93576,0.93564,1.1,1.01
2014.09.09,00:46:19.607,0.93576,0.93564,1.1,1.76
2014.09.09,00:46:27.495,0.93576,0.93565,1,1.32
2014.09.09,00:46:27.597,0.93576,0.93565,1,1.09
2014.09.09,00:46:27.698,0.93578,0.93567,1.46,1.09
2014.09.09,00:46:28.203,0.93578,0.93567,1.46,1.01
2014.09.09,00:46:28.572,0.93578,0.93567,1.46,1.76
2014.09.09,00:46:29.113,0.93578,0.9357,1.46,1
2014.09.09,00:46:44.799,0.93578,0.9357,1.09,1.62
2014.09.09,00:46:59.430,0.93582,0.9357,2.25,1.37
2014.09.09,00:46:59.958,0.93582,0.9357,1.65,1.37
2014.09.09,00:47:00.614,0.93582,0.9357,1.65,1.37
2014.09.09,00:47:02.983,0.93582,0.9357,1.65,1.62
2014.09.09,00:47:03.658,0.93582,0.9357,1.57,1.39
2014.09.09,00:47:04.317,0.93582,0.9357,1.65,1.62
2014.09.09,00:47:09.091,0.93582,0.9357,1.57,1.39
2014.09.09,00:47:10.309,0.93582,0.9357,1.17,1.62
2014.09.09,00:47:10.714,0.93582,0.9357,1,2.21
2014.09.09,00:47:11.249,0.93582,0.9357,1,2.96
2014.09.09,00:47:14.346,0.93582,0.93571,1,1.46
2014.09.09,00:47:14.853,0.93582,0.93571,1,1.71
2014.09.09,00:47:15.208,0.93582,0.93571,1,1.66
2014.09.09,00:47:16.397,0.93582,0.9357,1,2.96
2014.09.09,00:47:17.577,0.93582,0.9357,1,2.21
2014.09.09,00:47:17.678,0.93582,0.9357,1,2.21
2014.09.09,00:47:18.186,0.93582,0.93571,1,1.15
2014.09.09,00:47:18.742,0.93582,0.93571,1,1.36
2014.09.09,00:47:20.726,0.93582,0.93573,1,1
2014.09.09,00:47:28.746,0.93584,0.93572,1,1.46
2014.09.09,00:47:34.699,0.93584,0.93572,1.2,1.56
2014.09.09,00:47:35.055,0.93583,0.93568,1.77,1.74
2014.09.09,00:47:36.589,0.93583,0.93568,1.84,1.71
2014.09.09,00:47:37.476,0.93583,0.93568,1.84,1.74
2014.09.09,00:47:37.679,0.93583,0.93568,2.96,1.39
2014.09.09,00:47:39.298,0.9358,0.93567,1.17,2.14
2014.09.09,00:47:39.501,0.93582,0.93567,2.81,2.21
2014.09.09,00:47:41.908,0.93582,0.93568,2.06,1.71
2014.09.09,00:47:42.517,0.93582,0.93567,2.02,2.21
2014.09.09,00:47:43.126,0.93582,0.93567,1.95,2.21
2014.09.09,00:47:43.638,0.93582,0.93567,2.02,2.21
2014.09.09,00:47:44.258,0.93582,0.93567,1.12,2.21
2014.09.09,00:47:47.711,0.93582,0.93567,1.27,3.71
2014.09.09,00:47:49.011,0.93582,0.93567,1.2,2.96
2014.09.09,00:47:49.703,0.93582,0.93568,1.09,1.74
2014.09.09,00:47:50.435,0.93582,0.93569,1.1,1.64
2014.09.09,00:47:50.947,0.93582,0.93569,1.17,1.66
2014.09.09,00:47:51.453,0.9358,0.93569,1,1.66
2014.09.09,00:47:53.143,0.93582,0.93568,1.09,2.21
2014.09.09,00:47:53.653,0.93582,0.93568,1.46,2.21
2014.09.09,00:47:57.617,0.93582,0.93568,1.09,2.21
2014.09.09,00:48:00.004,0.93582,0.93569,1.27,1.66
2014.09.09,00:48:00.735,0.93582,0.93568,1.27,1.46
2014.09.09,00:48:01.418,0.93582,0.93568,1.27,1.46
2014.09.09,00:48:01.955,0.93582,0.93568,1.27,1.39
2014.09.09,00:48:02.474,0.93582,0.93568,1.27,1.46
2014.09.09,00:48:05.642,0.93582,0.93568,1.09,2.21
2014.09.09,00:48:16.984,0.93579,0.93568,1,1.74
2014.09.09,00:48:17.513,0.93579,0.93568,1,1.74
2014.09.09,00:48:21.672,0.93579,0.93568,1,1.74
2014.09.09,00:48:22.178,0.93579,0.93568,1,1.74
2014.09.09,00:48:26.853,0.93579,0.93568,1,1.74
2014.09.09,00:48:27.789,0.93579,0.93566,1.1,2.96
2014.09.09,00:48:36.020,0.93579,0.93567,1.12,1.71
2014.09.09,00:48:37.605,0.93579,0.93567,1.12,1.74
2014.09.09,00:48:39.022,0.93579,0.93567,1.12,1.71
2014.09.09,00:48:39.694,0.93579,0.93567,1.12,1.74
2014.09.09,00:48:41.621,0.93581,0.93567,1.39,1.74
2014.09.09,00:48:42.148,0.93581,0.93567,2.21,1.74
2014.09.09,00:48:48.725,0.93581,0.93567,2.14,1.71
2014.09.09,00:48:49.285,0.93581,0.93567,2.21,1.74
2014.09.09,00:48:49.922,0.93581,0.93566,2.89,2.96
2014.09.09,00:48:52.452,0.93581,0.93566,2.02,2.96
2014.09.09,00:48:52.954,0.93581,0.93566,1.95,2.96
2014.09.09,00:48:55.558,0.93581,0.93567,2.21,1.66
2014.09.09,00:48:56.762,0.93581,0.93567,2.14,1.71
2014.09.09,00:48:59.723,0.93581,0.93567,2.21,1.74
2014.09.09,00:49:00.224,0.93581,0.93567,2.14,1.71
2014.09.09,00:49:01.730,0.93581,0.93567,2.14,1.71
2014.09.09,00:49:03.972,0.93581,0.93568,1.57,1.74
2014.09.09,00:49:05.730,0.93581,0.93568,1.57,1.84
2014.09.09,00:49:06.236,0.93581,0.93569,1,1.77
2014.09.09,00:49:06.691,0.93583,0.93569,1.57,1.77
2014.09.09,00:49:07.197,0.93583,0.9357,1,1.74
2014.09.09,00:49:07.727,0.93584,0.9357,1.01,1.71
2014.09.09,00:49:08.233,0.93585,0.93571,2.59,1.74
2014.09.09,00:49:08.743,0.93585,0.93571,2.59,1.74
2014.09.09,00:49:09.349,0.93585,0.93571,2.51,1.71
2014.09.09,00:49:10.132,0.93585,0.93572,2.4,1.39
2014.09.09,00:49:10.673,0.93585,0.93572,2.4,2.14
2014.09.09,00:49:11.179,0.93585,0.93573,2.25,1.74
2014.09.09,00:49:22.278,0.93585,0.93573,1,1.74
2014.09.09,00:49:22.870,0.93585,0.93573,1,1.74
2014.09.09,00:49:23.124,0.93588,0.93574,1,2.21
2014.09.09,00:49:23.377,0.93589,0.93575,3.34,1.46
2014.09.09,00:49:23.530,0.93589,0.93575,3.34,1.7
2014.09.09,00:49:23.886,0.93589,0.93575,3.34,1.62
2014.09.09,00:49:24.190,0.93589,0.93575,2.59,2.21
2014.09.09,00:49:24.393,0.93589,0.93575,2.59,2.14
2014.09.09,00:49:25.693,0.93589,0.93575,2.59,2.21
2014.09.09,00:49:26.198,0.93589,0.93575,1.84,2.14
2014.09.09,00:49:26.913,0.93589,0.93575,2.59,2.14
2014.09.09,00:49:29.503,0.93587,0.93575,1,2.21
2014.09.09,00:49:29.808,0.93589,0.93576,1.57,1.64
2014.09.09,00:50:12.491,0.93589,0.93577,1.57,1.56
2014.09.09,00:50:13.014,0.93589,0.93577,1.57,1.66
2014.09.09,00:50:13.710,0.93589,0.93577,1.65,1.56
2014.09.09,00:50:14.298,0.93589,0.93577,1.57,1.66
2014.09.09,00:50:23.315,0.93591,0.93576,2.96,1.74
2014.09.09,00:50:23.759,0.93591,0.93576,2.96,1.74
2014.09.09,00:50:24.300,0.93591,0.93577,1.77,1.66
2014.09.09,00:50:25.453,0.93591,0.93577,1.7,1.64
2014.09.09,00:50:26.248,0.93591,0.93577,1.46,1.76
2014.09.09,00:50:27.651,0.93592,0.93577,5.21,1.64
2014.09.09,00:50:28.177,0.93592,0.93577,5.21,1.66
2014.09.09,00:50:29.058,0.93591,0.93577,1.46,1.74
2014.09.09,00:50:29.867,0.93591,0.93577,1.46,1.74
2014.09.09,00:50:30.374,0.9359,0.93577,1.2,1.74
2014.09.09,00:50:30.683,0.9359,0.93577,1.57,1.39
2014.09.09,00:50:30.836,0.93588,0.93575,1.2,1.39
2014.09.09,00:50:30.886,0.93588,0.93575,1.57,1.39
2014.09.09,00:50:31.797,0.93588,0.93575,2.02,1.66
2014.09.09,00:50:32.126,0.93584,0.93572,1.12,3.52
2014.09.09,00:50:32.431,0.93583,0.93572,1.17,1
2014.09.09,00:50:33.090,0.93584,0.93572,1.15,1
2014.09.09,00:50:33.596,0.93584,0.93571,1.15,1.69
2014.09.09,00:50:33.697,0.93584,0.93571,1.2,1.69
2014.09.09,00:50:33.799,0.93584,0.93571,1.15,1.69
2014.09.09,00:50:34.103,0.93584,0.93571,1.27,2.06
2014.09.09,00:50:34.306,0.93584,0.93571,1.27,2.81
2014.09.09,00:50:34.909,0.93584,0.93571,1.2,2.89
2014.09.09,00:50:36.390,0.93582,0.93571,1,1.66
2014.09.09,00:50:44.430,0.93582,0.9357,1,3.71
2014.09.09,00:50:44.531,0.93585,0.93571,1.1,2.96
2014.09.09,00:50:44.734,0.93586,0.93575,1.65,1
2014.09.09,00:50:44.835,0.93587,0.93575,2.14,1.1
2014.09.09,00:50:45.342,0.93587,0.93575,2.21,1
2014.09.09,00:50:46.615,0.93587,0.93575,1.95,1.01
2014.09.09,00:50:46.970,0.93587,0.93575,2.02,1.25
2014.09.09,00:50:47.274,0.93585,0.93573,2.02,1.25
2014.09.09,00:50:54.003,0.93585,0.93573,2.21,1
2014.09.09,00:50:56.042,0.93585,0.93573,2.21,1
2014.09.09,00:50:56.548,0.93585,0.93573,2.21,1
2014.09.09,00:50:57.309,0.93585,0.93573,2.21,1
2014.09.09,00:50:57.614,0.93577,0.93567,1.1,1
2014.09.09,00:50:57.665,0.93575,0.93565,1,1.46
2014.09.09,00:50:57.968,0.93575,0.93563,1.1,1.1
2014.09.09,00:50:58.145,0.93577,0.93565,3.34,1
2014.09.09,00:51:00.738,0.93577,0.93565,3.71,1
2014.09.09,00:51:08.075,0.93577,0.93565,3.71,1
2014.09.09,00:51:12.698,0.93575,0.93563,1.17,1.25
2014.09.09,00:51:13.003,0.93577,0.93565,4.46,1
2014.09.09,00:51:16.842,0.93576,0.93565,1.46,1
2014.09.09,00:51:17.095,0.93572,0.9356,1.37,2.44
2014.09.09,00:51:17.811,0.93572,0.9356,2.77,1
2014.09.09,00:51:18.166,0.93569,0.93558,1.47,2.47
2014.09.09,00:51:18.673,0.93569,0.93558,1.47,1.5
2014.09.09,00:51:22.564,0.93569,0.93558,1.47,1
2014.09.09,00:51:30.010,0.93569,0.93558,1.37,1
2014.09.09,00:51:31.013,0.93569,0.93558,1.12,1
2014.09.09,00:51:31.268,0.93571,0.9356,1.74,1
2014.09.09,00:51:31.622,0.93571,0.9356,1.71,1
2014.09.09,00:51:32.694,0.93572,0.9356,3.71,1
2014.09.09,00:51:33.407,0.93572,0.9356,2.96,1
2014.09.09,00:51:44.981,0.93572,0.9356,3.34,1
2014.09.09,00:51:52.192,0.93572,0.9356,2.96,1
2014.09.09,00:51:52.777,0.93572,0.9356,4.09,1
2014.09.09,00:51:53.311,0.93572,0.9356,3.71,1
2014.09.09,00:51:56.093,0.93572,0.9356,2.96,1
2014.09.09,00:51:56.695,0.93572,0.9356,2.96,1
2014.09.09,00:51:58.604,0.93572,0.9356,2.96,1
2014.09.09,00:51:59.131,0.93572,0.9356,2.96,1
2014.09.09,00:52:03.050,0.93571,0.9356,1.46,1
2014.09.09,00:52:03.664,0.93572,0.9356,3.71,1
2014.09.09,00:52:04.272,0.93572,0.9356,3.71,1
2014.09.09,00:52:04.938,0.93572,0.9356,3.71,1
2014.09.09,00:52:05.090,0.93572,0.9356,3.71,1
2014.09.09,00:52:05.656,0.93572,0.9356,3.71,1
2014.09.09,00:52:07.845,0.93572,0.9356,3.71,1
2014.09.09,00:52:24.367,0.93571,0.9356,1.46,1
2014.09.09,00:52:24.868,0.93571,0.9356,1.46,1
2014.09.09,00:52:28.819,0.93572,0.9356,2.96,1
2014.09.09,00:52:29.407,0.93572,0.9356,2.96,1
2014.09.09,00:52:31.306,0.93572,0.93557,2.21,1.76
2014.09.09,00:52:33.024,0.93572,0.93557,2.21,2.21
2014.09.09,00:52:33.819,0.93572,0.93557,2.21,2.06
2014.09.09,00:52:34.343,0.93572,0.93557,2.21,1.76
2014.09.09,00:52:38.026,0.93572,0.93557,1.36,2.14
2014.09.09,00:52:38.531,0.93572,0.93558,1.46,1.09
2014.09.09,00:52:39.391,0.93573,0.93558,2.02,1.4
2014.09.09,00:52:39.595,0.93573,0.93558,1.95,1.09
2014.09.09,00:52:40.470,0.93573,0.93559,1.7,1.26
2014.09.09,00:52:40.572,0.93573,0.93559,1.7,1.26
2014.09.09,00:52:58.510,0.93574,0.93559,2.21,1.32
2014.09.09,00:52:59.594,0.93574,0.9356,2.21,1.39
2014.09.09,00:53:00.520,0.93574,0.9356,2.21,1.29
2014.09.09,00:53:01.482,0.93569,0.93558,1,1.46
2014.09.09,00:53:01.988,0.93569,0.93558,1,1.34
2014.09.09,00:53:03.291,0.93569,0.93557,1,3.71
2014.09.09,00:53:04.314,0.93569,0.93557,1,3.71
2014.09.09,00:53:05.204,0.93569,0.93558,1,1.46
2014.09.09,00:53:05.786,0.93569,0.93558,1,1.36
2014.09.09,00:53:06.293,0.93569,0.93558,1,1.46
2014.09.09,00:53:06.809,0.93569,0.93558,1,1.71
2014.09.09,00:53:07.567,0.93569,0.93559,1.37,1.34
2014.09.09,00:53:08.072,0.93569,0.93559,1.12,1.34
2014.09.09,00:53:09.639,0.93569,0.93558,1,1.46
2014.09.09,00:53:09.842,0.93569,0.93558,1,1.46
2014.09.09,00:53:10.371,0.93569,0.93558,1.12,1.4
2014.09.09,00:53:10.877,0.93569,0.93558,1,1.46
2014.09.09,00:53:11.410,0.93569,0.93558,1,1.71
2014.09.09,00:53:12.119,0.93569,0.93558,1.12,1.36
2014.09.09,00:53:12.630,0.93569,0.93558,1.37,1.36
2014.09.09,00:53:13.147,0.93569,0.93558,1,1.34
2014.09.09,00:53:13.655,0.93569,0.93558,1.37,1.34
2014.09.09,00:53:14.682,0.93569,0.93558,1.12,1.36
2014.09.09,00:53:16.560,0.93569,0.93559,1,1.46
2014.09.09,00:53:17.066,0.93569,0.93559,1,1.46
2014.09.09,00:53:22.253,0.93569,0.93558,1,1.34
2014.09.09,00:53:27.973,0.93569,0.93557,1,4.46
2014.09.09,00:53:28.581,0.93569,0.93557,1,5.21
2014.09.09,00:53:29.132,0.93569,0.93558,1,1.84
2014.09.09,00:53:30.296,0.93569,0.93558,1,1.34
2014.09.09,00:53:30.803,0.93569,0.93558,1,1.46
2014.09.09,00:53:32.252,0.93569,0.93558,1,1.34
2014.09.09,00:53:32.806,0.93569,0.93558,1,1.34
2014.09.09,00:53:33.881,0.93569,0.93557,1,4.09
2014.09.09,00:53:34.387,0.93569,0.93557,1,4.46
2014.09.09,00:53:34.971,0.93569,0.93557,1,4.09
2014.09.09,00:53:35.484,0.93569,0.93557,1,4.09
2014.09.09,00:53:36.504,0.93569,0.93557,1,5.21
2014.09.09,00:53:37.267,0.93569,0.93558,1,1.36
2014.09.09,00:53:38.065,0.93569,0.93558,1,1.36
2014.09.09,00:53:38.668,0.93569,0.93558,1,1.36
2014.09.09,00:53:39.215,0.93569,0.93558,1,1.36
2014.09.09,00:53:40.387,0.93569,0.93557,1,4.09
2014.09.09,00:53:40.691,0.93569,0.93557,1,4.09
2014.09.09,00:53:41.215,0.93569,0.93558,1,1.36
