Time,Ask,Bid,AskVolume,BidVolume,
2014.09.09,00:00:00.110,106.13,106.126,1,2.25
2014.09.09,00:00:00.615,106.128,106.125,1,3
2014.09.09,00:00:01.121,106.127,106.124,2.25,1
2014.09.09,00:00:01.440,106.124,106.121,1,1
2014.09.09,00:00:01.747,106.121,106.119,3.75,1
2014.09.09,00:00:02.101,106.111,106.109,1,1.5
2014.09.09,00:00:02.152,106.111,106.108,2.25,1.5
2014.09.09,00:00:02.203,106.108,106.105,1,1.5
2014.09.09,00:00:02.254,106.107,106.105,1,1.5
2014.09.09,00:00:02.458,106.105,106.104,1,1
2014.09.09,00:00:02.762,106.104,106.103,3.37,1
2014.09.09,00:00:03.067,106.098,106.095,1,1.5
2014.09.09,00:00:03.423,106.099,106.096,1,4.5
2014.09.09,00:00:03.626,106.096,106.093,1,1.5
2014.09.09,00:00:04.131,106.097,106.094,1,1
2014.09.09,00:00:04.434,106.097,106.092,1,1.5
2014.09.09,00:00:04.536,106.098,106.094,3,1
2014.09.09,00:00:05.244,106.099,106.094,3,2.25
2014.09.09,00:00:05.547,106.097,106.096,1,1
2014.09.09,00:00:05.800,106.1,106.097,1.5,1
2014.09.09,00:00:06.309,106.101,106.099,1,1
2014.09.09,00:00:06.461,106.103,106.101,1,1
2014.09.09,00:00:06.664,106.108,106.104,3,3.75
2014.09.09,00:00:07.169,106.108,106.106,1,1
2014.09.09,00:00:07.422,106.11,106.107,1.5,1.5
2014.09.09,00:00:07.674,106.11,106.109,1,1
2014.09.09,00:00:07.927,106.113,106.11,1.5,1
2014.09.09,00:00:08.281,106.111,106.109,1,1
2014.09.09,00:00:08.382,106.112,106.108,1,1
2014.09.09,00:00:08.433,106.112,106.111,1,1
2014.09.09,00:00:09.039,106.111,106.109,1,1.5
2014.09.09,00:00:10.345,106.11,106.108,1,1
2014.09.09,00:00:10.446,106.112,106.107,1.5,1.5
2014.09.09,00:00:10.547,106.11,106.107,1,1.5
2014.09.09,00:00:11.759,106.113,106.109,2.44,1
2014.09.09,00:00:11.861,106.113,106.111,1,1
2014.09.09,00:00:12.012,106.115,106.112,2.25,1.5
2014.09.09,00:00:12.214,106.116,106.115,1.5,1
2014.09.09,00:00:12.316,106.118,106.115,1.5,1.25
2014.09.09,00:00:12.771,106.117,106.115,1,1
2014.09.09,00:00:12.923,106.118,106.114,1,1.5
2014.09.09,00:00:13.276,106.116,106.115,1,1.5
2014.09.09,00:00:13.529,106.115,106.113,1.5,1.5
2014.09.09,00:00:13.680,106.113,106.11,1,4.5
2014.09.09,00:00:14.233,106.112,106.11,1,1
2014.09.09,00:00:14.385,106.11,106.109,1,1
2014.09.09,00:00:14.890,106.11,106.108,1,1
2014.09.09,00:00:15.395,106.11,106.107,1,2.25
2014.09.09,00:00:15.749,106.108,106.106,1,1
2014.09.09,00:00:16.052,106.105,106.103,1,2.25
2014.09.09,00:00:16.826,106.11,106.104,8.62,1
2014.09.09,00:00:17.595,106.108,106.105,2.44,1
2014.09.09,00:00:17.696,106.106,106.105,1,1
2014.09.09,00:00:18.150,106.106,106.103,1.5,1
2014.09.09,00:00:18.654,106.106,106.104,1,1
2014.09.09,00:00:19.194,106.106,106.103,1,2.25
2014.09.09,00:00:20.463,106.107,106.103,1.5,2.25
2014.09.09,00:00:20.980,106.106,106.104,1,1
2014.09.09,00:00:21.486,106.106,106.103,1.5,1.5
2014.09.09,00:00:21.840,106.103,106.101,1,1
2014.09.09,00:00:21.891,106.103,106.1,2.25,1
2014.09.09,00:00:22.093,106.101,106.1,1,1
2014.09.09,00:00:22.346,106.101,106.097,3,1
2014.09.09,00:00:22.397,106.099,106.096,1,3
2014.09.09,00:00:22.800,106.097,106.096,1,1
2014.09.09,00:00:23.306,106.098,106.096,1,1
2014.09.09,00:00:24.316,106.097,106.096,1,1
2014.09.09,00:00:24.568,106.099,106.095,3.75,1
2014.09.09,00:00:24.670,106.099,106.097,3,1
2014.09.09,00:00:25.331,106.098,106.097,1,1
2014.09.09,00:00:25.862,106.098,106.096,2.44,1
2014.09.09,00:00:25.963,106.097,106.094,2.25,1
2014.09.09,00:00:26.115,106.097,106.096,1,1
2014.09.09,00:00:26.621,106.098,106.096,1,1
2014.09.09,00:00:26.823,106.1,106.096,1,1.5
2014.09.09,00:00:27.329,106.101,106.097,1.69,1.5
2014.09.09,00:00:27.531,106.101,106.099,1,1
2014.09.09,00:00:27.683,106.103,106.1,1.69,1
2014.09.09,00:00:28.794,106.104,106.102,1.69,1
2014.09.09,00:00:29.299,106.104,106.102,1.69,1
2014.09.09,00:00:29.913,106.104,106.101,1.69,1
2014.09.09,00:00:30.422,106.103,106.1,2.44,1
2014.09.09,00:00:31.355,106.103,106.1,2.44,1
2014.09.09,00:00:31.658,106.1,106.098,1,1.5
2014.09.09,00:00:32.686,106.1,106.098,1,1.5
2014.09.09,00:00:33.195,106.1,106.099,1,1
2014.09.09,00:00:33.296,106.102,106.099,1,2.5
2014.09.09,00:00:33.347,106.102,106.099,1.5,1
2014.09.09,00:00:33.398,106.099,106.097,1,1
2014.09.09,00:00:33.801,106.099,106.095,1,3
2014.09.09,00:00:34.220,106.1,106.097,1.25,1
2014.09.09,00:00:34.743,106.099,106.097,1,1.5
2014.09.09,00:00:34.898,106.099,106.096,1,1.5
2014.09.09,00:00:35.202,106.099,106.097,2.25,1
2014.09.09,00:00:35.454,106.098,106.095,1.25,4.5
2014.09.09,00:00:36.112,106.097,106.095,1,1.5
2014.09.09,00:00:36.617,106.098,106.095,1,1
2014.09.09,00:00:37.137,106.099,106.095,1.5,1.5
2014.09.09,00:00:37.595,106.096,106.095,1,1
2014.09.09,00:00:37.646,106.096,106.093,1.5,2.44
2014.09.09,00:00:38.152,106.097,106.094,1,2.25
2014.09.09,00:00:39.011,106.096,106.093,1.5,1.5
2014.09.09,00:00:39.516,106.097,106.093,3.94,2.25
2014.09.09,00:00:39.871,106.094,106.092,1,1.25
2014.09.09,00:00:40.325,106.095,106.093,1,3
2014.09.09,00:00:41.686,106.095,106.094,1,1
2014.09.09,00:00:42.191,106.096,106.093,3.19,1.5
2014.09.09,00:00:42.697,106.095,106.093,2.25,1.5
2014.09.09,00:00:43.317,106.093,106.09,1,1.69
2014.09.09,00:00:43.368,106.093,106.09,1,2.44
2014.09.09,00:00:43.874,106.092,106.09,1,2.25
2014.09.09,00:00:44.429,106.092,106.091,1,1
2014.09.09,00:00:46.379,106.093,106.091,1,1
2014.09.09,00:00:46.895,106.094,106.092,1,1
2014.09.09,00:00:48.022,106.094,106.091,1,3.75
2014.09.09,00:00:48.541,106.094,106.092,1.5,1
2014.09.09,00:00:49.376,106.095,106.093,1.25,1
2014.09.09,00:00:49.908,106.095,106.093,1.69,1
2014.09.09,00:00:50.211,106.098,106.096,1,1
2014.09.09,00:00:50.363,106.1,106.097,1.5,1
2014.09.09,00:00:50.515,106.101,106.099,1,1
2014.09.09,00:00:51.020,106.102,106.099,1,2.25
2014.09.09,00:00:51.323,106.104,106.1,2.25,1.5
2014.09.09,00:00:51.727,106.105,106.103,1.5,1
2014.09.09,00:00:51.980,106.107,106.103,2.44,2.25
2014.09.09,00:00:52.031,106.107,106.105,1.5,1
2014.09.09,00:00:52.486,106.107,106.103,1.5,3.19
2014.09.09,00:00:52.991,106.106,106.103,1,1
2014.09.09,00:00:53.495,106.105,106.102,1,1
2014.09.09,00:00:54.051,106.104,106.102,1,1
2014.09.09,00:00:54.152,106.103,106.1,1,2.25
2014.09.09,00:00:54.659,106.102,106.099,1,2.25
2014.09.09,00:00:55.164,106.101,106.097,1.5,1
2014.09.09,00:00:55.215,106.101,106.099,3,1
2014.09.09,00:00:55.318,106.099,106.096,2.44,1
2014.09.09,00:00:55.419,106.097,106.095,1,1
2014.09.09,00:00:55.975,106.097,106.094,2.25,1.5
2014.09.09,00:00:56.834,106.096,106.094,1,1.5
2014.09.09,00:00:57.339,106.097,106.094,2.44,1
2014.09.09,00:00:57.945,106.095,106.094,1,1
2014.09.09,00:00:58.450,106.094,106.09,2.25,1
2014.09.09,00:00:58.551,106.091,106.089,1,1
2014.09.09,00:00:58.602,106.09,106.087,1.5,1.5
2014.09.09,00:00:58.653,106.088,106.086,1,2.25
2014.09.09,00:00:58.855,106.09,106.086,2.44,1.5
2014.09.09,00:00:59.814,106.087,106.086,1,1
2014.09.09,00:01:00.132,106.085,106.082,1.5,1.5
2014.09.09,00:01:00.385,106.084,106.082,1,1.5
2014.09.09,00:01:01.664,106.085,106.082,1,2.25
2014.09.09,00:01:01.765,106.087,106.083,3.19,1.5
2014.09.09,00:01:02.270,106.087,106.084,2.44,1
2014.09.09,00:01:02.775,106.087,106.083,2.25,3.75
2014.09.09,00:01:03.280,106.087,106.084,1,1
2014.09.09,00:01:03.784,106.088,106.084,1,3
2014.09.09,00:01:04.290,106.088,106.085,1,1
2014.09.09,00:01:04.796,106.089,106.085,3.94,1
2014.09.09,00:01:05.301,106.089,106.086,3.19,1
2014.09.09,00:01:07.118,106.09,106.087,2.44,1
2014.09.09,00:01:07.623,106.091,106.087,2.44,1.5
2014.09.09,00:01:08.166,106.091,106.087,1.5,1
2014.09.09,00:01:08.671,106.092,106.087,3.94,1.5
2014.09.09,00:01:09.203,106.092,106.088,3.94,1
2014.09.09,00:01:09.732,106.092,106.088,3.94,1
2014.09.09,00:01:10.239,106.092,106.089,3.19,1
2014.09.09,00:01:11.620,106.091,106.087,1.25,3
2014.09.09,00:01:12.142,106.091,106.088,1.25,1
2014.09.09,00:01:12.547,106.092,106.09,1,1.5
2014.09.09,00:01:12.850,106.094,106.092,1,1
2014.09.09,00:01:13.002,106.096,106.092,3,1
2014.09.09,00:01:13.103,106.096,106.094,1.5,1
2014.09.09,00:01:13.356,106.099,106.096,2.25,1
2014.09.09,00:01:13.609,106.1,106.098,3.19,1
2014.09.09,00:01:13.913,106.102,106.101,1,1
2014.09.09,00:01:14.116,106.104,106.102,1.25,1.5
2014.09.09,00:01:14.621,106.105,106.102,3.94,1
2014.09.09,00:01:15.128,106.105,106.103,3.94,1
2014.09.09,00:01:15.633,106.105,106.102,3.94,2.25
2014.09.09,00:01:16.146,106.104,106.101,1,1
2014.09.09,00:01:16.348,106.102,106.1,1,1
2014.09.09,00:01:16.652,106.098,106.095,1.25,1
2014.09.09,00:01:16.703,106.096,106.095,1.25,1
2014.09.09,00:01:17.240,106.097,106.095,1,1
2014.09.09,00:01:17.745,106.098,106.096,1.69,1.5
2014.09.09,00:01:18.251,106.096,106.093,1,1
2014.09.09,00:01:18.353,106.094,106.093,1,1
2014.09.09,00:01:18.404,106.094,106.091,1,1
2014.09.09,00:01:18.505,106.092,106.09,1,1
2014.09.09,00:01:19.011,106.093,106.089,1.5,1
2014.09.09,00:01:19.668,106.093,106.09,1.5,1
2014.09.09,00:01:21.520,106.094,106.091,1.69,1
2014.09.09,00:01:21.672,106.096,106.092,6.19,1
2014.09.09,00:01:21.723,106.096,106.094,5.44,1
2014.09.09,00:01:21.927,106.098,106.094,1.25,1
2014.09.09,00:01:22.331,106.098,106.096,1,1.5
2014.09.09,00:01:22.433,106.1,106.096,1.69,2.25
2014.09.09,00:01:22.534,106.101,106.098,3.94,1
2014.09.09,00:01:22.788,106.103,106.099,1.25,1.5
2014.09.09,00:01:23.298,106.104,106.099,2.44,3
2014.09.09,00:01:23.551,106.104,106.101,1.25,1
2014.09.09,00:01:23.703,106.106,106.102,3.94,1.5
2014.09.09,00:01:27.610,106.105,106.102,1,1
2014.09.09,00:01:29.023,106.105,106.101,1.5,1.69
2014.09.09,00:01:29.124,106.102,106.101,3.37,1
2014.09.09,00:01:29.276,106.101,106.098,1.5,1.25
2014.09.09,00:01:29.377,106.101,106.096,1.5,3.19
2014.09.09,00:01:29.580,106.099,106.096,3.75,1.69
2014.09.09,00:01:30.087,106.099,106.095,6,2.25
2014.09.09,00:01:32.535,106.099,106.096,2.25,1
2014.09.09,00:01:33.041,106.1,106.097,5.81,1.5
2014.09.09,00:01:34.805,106.1,106.098,1.5,1
2014.09.09,00:01:35.388,106.1,106.097,2.25,2.25
2014.09.09,00:01:36.196,106.099,106.097,1,1
2014.09.09,00:01:36.701,106.1,106.097,2.25,1
2014.09.09,00:01:37.206,106.099,106.096,1,1.5
2014.09.09,00:01:37.509,106.1,106.098,3,1
2014.09.09,00:01:37.712,106.102,106.098,3.75,2.25
2014.09.09,00:01:38.217,106.101,106.098,1,1
2014.09.09,00:01:38.723,106.102,106.098,3,1
2014.09.09,00:01:39.229,106.102,106.099,1,1
2014.09.09,00:01:39.381,106.103,106.101,3.19,1
2014.09.09,00:01:39.533,106.105,106.101,2.25,1.5
2014.09.09,00:01:39.584,106.105,106.103,1,1
2014.09.09,00:01:40.090,106.106,106.103,1,1.5
2014.09.09,00:01:40.393,106.104,106.102,1.5,1
2014.09.09,00:01:40.494,106.102,106.099,1,1
2014.09.09,00:01:40.646,106.101,106.097,1.5,3.94
2014.09.09,00:01:42.237,106.1,106.097,1,1
2014.09.09,00:01:42.591,106.099,106.095,1.69,1
2014.09.09,00:01:42.642,106.096,106.094,1.25,1
2014.09.09,00:01:42.692,106.095,106.092,1,2.25
2014.09.09,00:01:42.743,106.093,106.09,1,2.25
2014.09.09,00:01:43.248,106.092,106.09,1.25,1
2014.09.09,00:01:43.450,106.091,106.087,1,1.69
2014.09.09,00:01:44.208,106.091,106.088,1,1
2014.09.09,00:01:44.663,106.093,106.089,2.44,1
2014.09.09,00:01:45.218,106.093,106.09,1.69,1
2014.09.09,00:01:45.734,106.093,106.088,2.44,3.19
2014.09.09,00:01:46.241,106.092,106.088,1,3.19
2014.09.09,00:01:47.380,106.093,106.088,3.19,2.44
2014.09.09,00:01:48.346,106.093,106.089,1.69,1
2014.09.09,00:01:48.855,106.094,106.091,2.25,1
2014.09.09,00:01:49.783,106.093,106.091,1,1
2014.09.09,00:01:50.301,106.094,106.091,1,1
2014.09.09,00:01:51.824,106.093,106.091,1,1
2014.09.09,00:01:54.779,106.093,106.092,1,1
2014.09.09,00:01:55.284,106.093,106.091,1,1
2014.09.09,00:01:56.447,106.095,106.091,3.75,1
2014.09.09,00:01:58.076,106.095,106.092,1.25,1
2014.09.09,00:01:58.228,106.097,106.094,1,1
2014.09.09,00:01:58.431,106.1,106.096,1,1.5
2014.09.09,00:01:58.937,106.1,106.097,1,1.5
2014.09.09,00:01:59.038,106.098,106.095,1,1.5
2014.09.09,00:01:59.341,106.096,106.093,1,2.25
2014.09.09,00:02:01.233,106.095,106.093,1,1.5
2014.09.09,00:02:01.486,106.094,106.091,1,2.44
2014.09.09,00:02:01.991,106.094,106.09,1.5,3.19
2014.09.09,00:02:02.647,106.093,106.09,1,1
2014.09.09,00:02:02.749,106.091,106.088,1,1.5
2014.09.09,00:02:03.253,106.091,106.087,1,1.25
2014.09.09,00:02:03.758,106.091,106.087,7.69,1
2014.09.09,00:02:04.263,106.09,106.086,1.25,1
2014.09.09,00:02:04.567,106.085,106.082,1,2.25
2014.09.09,00:02:05.072,106.084,106.082,1,1
2014.09.09,00:02:05.375,106.082,106.078,3,2.25
2014.09.09,00:02:05.553,106.08,106.076,1,5.25
2014.09.09,00:02:06.059,106.08,106.077,1,1
2014.09.09,00:02:06.565,106.081,106.076,2.44,1.25
2014.09.09,00:02:07.070,106.081,106.077,3.19,1.5
2014.09.09,00:02:07.574,106.081,106.078,2.44,1.5
2014.09.09,00:02:09.645,106.081,106.079,1,1
2014.09.09,00:02:10.150,106.082,106.078,2.44,1
2014.09.09,00:02:11.288,106.081,106.078,1,1
2014.09.09,00:02:12.259,106.082,106.078,3.19,1.5
2014.09.09,00:02:14.254,106.083,106.079,1.69,1.5
2014.09.09,00:02:14.759,106.082,106.079,1,1.5
2014.09.09,00:02:18.101,106.081,106.078,1,1.5
2014.09.09,00:02:18.606,106.081,106.077,1.69,1
2014.09.09,00:02:21.277,106.081,106.077,6.19,1
2014.09.09,00:02:22.633,106.08,106.076,1.69,1.5
2014.09.09,00:02:28.081,106.08,106.077,1.5,1
2014.09.09,00:02:28.485,106.082,106.078,6.94,1
2014.09.09,00:02:28.990,106.082,106.079,3.94,1
2014.09.09,00:02:29.509,106.081,106.079,1,1
2014.09.09,00:02:30.057,106.08,106.079,1,1
2014.09.09,00:02:30.529,106.081,106.077,2.25,1.5
2014.09.09,00:02:31.049,106.081,106.078,2.25,1
2014.09.09,00:02:31.150,106.079,106.078,1,1
2014.09.09,00:02:31.879,106.081,106.078,1.5,1
2014.09.09,00:02:37.538,106.081,106.08,1,1
2014.09.09,00:02:37.689,106.083,106.08,1.69,1
2014.09.09,00:02:39.070,106.082,106.08,1,1
2014.09.09,00:02:42.278,106.082,106.079,1,1.5
2014.09.09,00:02:42.885,106.083,106.079,1.5,1.5
2014.09.09,00:02:45.309,106.082,106.079,1,1.5
2014.09.09,00:02:56.581,106.081,106.078,1,1.5
2014.09.09,00:02:56.783,106.08,106.076,1,3
2014.09.09,00:02:58.202,106.08,106.077,1,1
2014.09.09,00:02:59.497,106.081,106.077,2.44,1.5
2014.09.09,00:03:00.113,106.08,106.077,1,1
2014.09.09,00:03:00.618,106.079,106.077,1,1
2014.09.09,00:03:01.635,106.08,106.079,1,1
2014.09.09,00:03:01.686,106.081,106.079,1.5,1
2014.09.09,00:03:02.705,106.082,106.079,1,1.5
2014.09.09,00:03:04.114,106.081,106.079,1,1
2014.09.09,00:03:04.622,106.082,106.079,1.69,1
2014.09.09,00:03:08.896,106.082,106.078,2.25,3.19
2014.09.09,00:03:09.098,106.08,106.078,1,1
2014.09.09,00:03:09.604,106.081,106.078,1.5,1
2014.09.09,00:03:10.854,106.08,106.078,1,1
2014.09.09,00:03:11.360,106.081,106.078,1.25,1
2014.09.09,00:03:12.435,106.08,106.078,1,1
2014.09.09,00:03:12.940,106.08,106.077,1,1
2014.09.09,00:03:13.647,106.081,106.078,1.25,1
2014.09.09,00:03:14.157,106.082,106.078,3,1
2014.09.09,00:03:15.179,106.082,106.079,3,1
2014.09.09,00:03:15.280,106.082,106.077,1.5,1.5
2014.09.09,00:03:15.748,106.082,106.079,2.25,1
2014.09.09,00:03:16.253,106.081,106.077,1.5,2.25
2014.09.09,00:03:16.779,106.08,106.076,3,5.62
2014.09.09,00:03:17.538,106.079,106.076,1,2.25
2014.09.09,00:03:21.102,106.078,106.076,1.25,1
2014.09.09,00:03:24.418,106.079,106.076,1.69,1.5
2014.09.09,00:03:28.132,106.079,106.077,1,1
2014.09.09,00:03:29.205,106.078,106.077,1,1
2014.09.09,00:03:29.256,106.078,106.075,1,4.5
2014.09.09,00:03:29.610,106.078,106.076,1.69,1
2014.09.09,00:03:31.261,106.079,106.077,1.5,1
2014.09.09,00:03:34.374,106.08,106.077,3.19,1
2014.09.09,00:03:36.381,106.079,106.077,1.5,1
2014.09.09,00:03:36.432,106.079,106.075,2.25,2.25
2014.09.09,00:03:36.584,106.077,106.075,1,1
2014.09.09,00:03:37.089,106.075,106.072,1,2.25
2014.09.09,00:03:37.494,106.077,106.075,1.25,1
2014.09.09,00:03:38.000,106.078,106.075,3.94,1
2014.09.09,00:03:38.908,106.078,106.074,2.44,3.75
2014.09.09,00:03:40.557,106.077,106.074,1.25,3.75
2014.09.09,00:03:42.554,106.078,106.074,2.44,3
2014.09.09,00:03:43.560,106.077,106.074,1.25,3
2014.09.09,00:03:44.985,106.076,106.074,1,1
2014.09.09,00:03:45.339,106.075,106.072,1.69,2.25
2014.09.09,00:03:45.844,106.074,106.072,1.5,1
2014.09.09,00:03:46.955,106.073,106.072,1,1
2014.09.09,00:03:47.460,106.073,106.071,1,1
2014.09.09,00:03:47.965,106.073,106.07,1,1.69
2014.09.09,00:03:48.541,106.072,106.069,1,1.69
2014.09.09,00:03:49.046,106.073,106.07,3.19,1
2014.09.09,00:03:49.603,106.073,106.07,4.69,1
2014.09.09,00:03:53.332,106.072,106.068,1.69,1
2014.09.09,00:03:56.734,106.072,106.067,1.5,2.25
2014.09.09,00:03:57.452,106.07,106.067,1,1.5
2014.09.09,00:03:59.919,106.072,106.07,1,3.37
2014.09.09,00:04:00.071,106.073,106.07,1,4.12
2014.09.09,00:04:00.273,106.072,106.07,1,1
2014.09.09,00:04:00.579,106.071,106.068,1,3
2014.09.09,00:04:01.087,106.071,106.067,2.25,6
2014.09.09,00:04:02.277,106.07,106.067,1,1.69
2014.09.09,00:04:03.922,106.07,106.066,1.5,7.12
2014.09.09,00:04:04.428,106.069,106.066,1,5.25
2014.09.09,00:04:04.986,106.07,106.066,1.69,5.25
2014.09.09,00:04:05.491,106.069,106.065,1.25,7.12
2014.09.09,00:04:05.956,106.069,106.068,1.25,1
2014.09.09,00:04:06.057,106.069,106.066,1.25,1.5
2014.09.09,00:04:06.764,106.069,106.065,1.69,7.12
2014.09.09,00:04:07.286,106.069,106.066,1.69,1
2014.09.09,00:04:08.013,106.069,106.065,1.19,6.37
2014.09.09,00:04:08.629,106.069,106.066,1.25,1
2014.09.09,00:04:09.163,106.069,106.066,1.19,1
2014.09.09,00:04:10.134,106.069,106.066,1.25,1
2014.09.09,00:04:12.021,106.069,106.065,2.44,6
2014.09.09,00:04:13.135,106.068,106.065,1.25,6.75
2014.09.09,00:04:13.640,106.068,106.066,1.25,1
2014.09.09,00:04:14.146,106.069,106.065,2.44,6.75
2014.09.09,00:04:17.210,106.069,106.066,1.69,1
2014.09.09,00:04:19.150,106.07,106.066,3.19,5.62
2014.09.09,00:04:21.096,106.07,106.067,2.44,1
2014.09.09,00:04:21.603,106.07,106.066,2.25,5.62
2014.09.09,00:04:22.253,106.07,106.067,1.5,1
2014.09.09,00:04:23.682,106.07,106.068,1,1
2014.09.09,00:04:23.834,106.072,106.069,1.25,1
2014.09.09,00:04:24.339,106.071,106.069,1,1
2014.09.09,00:04:24.844,106.072,106.069,1,1
2014.09.09,00:04:26.766,106.073,106.069,2.25,1
2014.09.09,00:04:27.757,106.073,106.069,4.69,1
2014.09.09,00:04:33.659,106.072,106.067,1.69,8.44
2014.09.09,00:04:34.265,106.071,106.067,1,7.69
2014.09.09,00:04:34.619,106.069,106.067,1,6.19
2014.09.09,00:04:35.124,106.07,106.067,2.25,3.94
2014.09.09,00:04:35.883,106.071,106.067,3.94,3.75
2014.09.09,00:04:36.389,106.07,106.067,1,3.75
2014.09.09,00:04:37.522,106.069,106.067,1,3.75
2014.09.09,00:04:37.775,106.071,106.067,2.44,3.75
2014.09.09,00:04:37.926,106.069,106.067,1,3.75
2014.09.09,00:04:39.751,106.07,106.067,1.5,4.5
2014.09.09,00:04:40.273,106.071,106.067,3.75,4.5
2014.09.09,00:04:40.627,106.071,106.069,1.5,1
2014.09.09,00:04:40.729,106.072,106.068,1.69,4.5
2014.09.09,00:04:42.519,106.072,106.07,1.5,1
2014.09.09,00:04:42.771,106.073,106.069,5.25,1
2014.09.09,00:04:42.873,106.071,106.068,1,2.25
2014.09.09,00:04:43.176,106.073,106.07,2.25,1
2014.09.09,00:04:44.869,106.073,106.069,3.94,4.5
2014.09.09,00:04:44.921,106.072,106.067,3.19,3.19
2014.09.09,00:04:45.425,106.071,106.068,1.5,1
2014.09.09,00:04:46.959,106.071,106.067,2.25,3.94
2014.09.09,00:04:47.469,106.072,106.068,2.44,3
2014.09.09,00:04:49.279,106.071,106.068,1,2.25
2014.09.09,00:04:50.134,106.071,106.069,1,1.5
2014.09.09,00:04:50.236,106.073,106.07,2.44,1.5
2014.09.09,00:04:50.743,106.073,106.071,1.69,1
2014.09.09,00:04:51.766,106.073,106.07,1,1
2014.09.09,00:04:54.164,106.073,106.069,1.69,7.5
2014.09.09,00:04:58.271,106.073,106.071,1,1
2014.09.09,00:04:58.624,106.075,106.071,1.5,1.5
2014.09.09,00:04:58.826,106.076,106.074,5.62,1
2014.09.09,00:04:59.079,106.079,106.076,1.25,1
2014.09.09,00:04:59.181,106.081,106.076,1.69,2.44
2014.09.09,00:04:59.699,106.08,106.076,1,1
2014.09.09,00:05:00.463,106.081,106.077,1.69,1
2014.09.09,00:05:01.136,106.081,106.077,1,1
2014.09.09,00:05:02.489,106.081,106.078,1,1
2014.09.09,00:05:02.693,106.083,106.079,1,1
2014.09.09,00:05:02.895,106.083,106.082,1,1
2014.09.09,00:05:02.996,106.084,106.08,3.75,2.25
2014.09.09,00:05:04.585,106.084,106.081,2.25,1
2014.09.09,00:05:05.090,106.084,106.08,2.25,2.25
2014.09.09,00:05:05.598,106.085,106.081,3.19,2.25
2014.09.09,00:05:05.749,106.085,106.083,3.19,1
2014.09.09,00:05:06.170,106.087,106.083,3.19,2.25
2014.09.09,00:05:06.523,106.087,106.085,2.25,1
2014.09.09,00:05:06.675,106.089,106.085,6.19,3
2014.09.09,00:05:07.385,106.088,106.084,1,3.94
2014.09.09,00:05:07.890,106.089,106.085,6.19,1
2014.09.09,00:05:08.397,106.089,106.086,5.44,1
2014.09.09,00:05:08.901,106.089,106.086,3.75,1
2014.09.09,00:05:09.406,106.088,106.086,1,1
2014.09.09,00:05:09.912,106.089,106.085,6.19,3
2014.09.09,00:05:10.416,106.089,106.086,4.69,1
2014.09.09,00:05:11.633,106.089,106.085,1.69,3
2014.09.09,00:05:13.485,106.087,106.085,1.5,1
2014.09.09,00:05:13.999,106.088,106.084,1,3
2014.09.09,00:05:14.403,106.088,106.086,1,1
2014.09.09,00:05:14.910,106.089,106.085,6.19,3
2014.09.09,00:05:15.458,106.089,106.086,5.44,1
2014.09.09,00:05:17.084,106.09,106.086,3.94,2.25
2014.09.09,00:05:17.387,106.091,106.089,1,2.87
2014.09.09,00:05:17.438,106.093,106.091,3,1
2014.09.09,00:05:17.590,106.095,106.092,2.25,2.62
2014.09.09,00:05:18.700,106.096,106.092,1.5,2.62
2014.09.09,00:05:19.498,106.095,106.093,1,1
2014.09.09,00:05:20.114,106.096,106.094,1,1
2014.09.09,00:05:20.216,106.095,106.092,1,1.5
2014.09.09,00:05:20.722,106.094,106.092,1,1
2014.09.09,00:05:22.432,106.096,106.092,2.25,1
2014.09.09,00:05:22.988,106.096,106.093,2.25,1
2014.09.09,00:05:23.140,106.095,106.091,1,1.5
2014.09.09,00:05:23.646,106.094,106.091,1,1
2014.09.09,00:05:25.313,106.094,106.09,1,7.5
2014.09.09,00:05:25.866,106.094,106.09,1,8.44
2014.09.09,00:05:26.617,106.094,106.09,1,8.44
2014.09.09,00:05:28.730,106.093,106.09,1,3.94
2014.09.09,00:05:30.514,106.093,106.089,1.5,4.69
2014.09.09,00:05:31.019,106.093,106.09,1,1
2014.09.09,00:05:31.531,106.092,106.089,1.5,2.44
2014.09.09,00:05:32.145,106.093,106.089,1.5,3.19
2014.09.09,00:05:32.671,106.092,106.089,1.5,2.44
2014.09.09,00:05:33.180,106.091,106.089,1.5,1.69
2014.09.09,00:05:35.225,106.092,106.089,1.5,1
2014.09.09,00:05:41.611,106.094,106.089,5.44,1.25
2014.09.09,00:05:41.712,106.092,106.089,1,1.25
2014.09.09,00:05:49.109,106.092,106.088,1.5,4.69
2014.09.09,00:05:49.632,106.092,106.089,1,1
2014.09.09,00:05:53.113,106.092,106.088,1.5,4.69
2014.09.09,00:06:11.865,106.091,106.088,1,1.5
2014.09.09,00:06:12.370,106.09,106.087,1,2.25
2014.09.09,00:06:12.673,106.086,106.083,1.5,1.5
2014.09.09,00:06:12.976,106.084,106.081,1,1.69
2014.09.09,00:06:13.481,106.083,106.08,1.5,1
2014.09.09,00:06:13.986,106.083,106.079,2.25,2.25
2014.09.09,00:06:14.441,106.08,106.079,1,1
2014.09.09,00:06:14.493,106.079,106.077,1,1.5
2014.09.09,00:06:14.997,106.079,106.076,2.25,3.37
2014.09.09,00:06:15.149,106.078,106.074,3.19,2.25
2014.09.09,00:06:15.250,106.076,106.074,1,1.5
2014.09.09,00:06:15.604,106.075,106.072,1,1
2014.09.09,00:06:16.109,106.074,106.071,3.19,1
2014.09.09,00:06:16.707,106.074,106.07,3.94,1.5
2014.09.09,00:06:17.214,106.073,106.069,1.25,6.75
2014.09.09,00:06:17.730,106.073,106.07,1.25,1
2014.09.09,00:06:20.814,106.073,106.071,1.25,1
2014.09.09,00:06:22.033,106.073,106.069,1.25,4.5
2014.09.09,00:06:22.540,106.074,106.07,2.44,1.5
2014.09.09,00:06:23.047,106.074,106.071,3.19,1
2014.09.09,00:06:23.604,106.074,106.07,3.19,1
2014.09.09,00:06:24.109,106.073,106.07,1,1.5
2014.09.09,00:06:25.220,106.073,106.071,1,1
2014.09.09,00:06:25.728,106.074,106.072,1,1
2014.09.09,00:06:26.084,106.074,106.07,1.69,2.25
2014.09.09,00:06:26.590,106.073,106.07,1,2.25
2014.09.09,00:06:27.148,106.073,106.071,1.69,1
2014.09.09,00:06:27.659,106.074,106.071,1.25,2.25
2014.09.09,00:06:32.110,106.074,106.07,1.5,6.75
2014.09.09,00:06:32.614,106.074,106.071,3.19,1
2014.09.09,00:06:33.260,106.074,106.072,2.25,1
2014.09.09,00:06:33.361,106.074,106.07,1,6.75
2014.09.09,00:06:33.564,106.075,106.072,1.5,1
2014.09.09,00:06:36.059,106.075,106.07,4.69,5.81
2014.09.09,00:06:36.891,106.075,106.071,3.94,3.75
2014.09.09,00:06:37.396,106.074,106.071,1.25,3.75
2014.09.09,00:06:37.904,106.074,106.07,1.25,5.62
2014.09.09,00:06:38.505,106.075,106.07,6.19,5.62
2014.09.09,00:06:39.516,106.075,106.071,3.94,1
2014.09.09,00:06:40.285,106.074,106.071,1.25,1
2014.09.09,00:06:41.266,106.074,106.071,2.44,1
2014.09.09,00:06:42.309,106.074,106.071,2.44,1
2014.09.09,00:06:44.280,106.075,106.071,2.44,1
2014.09.09,00:06:45.504,106.075,106.072,2.44,1
2014.09.09,00:06:46.009,106.077,106.074,1.25,1
2014.09.09,00:06:46.515,106.077,106.075,1.25,4.5
2014.09.09,00:06:47.020,106.078,106.076,1,1
2014.09.09,00:06:47.575,106.079,106.076,1.69,1
2014.09.09,00:06:48.080,106.08,106.077,1.69,1
2014.09.09,00:06:48.588,106.08,106.076,2.44,2.25
2014.09.09,00:06:49.278,106.08,106.077,1,1
2014.09.09,00:06:49.783,106.08,106.076,1,3
2014.09.09,00:06:50.694,106.079,106.076,1.69,1.5
2014.09.09,00:06:52.715,106.08,106.076,1.69,1.5
2014.09.09,00:06:53.222,106.079,106.076,1,1.5
2014.09.09,00:06:53.728,106.08,106.077,1,2.25
2014.09.09,00:06:54.283,106.081,106.077,1.69,1.5
2014.09.09,00:06:54.839,106.081,106.078,1.5,1
2014.09.09,00:06:55.646,106.082,106.078,2.44,3
2014.09.09,00:06:56.159,106.083,106.079,4.69,1.5
2014.09.09,00:06:57.951,106.082,106.079,1,1
2014.09.09,00:06:58.582,106.083,106.078,6.19,5.81
2014.09.09,00:06:59.092,106.083,106.079,3.94,1
2014.09.09,00:07:00.488,106.082,106.079,1,1.25
2014.09.09,00:07:01.497,106.082,106.078,1,1.69
2014.09.09,00:07:01.800,106.08,106.078,1,1
2014.09.09,00:07:02.304,106.081,106.078,1,1
2014.09.09,00:07:05.821,106.082,106.078,1.5,1.5
2014.09.09,00:07:06.213,106.08,106.078,1,1
2014.09.09,00:07:06.947,106.08,106.077,1,2.44
2014.09.09,00:07:09.446,106.079,106.077,1,2.44
2014.09.09,00:07:09.547,106.081,106.077,1.5,2.44
2014.09.09,00:07:10.953,106.079,106.077,1,2.44
2014.09.09,00:07:11.469,106.08,106.077,1,1.69
2014.09.09,00:07:13.093,106.079,106.076,1,6.19
2014.09.09,00:07:13.397,106.076,106.075,1,1
2014.09.09,00:07:13.448,106.076,106.073,1,2.25
2014.09.09,00:07:13.953,106.076,106.072,2.25,4.31
2014.09.09,00:07:23.244,106.075,106.072,1.5,5.44
2014.09.09,00:07:23.754,106.073,106.071,1.5,3.37
2014.09.09,00:07:24.007,106.072,106.069,2.25,1.5
2014.09.09,00:07:24.512,106.072,106.07,1.5,1
2014.09.09,00:07:25.017,106.073,106.07,1.69,1.5
2014.09.09,00:07:26.728,106.074,106.071,1.25,1.5
2014.09.09,00:07:27.283,106.075,106.071,6.94,2.25
2014.09.09,00:07:27.741,106.075,106.073,1,1.5
2014.09.09,00:07:28.270,106.076,106.074,1,1
2014.09.09,00:07:28.883,106.078,106.074,4.69,1
2014.09.09,00:07:29.659,106.078,106.075,1.25,1.5
2014.09.09,00:07:30.164,106.079,106.076,1.25,1
2014.09.09,00:07:44.598,106.079,106.075,1.5,3
2014.09.09,00:07:45.617,106.079,106.076,1,1
2014.09.09,00:07:46.122,106.079,106.075,1,3
2014.09.09,00:07:47.519,106.079,106.076,1,1
2014.09.09,00:07:48.021,106.079,106.075,1.5,3
2014.09.09,00:07:48.534,106.078,106.075,1,1.5
2014.09.09,00:07:49.210,106.079,106.075,1,1.5
2014.09.09,00:07:49.817,106.078,106.075,1,1.5
2014.09.09,00:07:50.298,106.079,106.078,1,1
2014.09.09,00:07:50.400,106.079,106.075,1,2.25
2014.09.09,00:07:50.908,106.08,106.075,1.5,2.25
2014.09.09,00:07:51.419,106.08,106.076,1.5,1
2014.09.09,00:07:52.348,106.08,106.077,1.5,1.5
2014.09.09,00:07:52.450,106.08,106.079,1,1
2014.09.09,00:07:52.603,106.082,106.079,3.19,1
2014.09.09,00:07:54.289,106.082,106.078,3.75,1.5
2014.09.09,00:07:54.491,106.08,106.077,1,1
2014.09.09,00:07:54.997,106.081,106.077,2.25,1.5
2014.09.09,00:07:56.183,106.081,106.078,1,1
2014.09.09,00:07:56.689,106.082,106.079,1,1.5
2014.09.09,00:07:57.220,106.083,106.079,4.69,2.25
2014.09.09,00:07:57.549,106.083,106.081,3,1
2014.09.09,00:07:57.701,106.086,106.082,9.75,1
2014.09.09,00:07:57.903,106.088,106.084,3.19,1
2014.09.09,00:07:58.409,106.088,106.084,1.69,1
2014.09.09,00:07:58.815,106.086,106.084,1,1
2014.09.09,00:08:02.587,106.085,106.083,1,1.69
2014.09.09,00:08:03.092,106.086,106.083,2.25,1
2014.09.09,00:08:03.599,106.086,106.084,1.5,1
2014.09.09,00:08:05.248,106.087,106.084,2.25,1
2014.09.09,00:08:06.119,106.087,106.083,2.25,5.25
2014.09.09,00:08:14.514,106.087,106.084,2.25,1
2014.09.09,00:08:15.170,106.087,106.083,3,6
2014.09.09,00:08:16.701,106.087,106.084,2.25,1
2014.09.09,00:08:21.383,106.087,106.085,1.5,1
2014.09.09,00:08:21.736,106.089,106.085,4.69,5.62
2014.09.09,00:08:22.241,106.088,106.084,1.5,3.19
2014.09.09,00:08:22.746,106.088,106.084,1,3
2014.09.09,00:08:23.453,106.088,106.085,1,1
2014.09.09,00:08:26.391,106.088,106.086,1,1
2014.09.09,00:08:27.867,106.089,106.086,2.25,1
2014.09.09,00:08:29.380,106.088,106.086,1,1.5
2014.09.09,00:08:30.357,106.09,106.086,3.75,1.5
2014.09.09,00:08:32.578,106.089,106.086,1,2.44
2014.09.09,00:08:32.881,106.089,106.088,1,1.5
2014.09.09,00:08:33.033,106.092,106.088,3.19,1.5
2014.09.09,00:08:34.044,106.092,106.089,1,1
2014.09.09,00:08:34.550,106.093,106.089,2.44,1
2014.09.09,00:08:36.480,106.092,106.089,1,1
2014.09.09,00:08:37.000,106.093,106.089,3.19,1.5
2014.09.09,00:08:37.512,106.092,106.089,1,1
2014.09.09,00:08:38.023,106.092,106.088,2.25,4.69
2014.09.09,00:08:38.781,106.092,106.089,1.5,1
2014.09.09,00:08:39.286,106.092,106.088,2.25,4.69
2014.09.09,00:08:40.605,106.092,106.089,1.5,1
2014.09.09,00:08:41.117,106.092,106.09,1.5,1
2014.09.09,00:08:45.302,106.091,106.09,1,1
2014.09.09,00:08:45.453,106.09,106.088,1,1
2014.09.09,00:08:50.558,106.09,106.089,1,1
2014.09.09,00:08:50.710,106.093,106.089,3.75,1.5
2014.09.09,00:08:51.218,106.093,106.09,1,3
2014.09.09,00:08:57.915,106.093,106.092,1,1
2014.09.09,00:08:58.270,106.095,106.093,1.5,1
2014.09.09,00:08:58.833,106.094,106.091,1.5,4.69
2014.09.09,00:09:00.259,106.095,106.093,1,1
2014.09.09,00:09:00.821,106.096,106.094,1,1
2014.09.09,00:09:00.922,106.097,106.095,1,1.5
2014.09.09,00:09:01.024,106.099,106.096,2.25,1
2014.09.09,00:09:01.125,106.1,106.098,1,1
2014.09.09,00:09:01.785,106.101,106.099,1.5,1
2014.09.09,00:09:01.886,106.103,106.1,2.25,1
2014.09.09,00:09:02.140,106.104,106.102,1,1
2014.09.09,00:09:02.242,106.106,106.103,6,1
2014.09.09,00:09:02.343,106.108,106.104,1.5,1.5
2014.09.09,00:09:02.394,106.109,106.106,5.25,1
2014.09.09,00:09:02.647,106.111,106.107,6.37,1
2014.09.09,00:09:02.900,106.111,106.109,1.5,1
2014.09.09,00:09:03.254,106.113,106.109,5.44,2.25
2014.09.09,00:09:03.355,106.114,106.111,7.39,1
2014.09.09,00:09:03.457,106.113,106.109,1.5,3.94
2014.09.09,00:09:03.558,106.113,106.111,1,1
2014.09.09,00:09:03.861,106.111,106.107,4.87,2.44
2014.09.09,00:09:04.064,106.106,106.104,1.5,1
2014.09.09,00:09:04.311,106.104,106.102,1,1
2014.09.09,00:09:04.362,106.104,106.102,1,1
2014.09.09,00:09:04.867,106.103,106.102,4.5,1
2014.09.09,00:09:04.918,106.101,106.098,1,1.5
2014.09.09,00:09:07.493,106.1,106.099,1,1
2014.09.09,00:09:07.594,106.102,106.1,1.5,1
2014.09.09,00:09:08.099,106.103,106.102,1,1.5
2014.09.09,00:09:08.301,106.103,106.102,1,1
2014.09.09,00:09:08.352,106.106,106.103,3,1
2014.09.09,00:09:08.403,106.105,106.103,1,1
2014.09.09,00:09:09.487,106.106,106.103,3.19,1
2014.09.09,00:09:10.043,106.104,106.103,1,1
2014.09.09,00:09:10.548,106.105,106.103,1.5,1
2014.09.09,00:09:11.558,106.106,106.104,1,1
2014.09.09,00:09:11.684,106.107,106.105,2.25,1
2014.09.09,00:09:11.836,106.109,106.106,1.5,2.44
2014.09.09,00:09:12.342,106.11,106.106,3.75,1.69
2014.09.09,00:09:15.146,106.109,106.106,1,3.19
2014.09.09,00:09:16.906,106.109,106.107,1.5,1
2014.09.09,00:09:17.007,106.111,106.108,1.5,1
2014.09.09,00:09:17.512,106.113,106.111,1.5,1
2014.09.09,00:09:18.017,106.114,106.112,0.14,6.19
2014.09.09,00:09:18.522,106.114,106.113,0.14,1
2014.09.09,00:09:19.053,106.114,106.113,0.14,1
2014.09.09,00:09:19.205,106.112,106.11,1.5,1
2014.09.09,00:09:19.392,106.114,106.111,2.14,1
2014.09.09,00:09:19.746,106.114,106.113,0.14,1
2014.09.09,00:09:20.050,106.114,106.113,0.14,2.25
2014.09.09,00:09:20.151,106.114,106.113,0.14,1.25
2014.09.09,00:09:20.253,106.114,106.113,0.14,1
2014.09.09,00:09:20.354,106.124,106.121,4.12,1.25
2014.09.09,00:09:20.657,106.123,106.119,1,2.44
2014.09.09,00:09:20.860,106.121,106.119,1,1
2014.09.09,00:09:21.364,106.122,106.119,1,1.25
2014.09.09,00:09:21.870,106.123,106.119,2.25,1.25
2014.09.09,00:09:22.381,106.123,106.12,1.5,1.69
2014.09.09,00:09:22.532,106.125,106.121,2.25,3
2014.09.09,00:09:23.038,106.126,106.122,1,1.69
2014.09.09,00:09:23.674,106.126,106.122,1,2.44
2014.09.09,00:09:23.775,106.123,106.122,3.75,1.5
2014.09.09,00:09:24.079,106.122,106.12,1,1
2014.09.09,00:09:24.382,106.124,106.121,4.5,1
2014.09.09,00:09:24.635,106.126,106.122,2.44,1
2014.09.09,00:09:25.155,106.125,106.122,1,1.5
2014.09.09,00:09:25.997,106.123,106.122,1.5,1
2014.09.09,00:09:26.099,106.121,106.12,1,1
2014.09.09,00:09:26.554,106.124,106.12,2.25,1
2014.09.09,00:09:26.706,106.122,106.119,1,1
2014.09.09,00:09:27.063,106.124,106.12,6.19,1.5
2014.09.09,00:09:27.567,106.124,106.121,5.44,1
2014.09.09,00:09:28.275,106.125,106.121,6.37,1.5
2014.09.09,00:09:28.478,106.123,106.121,1,1
2014.09.09,00:09:28.630,106.121,106.118,4.12,2.25
2014.09.09,00:09:28.883,106.123,106.119,1.5,1
2014.09.09,00:09:29.489,106.122,106.119,1,1.5
2014.09.09,00:09:29.743,106.12,106.119,1,1
2014.09.09,00:09:29.996,106.123,106.119,2.25,1.5
2014.09.09,00:09:30.958,106.122,106.119,1,1
2014.09.09,00:09:32.630,106.12,106.119,1,1
2014.09.09,00:09:33.135,106.12,106.118,1.5,1
2014.09.09,00:09:33.894,106.119,106.116,1,3.94
2014.09.09,00:09:34.046,106.118,106.116,1.5,1.25
2014.09.09,00:09:34.249,106.116,106.115,1,1
2014.09.09,00:09:34.301,106.116,106.113,1,1
2014.09.09,00:09:34.554,106.114,106.112,1,1
2014.09.09,00:09:34.655,106.114,106.11,3,3
2014.09.09,00:09:34.807,106.112,106.11,1,2.25
2014.09.09,00:09:35.134,106.109,106.107,1,1.25
2014.09.09,00:09:35.438,106.106,106.104,2.5,1
2014.09.09,00:09:35.489,106.105,106.104,1,1.5
2014.09.09,00:09:35.641,106.104,106.102,1,1
2014.09.09,00:09:35.743,106.102,106.101,1,1
2014.09.09,00:09:36.249,106.102,106.1,1,1
2014.09.09,00:09:36.351,106.101,106.098,1,1.25
2014.09.09,00:09:36.964,106.1,106.097,1.5,1.69
2014.09.09,00:09:37.268,106.098,106.097,1.5,1
2014.09.09,00:09:37.773,106.098,106.096,1.5,1
2014.09.09,00:09:38.278,106.099,106.096,1.5,1
2014.09.09,00:09:40.155,106.1,106.096,1.69,2.25
2014.09.09,00:09:40.661,106.099,106.096,1,1.5
2014.09.09,00:09:41.166,106.098,106.096,1,1
2014.09.09,00:09:41.671,106.099,106.095,1.5,1
2014.09.09,00:09:42.527,106.097,106.094,1.5,1
2014.09.09,00:09:42.629,106.096,106.092,2.25,1.5
2014.09.09,00:09:42.730,106.095,106.092,1.69,1
2014.09.09,00:09:42.983,106.092,106.089,1.69,1
2014.09.09,00:09:43.186,106.091,106.087,3,1
2014.09.09,00:09:43.237,106.091,106.085,2.25,3.94
2014.09.09,00:09:43.742,106.09,106.086,1,1
2014.09.09,00:09:45.243,106.09,106.087,1,1
2014.09.09,00:09:46.004,106.091,106.087,1.5,1.5
2014.09.09,00:09:46.307,106.091,106.089,1.69,1.5
2014.09.09,00:09:46.610,106.094,106.092,1.5,1
2014.09.09,00:09:46.866,106.098,106.095,1,2.44
2014.09.09,00:09:47.017,106.1,106.095,3.94,2.44
2014.09.09,00:09:47.270,106.1,106.097,1.25,1
2014.09.09,00:09:47.775,106.101,106.097,1.69,1.5
2014.09.09,00:09:51.893,106.1,106.097,1,1.5
2014.09.09,00:09:52.495,106.099,106.097,1,1.5
2014.09.09,00:09:53.417,106.099,106.096,1,1.25
2014.09.09,00:09:54.695,106.101,106.096,4.69,1
2014.09.09,00:09:56.127,106.098,106.096,1,1
2014.09.09,00:09:56.178,106.097,106.094,1,2.25
2014.09.09,00:09:56.329,106.095,106.093,1,1.5
2014.09.09,00:09:56.842,106.096,106.093,1.25,1.5
2014.09.09,00:09:57.509,106.095,106.093,1,1.5
2014.09.09,00:09:58.557,106.095,106.094,1.5,1
2014.09.09,00:09:58.810,106.097,106.095,1,1
2014.09.09,00:09:58.861,106.099,106.095,4.12,1
2014.09.09,00:09:59.380,106.098,106.094,1,3.75
2014.09.09,00:10:00.309,106.098,106.095,1.5,1
2014.09.09,00:10:00.815,106.097,106.095,1,1
2014.09.09,00:10:01.336,106.096,106.095,1,1
2014.09.09,00:10:01.388,106.096,106.093,2.25,2.25
2014.09.09,00:10:01.590,106.095,106.091,2.44,2.25
2014.09.09,00:10:02.098,106.094,106.09,1,3.94
2014.09.09,00:10:03.618,106.094,106.091,1,1
2014.09.09,00:10:04.124,106.094,106.09,3,3
2014.09.09,00:10:04.629,106.094,106.091,2.25,2.25
2014.09.09,00:10:06.363,106.093,106.091,1,1
2014.09.09,00:10:07.171,106.094,106.091,1.69,1
2014.09.09,00:10:15.779,106.094,106.09,3.19,2.25
2014.09.09,00:10:17.909,106.093,106.09,1,1.5
2014.09.09,00:10:18.010,106.092,106.088,2.25,2.25
2014.09.09,00:10:18.531,106.091,106.088,1.5,1
2014.09.09,00:10:19.039,106.09,106.088,1,1
2014.09.09,00:10:23.499,106.091,106.088,1,1
2014.09.09,00:10:25.502,106.092,106.088,1.5,2.25
2014.09.09,00:10:33.437,106.091,106.088,1,2.25
2014.09.09,00:10:35.456,106.092,106.088,2.25,3
2014.09.09,00:10:35.756,106.09,106.088,1,1.5
2014.09.09,00:10:36.618,106.091,106.088,1,1.5
2014.09.09,00:10:38.648,106.091,106.088,1,2.25
2014.09.09,00:10:39.258,106.092,106.088,1.25,2.25
2014.09.09,00:10:41.362,106.091,106.088,1,2.25
2014.09.09,00:10:41.864,106.092,106.088,3.94,1.5
2014.09.09,00:10:42.369,106.092,106.088,4.69,1.5
2014.09.09,00:10:44.955,106.091,106.087,1.5,2.25
2014.09.09,00:10:46.128,106.09,106.087,1,1.5
2014.09.09,00:10:48.123,106.091,106.087,3,1.5
2014.09.09,00:10:48.628,106.092,106.088,3.19,1.5
2014.09.09,00:10:49.133,106.091,106.088,1.5,1
2014.09.09,00:10:49.799,106.092,106.088,3.94,1
2014.09.09,00:10:51.079,106.091,106.088,1,1
2014.09.09,00:10:51.608,106.091,106.087,1,3.19
2014.09.09,00:10:52.137,106.092,106.088,3.19,1
2014.09.09,00:10:52.920,106.091,106.087,1,3.19
2014.09.09,00:10:53.727,106.092,106.088,3.94,1
2014.09.09,00:10:54.229,106.092,106.087,3.94,1.69
2014.09.09,00:10:55.589,106.091,106.087,1,1.5
2014.09.09,00:10:55.892,106.088,106.086,1,1
2014.09.09,00:10:56.397,106.089,106.085,1.5,2.25
2014.09.09,00:10:56.701,106.087,106.084,1.5,1.5
2014.09.09,00:10:58.281,106.086,106.084,1,1.5
2014.09.09,00:10:58.787,106.086,106.084,1,1
2014.09.09,00:10:58.838,106.087,106.085,1,1
2014.09.09,00:10:59.354,106.088,106.086,2.25,1
2014.09.09,00:10:59.899,106.088,106.085,2.25,1
2014.09.09,00:11:00.505,106.087,106.085,1.5,1
2014.09.09,00:11:30.405,106.088,106.085,2.44,1
2014.09.09,00:11:44.852,106.089,106.085,1,1.5
2014.09.09,00:11:45.358,106.089,106.086,1,1
2014.09.09,00:11:46.972,106.089,106.085,2.25,3
2014.09.09,00:11:47.569,106.089,106.086,1.5,1
2014.09.09,00:11:48.277,106.089,106.085,2.44,3
2014.09.09,00:11:49.201,106.089,106.086,2.44,1
2014.09.09,00:11:49.917,106.089,106.085,3.19,3
2014.09.09,00:11:50.442,106.089,106.086,2.44,1
2014.09.09,00:11:51.878,106.089,106.085,2.44,2.25
2014.09.09,00:11:52.909,106.089,106.086,2.44,1
2014.09.09,00:11:53.727,106.089,106.085,3.19,2.25
2014.09.09,00:11:54.591,106.089,106.086,1.69,1
2014.09.09,00:11:55.116,106.089,106.085,1.69,1.5
2014.09.09,00:11:55.805,106.089,106.086,1.69,1
2014.09.09,00:11:56.412,106.089,106.085,1.69,1.5
2014.09.09,00:11:58.513,106.089,106.086,1.69,1.5
2014.09.09,00:11:58.715,106.087,106.085,2.25,1
2014.09.09,00:11:58.766,106.087,106.083,3,3.19
2014.09.09,00:11:59.023,106.087,106.085,2.25,1
2014.09.09,00:11:59.529,106.088,106.085,3.19,1
2014.09.09,00:12:00.051,106.087,106.085,1,1
2014.09.09,00:12:00.312,106.085,106.082,1.5,1.5
2014.09.09,00:12:00.413,106.083,106.08,1,2.44
2014.09.09,00:12:01.222,106.083,106.082,1,1
2014.09.09,00:12:01.375,106.085,106.082,4.12,1.5
2014.09.09,00:12:01.527,106.087,106.084,6.19,1
2014.09.09,00:12:02.032,106.088,106.084,1.69,1.5
2014.09.09,00:12:02.554,106.088,106.084,1.25,1.5
2014.09.09,00:12:02.858,106.085,106.082,1,1.5
2014.09.09,00:12:03.163,106.083,106.08,1.25,1.5
2014.09.09,00:12:03.668,106.082,106.08,1,1
2014.09.09,00:12:04.173,106.083,106.081,2.25,1
2014.09.09,00:12:05.145,106.084,106.081,2.44,1
2014.09.09,00:12:06.847,106.084,106.082,1,1
2014.09.09,00:12:07.100,106.088,106.085,1,2.25
2014.09.09,00:12:11.767,106.089,106.085,2.44,2.25
2014.09.09,00:12:13.832,106.089,106.086,1,1
2014.09.09,00:12:15.018,106.09,106.086,2.44,1
2014.09.09,00:12:16.574,106.09,106.088,1.5,1
2014.09.09,00:12:17.079,106.091,106.089,1.5,1
2014.09.09,00:12:17.584,106.09,106.089,1,1
2014.09.09,00:12:18.149,106.09,106.088,1,1.5
2014.09.09,00:12:19.120,106.091,106.088,1,1.5
2014.09.09,00:12:22.807,106.09,106.088,1,1
2014.09.09,00:12:23.313,106.091,106.088,2.25,1
2014.09.09,00:12:24.034,106.09,106.088,1,1
2014.09.09,00:12:24.602,106.091,106.088,1,1
2014.09.09,00:12:25.121,106.09,106.088,1,1
2014.09.09,00:12:25.635,106.091,106.088,1.5,1
2014.09.09,00:12:26.342,106.09,106.088,1,1
2014.09.09,00:12:26.875,106.091,106.088,1,1
2014.09.09,00:12:27.845,106.09,106.088,1,1
2014.09.09,00:12:28.356,106.091,106.088,1.5,1
2014.09.09,00:12:28.914,106.09,106.088,1,1
2014.09.09,00:12:29.646,106.091,106.088,1,1
2014.09.09,00:12:31.897,106.091,106.089,3,1
2014.09.09,00:12:51.089,106.091,106.09,1,1
2014.09.09,00:12:51.595,106.091,106.089,1,1.5
2014.09.09,00:12:57.091,106.091,106.09,1.5,1
2014.09.09,00:12:59.607,106.092,106.09,1,1
2014.09.09,00:13:01.711,106.092,106.089,1,1.69
2014.09.09,00:13:02.215,106.091,106.089,1,1
2014.09.09,00:13:02.720,106.092,106.089,3,1
2014.09.09,00:13:06.334,106.091,106.087,2.25,4.69
2014.09.09,00:13:07.150,106.091,106.088,1.69,1
2014.09.09,00:13:10.511,106.091,106.087,2.44,1.5
2014.09.09,00:13:11.015,106.091,106.088,2.44,1
2014.09.09,00:13:11.533,106.091,106.087,2.44,1.5
2014.09.09,00:13:14.028,106.09,106.087,1,1.5
2014.09.09,00:13:15.104,106.091,106.087,2.25,1.69
2014.09.09,00:13:16.301,106.091,106.089,2.25,1
2014.09.09,00:13:19.845,106.091,106.088,1,1
2014.09.09,00:13:20.350,106.091,106.087,1,2.44
2014.09.09,00:13:20.653,106.091,106.089,1,1
2014.09.09,00:13:29.303,106.092,106.089,2.44,1
2014.09.09,00:13:29.815,106.091,106.089,1,1.5
2014.09.09,00:13:30.324,106.092,106.089,2.25,1.5
2014.09.09,00:13:30.834,106.091,106.089,1,1.5
2014.09.09,00:13:31.353,106.092,106.089,3,1.5
2014.09.09,00:13:45.268,106.091,106.089,1,2.25
2014.09.09,00:13:45.780,106.092,106.089,1,1.5
2014.09.09,00:13:59.995,106.092,106.088,2.44,1.5
2014.09.09,00:14:00.500,106.091,106.087,2.44,2.25
2014.09.09,00:14:01.923,106.09,106.087,1,2.25
2014.09.09,00:14:02.574,106.091,106.087,1.69,2.25
2014.09.09,00:14:03.085,106.09,106.087,1.25,2.25
2014.09.09,00:14:05.012,106.09,106.086,3.19,3
2014.09.09,00:14:05.316,106.087,106.084,6.94,1.5
2014.09.09,00:14:05.619,106.082,106.08,1.25,1
2014.09.09,00:14:06.125,106.083,106.08,2.44,1
2014.09.09,00:14:06.635,106.082,106.08,1,1.5
2014.09.09,00:14:08.692,106.083,106.081,1,1
2014.09.09,00:14:11.713,106.083,106.08,1,6.75
2014.09.09,00:14:26.666,106.081,106.079,1,1
2014.09.09,00:14:26.767,106.08,106.078,1.5,1
2014.09.09,00:14:26.868,106.078,106.076,1,2.44
2014.09.09,00:14:27.272,106.078,106.074,1.5,5.06
2014.09.09,00:14:30.664,106.08,106.077,3,1
2014.09.09,00:14:30.765,106.08,106.078,2.25,1
2014.09.09,00:14:30.816,106.08,106.076,1.5,1.5
2014.09.09,00:14:31.272,106.081,106.078,1.5,1
2014.09.09,00:14:31.474,106.083,106.079,4.5,1
2014.09.09,00:14:32.131,106.082,106.079,1,1
2014.09.09,00:15:19.023,106.082,106.078,2.25,2.44
2014.09.09,00:15:19.565,106.081,106.077,2.25,1.69
2014.09.09,00:15:20.070,106.08,106.076,1.5,7.69
2014.09.09,00:15:20.575,106.08,106.076,1.5,7.69
2014.09.09,00:15:21.794,106.078,106.076,1,2.44
2014.09.09,00:15:23.406,106.077,106.076,1,1
2014.09.09,00:15:23.609,106.077,106.074,1.5,1
2014.09.09,00:15:24.013,106.074,106.073,1,2.25
2014.09.09,00:15:24.316,106.073,106.07,2.5,3.75
2014.09.09,00:15:24.821,106.072,106.069,1,5.44
2014.09.09,00:15:24.973,106.073,106.071,1.5,1
2014.09.09,00:15:25.479,106.074,106.071,1,1.5
2014.09.09,00:15:25.885,106.072,106.07,1,1
2014.09.09,00:15:26.390,106.072,106.069,1.5,1
2014.09.09,00:15:28.028,106.072,106.07,2.25,1
2014.09.09,00:15:28.544,106.072,106.071,2.25,1
2014.09.09,00:15:32.895,106.072,106.07,1.5,1
2014.09.09,00:15:33.400,106.072,106.069,1.5,2.44
2014.09.09,00:15:37.924,106.072,106.07,1,1
2014.09.09,00:15:46.025,106.073,106.07,1,1
2014.09.09,00:15:46.534,106.073,106.069,1.5,3.19
2014.09.09,00:15:47.141,106.072,106.069,1,3.94
2014.09.09,00:15:47.657,106.071,106.069,1,3.19
2014.09.09,00:15:48.204,106.072,106.069,1,4.69
2014.09.09,00:15:50.650,106.072,106.07,1,1
2014.09.09,00:15:51.155,106.071,106.07,1,1
2014.09.09,00:15:51.669,106.073,106.069,1,2.44
2014.09.09,00:15:52.619,106.072,106.069,1,1.69
2014.09.09,00:15:53.224,106.073,106.069,1,2.44
2014.09.09,00:15:53.839,106.072,106.069,1,1.69
2014.09.09,00:15:54.439,106.073,106.069,1,2.44
2014.09.09,00:15:55.045,106.072,106.069,1,1.69
2014.09.09,00:15:55.643,106.073,106.069,1,2.44
2014.09.09,00:15:56.191,106.072,106.069,1,1.5
2014.09.09,00:15:56.523,106.073,106.071,1.25,1
2014.09.09,00:15:56.826,106.076,106.074,1,1
2014.09.09,00:15:57.331,106.076,106.073,1,1.5
2014.09.09,00:15:58.239,106.077,106.073,1.5,2.25
2014.09.09,00:16:00.920,106.076,106.073,1,1.5
2014.09.09,00:16:01.425,106.075,106.073,1,1
2014.09.09,00:16:01.929,106.075,106.072,1,3.19
2014.09.09,00:16:14.148,106.074,106.072,1,1.25
2014.09.09,00:16:14.452,106.07,106.066,4.5,1.5
2014.09.09,00:16:14.553,106.069,106.066,1,1.5
2014.09.09,00:16:14.958,106.067,106.063,2.25,5.44
2014.09.09,00:16:15.725,106.067,106.063,3,3.94
2014.09.09,00:16:16.477,106.067,106.064,1.5,1
2014.09.09,00:16:16.996,106.067,106.063,1.5,3.94
2014.09.09,00:16:19.352,106.067,106.064,1,1
2014.09.09,00:16:19.873,106.067,106.063,2.25,4.69
2014.09.09,00:16:24.525,106.067,106.064,1,1
2014.09.09,00:16:25.086,106.067,106.066,1,1
2014.09.09,00:16:25.289,106.069,106.067,1,1
2014.09.09,00:16:25.542,106.068,106.065,1,2.44
2014.09.09,00:16:26.147,106.068,106.064,2.25,1
2014.09.09,00:16:26.299,106.066,106.063,1,3.19
2014.09.09,00:16:26.603,106.064,106.063,1,1.25
2014.09.09,00:16:27.108,106.065,106.063,1.5,1
2014.09.09,00:16:28.595,106.064,106.063,1,1
2014.09.09,00:16:29.113,106.065,106.063,1.5,1
2014.09.09,00:16:33.103,106.064,106.063,1,1
2014.09.09,00:16:33.800,106.064,106.061,1.5,1.69
2014.09.09,00:16:34.649,106.064,106.061,1.5,1.69
2014.09.09,00:16:36.106,106.066,106.062,3.94,1
2014.09.09,00:16:38.670,106.066,106.061,3,1.5
2014.09.09,00:16:39.815,106.064,106.061,2.25,1.25
2014.09.09,00:16:40.118,106.06,106.056,1,4.69
2014.09.09,00:16:40.623,106.059,106.056,1,2.44
2014.09.09,00:16:41.128,106.058,106.056,1,1
2014.09.09,00:16:41.532,106.058,106.054,1.5,6.19
2014.09.09,00:16:42.037,106.057,106.054,1,3.19
2014.09.09,00:16:42.138,106.056,106.054,1,2.44
2014.09.09,00:16:43.059,106.055,106.053,1.87,1
2014.09.09,00:16:43.362,106.054,106.051,1,1
2014.09.09,00:16:43.463,106.053,106.05,1,3.94
2014.09.09,00:16:44.120,106.053,106.051,1,1
2014.09.09,00:16:44.625,106.053,106.049,1.5,4.69
2014.09.09,00:16:45.281,106.053,106.049,1.5,4.69
2014.09.09,00:16:46.953,106.055,106.051,5.44,1
2014.09.09,00:16:47.458,106.055,106.051,1.5,1.5
2014.09.09,00:16:47.892,106.053,106.05,1,2.44
2014.09.09,00:16:48.399,106.052,106.05,1,1
2014.09.09,00:16:48.904,106.051,106.049,1,1.25
2014.09.09,00:16:49.410,106.052,106.049,1.5,1.25
2014.09.09,00:16:49.714,106.052,106.05,1,1.5
2014.09.09,00:16:49.764,106.053,106.049,2.25,1.5
2014.09.09,00:16:49.866,106.051,106.049,1.5,1.5
2014.09.09,00:16:50.371,106.053,106.049,3.75,2.25
2014.09.09,00:16:50.877,106.052,106.049,1,1
2014.09.09,00:16:51.984,106.053,106.049,6.19,1
2014.09.09,00:16:54.608,106.053,106.049,1.5,3.19
2014.09.09,00:16:55.579,106.053,106.049,1.5,3.19
2014.09.09,00:16:56.993,106.053,106.05,1.5,1
2014.09.09,00:16:57.513,106.053,106.051,1,1
2014.09.09,00:16:58.030,106.053,106.05,1,1.25
2014.09.09,00:16:58.847,106.052,106.05,1,1.5
2014.09.09,00:17:00.703,106.052,106.051,1,1
2014.09.09,00:17:01.659,106.053,106.051,1,1.5
2014.09.09,00:17:02.179,106.053,106.052,1,1
2014.09.09,00:17:02.685,106.053,106.051,1,1.5
2014.09.09,00:17:03.194,106.054,106.051,1,1.5
2014.09.09,00:17:05.448,106.054,106.052,1,1
2014.09.09,00:17:06.161,106.054,106.051,1,1.69
2014.09.09,00:17:07.623,106.054,106.05,1,5.44
2014.09.09,00:17:08.152,106.054,106.051,1,1
2014.09.09,00:17:09.253,106.054,106.052,1,1
2014.09.09,00:17:10.416,106.054,106.051,1,1.5
2014.09.09,00:17:10.922,106.053,106.05,1,6.56
2014.09.09,00:17:11.489,106.054,106.05,1,5.81
2014.09.09,00:17:11.994,106.055,106.051,1.5,1.25
2014.09.09,00:17:12.650,106.054,106.05,1,4.69
2014.09.09,00:17:13.156,106.055,106.051,1.5,1.25
2014.09.09,00:17:16.888,106.055,106.052,1.5,1
2014.09.09,00:17:17.391,106.055,106.051,1.5,1.25
2014.09.09,00:17:22.399,106.055,106.052,1.25,1.5
2014.09.09,00:17:22.704,106.053,106.05,1,4.12
2014.09.09,00:17:22.756,106.052,106.049,1,3
2014.09.09,00:17:23.009,106.054,106.049,2.25,2.25
2014.09.09,00:17:23.262,106.052,106.049,1,2.25
2014.09.09,00:17:23.666,106.053,106.051,1.5,1
2014.09.09,00:17:24.170,106.053,106.05,1.5,1
2014.09.09,00:17:24.675,106.054,106.05,2.25,1
2014.09.09,00:17:25.040,106.052,106.05,1,1
2014.09.09,00:17:25.406,106.051,106.049,1,1.25
2014.09.09,00:17:25.508,106.05,106.048,1,2.25
2014.09.09,00:17:27.309,106.049,106.048,1,1
2014.09.09,00:17:27.813,106.049,106.047,1.5,1
2014.09.09,00:17:29.378,106.049,106.046,1.5,1
2014.09.09,00:17:30.085,106.049,106.047,1,1
2014.09.09,00:17:31.122,106.051,106.049,6.94,1
2014.09.09,00:17:31.627,106.051,106.048,1,1
2014.09.09,00:17:32.234,106.052,106.048,1,1
2014.09.09,00:17:32.688,106.053,106.051,2.44,1
2014.09.09,00:17:33.193,106.054,106.052,1,1
2014.09.09,00:17:35.232,106.055,106.052,3.75,1
2014.09.09,00:17:43.443,106.054,106.052,1,1
2014.09.09,00:17:44.900,106.054,106.053,1,1
2014.09.09,00:17:45.153,106.056,106.053,2.25,1
2014.09.09,00:17:46.486,106.056,106.052,1.5,1.69
2014.09.09,00:17:47.278,106.057,106.053,3.19,1
2014.09.09,00:17:48.928,106.056,106.053,1,5.44
2014.09.09,00:17:49.433,106.056,106.054,1,1
2014.09.09,00:17:49.990,106.056,106.053,1,1.69
2014.09.09,00:17:50.519,106.056,106.054,1,1
2014.09.09,00:17:51.899,106.056,106.053,1,2.25
2014.09.09,00:17:52.439,106.056,106.054,1,1
2014.09.09,00:17:54.013,106.056,106.053,1,1
2014.09.09,00:17:54.622,106.056,106.054,1,1
2014.09.09,00:17:56.096,106.056,106.053,1,1
2014.09.09,00:17:56.911,106.057,106.053,1,1
2014.09.09,00:17:58.537,106.057,106.054,1,1
2014.09.09,00:18:00.628,106.057,106.053,1.5,1.5
2014.09.09,00:18:01.141,106.056,106.054,1,1
2014.09.09,00:18:01.649,106.057,106.053,1.5,1.5
2014.09.09,00:18:02.160,106.056,106.053,1,1
2014.09.09,00:18:03.532,106.056,106.054,1.5,1
2014.09.09,00:18:04.038,106.057,106.055,1.5,1
2014.09.09,00:18:04.544,106.057,106.054,1,6
2014.09.09,00:18:12.531,106.057,106.055,1,1
2014.09.09,00:18:17.579,106.057,106.054,1,4.31
2014.09.09,00:18:18.122,106.057,106.055,1,1
2014.09.09,00:18:20.965,106.057,106.054,1,1
2014.09.09,00:18:28.801,106.057,106.056,1,1
2014.09.09,00:18:29.106,106.064,106.059,4.12,3.19
2014.09.09,00:18:29.612,106.063,106.059,1,3.19
2014.09.09,00:18:29.916,106.065,106.06,4.87,1.25
2014.09.09,00:18:30.118,106.065,106.062,1.5,1
2014.09.09,00:18:30.638,106.064,106.062,1,1
2014.09.09,00:18:34.496,106.064,106.061,1,2.44
2014.09.09,00:18:35.526,106.063,106.061,1,3.19
2014.09.09,00:18:36.033,106.062,106.06,1,4.69
2014.09.09,00:18:36.862,106.061,106.059,1,3.75
2014.09.09,00:18:36.963,106.06,106.058,1,2.44
2014.09.09,00:18:38.037,106.06,106.057,1,5.44
2014.09.09,00:18:39.100,106.06,106.058,1,1
2014.09.09,00:18:39.614,106.061,106.058,1,1.5
2014.09.09,00:18:41.185,106.061,106.059,1,1
2014.09.09,00:18:41.286,106.063,106.06,1,1
2014.09.09,00:18:43.347,106.061,106.059,1,2.25
2014.09.09,00:18:43.550,106.059,106.056,1,2.44
2014.09.09,00:18:43.652,106.057,106.056,1,1
2014.09.09,00:18:43.753,106.056,106.054,1,1
2014.09.09,00:18:43.956,106.055,106.052,1,3.75
2014.09.09,00:18:44.461,106.052,106.05,1,1.69
2014.09.09,00:18:44.764,106.05,106.047,1,6.94
2014.09.09,00:18:44.865,106.048,106.047,1,1.5
2014.09.09,00:18:45.104,106.046,106.043,1,2.25
2014.09.09,00:18:46.014,106.046,106.045,1,1
2014.09.09,00:18:46.267,106.046,106.043,1,1.25
2014.09.09,00:18:46.470,106.046,106.045,1,1
2014.09.09,00:18:46.976,106.046,106.044,1,1
2014.09.09,00:18:47.229,106.045,106.042,1.5,2.25
2014.09.09,00:18:47.330,106.044,106.04,2.25,4.69
2014.09.09,00:18:47.482,106.042,106.04,1,1.69
2014.09.09,00:18:47.988,106.041,106.04,1,1
2014.09.09,00:18:52.024,106.04,106.038,1,1
2014.09.09,00:18:52.529,106.04,106.038,1,1
2014.09.09,00:18:52.882,106.038,106.034,1.25,2.25
2014.09.09,00:18:53.034,106.034,106.032,1,1
2014.09.09,00:18:53.337,106.035,106.032,1.5,1
2014.09.09,00:18:54.956,106.036,106.033,1.5,1
2014.09.09,00:18:55.007,106.036,106.035,1,1
2014.09.09,00:18:55.108,106.038,106.036,1,1
2014.09.09,00:18:55.310,106.04,106.038,1.5,1
2014.09.09,00:18:55.512,106.043,106.039,1,2.25
2014.09.09,00:18:55.765,106.041,106.038,1,1.69
2014.09.09,00:18:56.069,106.042,106.04,1,1.5
2014.09.09,00:18:56.373,106.041,106.038,1,1.5
2014.09.09,00:18:56.778,106.044,106.041,2.44,1
2014.09.09,00:18:57.282,106.045,106.041,2.44,1.5
2014.09.09,00:18:57.787,106.044,106.041,1,1
2014.09.09,00:18:58.292,106.043,106.041,1,1
2014.09.09,00:18:58.496,106.042,106.039,1,3
2014.09.09,00:18:59.017,106.041,106.038,1,1
2014.09.09,00:18:59.522,106.042,106.039,1.25,1
2014.09.09,00:18:59.725,106.041,106.037,1,4.69
2014.09.09,00:19:00.286,106.042,106.037,1.69,5.44
2014.09.09,00:19:01.288,106.042,106.038,1.69,1
2014.09.09,00:19:02.358,106.042,106.039,1.25,1
2014.09.09,00:19:02.824,106.042,106.037,3,3.94
2014.09.09,00:19:03.331,106.042,106.038,3,1
2014.09.09,00:19:04.263,106.042,106.039,1.69,1
2014.09.09,00:19:04.768,106.042,106.038,2.44,1
2014.09.09,00:19:05.557,106.042,106.039,1.69,1
2014.09.09,00:19:06.061,106.043,106.039,1.5,1
2014.09.09,00:19:06.567,106.043,106.038,2.25,3
2014.09.09,00:19:07.088,106.042,106.038,1,2.25
2014.09.09,00:19:07.594,106.041,106.038,1,1
2014.09.09,00:19:08.117,106.042,106.038,2.25,1
2014.09.09,00:19:09.911,106.042,106.039,1,1
2014.09.09,00:19:10.215,106.04,106.038,1,1
2014.09.09,00:19:10.720,106.041,106.037,1,3.75
2014.09.09,00:19:11.376,106.042,106.037,3,3.75
2014.09.09,00:19:11.679,106.042,106.039,1.5,1
2014.09.09,00:19:12.229,106.041,106.039,1,1
2014.09.09,00:19:13.159,106.042,106.039,1,2.25
2014.09.09,00:19:13.665,106.042,106.038,1.5,2.44
2014.09.09,00:19:15.986,106.042,106.039,1,1
2014.09.09,00:19:16.491,106.043,106.039,2.44,1.5
2014.09.09,00:19:20.342,106.044,106.04,4.69,1
2014.09.09,00:19:20.796,106.043,106.042,1,1
2014.09.09,00:19:21.224,106.045,106.043,2.25,1
2014.09.09,00:19:21.376,106.047,106.044,1.5,1
2014.09.09,00:19:26.347,106.048,106.044,4.5,1.5
2014.09.09,00:19:27.372,106.048,106.044,5.44,1.5
2014.09.09,00:19:29.361,106.048,106.044,4.69,2.25
2014.09.09,00:19:31.338,106.048,106.044,4.69,2.25
2014.09.09,00:19:32.374,106.048,106.044,3.75,2.25
2014.09.09,00:19:39.817,106.047,106.044,1,2.25
2014.09.09,00:19:48.507,106.048,106.044,2.44,1.5
2014.09.09,00:19:52.873,106.048,106.045,2.44,1
2014.09.09,00:19:52.924,106.048,106.047,1,1
2014.09.09,00:19:53.194,106.053,106.05,1,1
2014.09.09,00:19:53.397,106.055,106.051,2.25,1
2014.09.09,00:19:54.120,106.055,106.052,2.25,1
2014.09.09,00:19:55.844,106.056,106.052,1.5,2.25
2014.09.09,00:19:55.895,106.057,106.055,2.44,1
2014.09.09,00:19:56.915,106.058,106.055,2.44,1
2014.09.09,00:19:59.341,106.059,106.056,1.69,1.5
2014.09.09,00:19:59.645,106.063,106.06,1,1
2014.09.09,00:19:59.696,106.064,106.061,1.69,1.5
2014.09.09,00:20:00.202,106.064,106.062,1,2.25
2014.09.09,00:20:00.360,106.066,106.062,2.25,2.25
2014.09.09,00:20:01.024,106.065,106.062,1,1.5
2014.09.09,00:20:01.748,106.064,106.062,1,1
2014.09.09,00:20:02.055,106.063,106.061,1,1
2014.09.09,00:20:02.358,106.059,106.056,1.5,2.25
2014.09.09,00:20:02.409,106.058,106.056,1,1.5
2014.09.09,00:20:02.914,106.059,106.056,1.5,1
2014.09.09,00:20:04.316,106.059,106.055,3,1.5
2014.09.09,00:20:04.366,106.056,106.054,1,2.25
2014.09.09,00:20:04.620,106.054,106.051,1.5,2.44
2014.09.09,00:20:05.125,106.054,106.052,1,1
2014.09.09,00:20:05.736,106.055,106.052,2.25,1
2014.09.09,00:20:06.249,106.054,106.053,1,1
2014.09.09,00:20:06.300,106.056,106.053,1,1
2014.09.09,00:20:06.808,106.057,106.054,1.5,1
2014.09.09,00:20:07.321,106.056,106.053,1,1.69
2014.09.09,00:20:09.644,106.055,106.053,1,1
2014.09.09,00:20:10.149,106.055,106.052,1,1
2014.09.09,00:20:10.967,106.054,106.052,1,1
2014.09.09,00:20:11.501,106.053,106.052,1.5,1
2014.09.09,00:20:11.552,106.053,106.05,1.5,2.25
2014.09.09,00:20:11.755,106.051,106.05,2.44,1
2014.09.09,00:20:12.059,106.046,106.045,1.69,1
2014.09.09,00:20:12.314,106.045,106.043,1,1
2014.09.09,00:20:12.821,106.045,106.043,1,1.5
2014.09.09,00:20:13.325,106.046,106.043,1,1.5
2014.09.09,00:20:15.513,106.047,106.043,1.69,1.5
2014.09.09,00:20:15.816,106.048,106.046,1,1
2014.09.09,00:20:16.119,106.05,106.048,1,1
2014.09.09,00:20:16.271,106.052,106.05,1,1.5
2014.09.09,00:20:16.811,106.053,106.05,1.25,4.5
2014.09.09,00:20:17.316,106.054,106.051,1.5,2.25
2014.09.09,00:20:17.519,106.055,106.053,1,1
2014.09.09,00:20:17.620,106.058,106.055,4.69,1
2014.09.09,00:20:17.923,106.057,106.053,1.5,2.25
2014.09.09,00:20:18.681,106.055,106.053,1.25,2.25
2014.09.09,00:20:18.934,106.052,106.049,1,2.25
2014.09.09,00:20:19.439,106.052,106.05,1,1
2014.09.09,00:20:19.957,106.052,106.049,1.5,1
2014.09.09,00:20:20.312,106.051,106.047,2.25,3.94
2014.09.09,00:20:20.821,106.051,106.048,3,1
2014.09.09,00:20:22.698,106.051,106.048,3.19,1
2014.09.09,00:20:23.103,106.049,106.045,1.25,1
2014.09.09,00:20:23.204,106.049,106.047,1.25,1
2014.09.09,00:20:23.718,106.049,106.046,1.69,1
2014.09.09,00:20:26.608,106.049,106.047,1.5,1
2014.09.09,00:20:27.064,106.051,106.048,2.25,1
2014.09.09,00:20:27.569,106.052,106.048,6.56,1
2014.09.09,00:20:29.135,106.052,106.049,1,1
2014.09.09,00:20:29.539,106.054,106.051,2.25,1
2014.09.09,00:20:29.943,106.056,106.052,2.44,2.25
2014.09.09,00:20:31.440,106.056,106.053,1.69,1
2014.09.09,00:20:35.255,106.054,106.052,1,1.5
2014.09.09,00:20:35.559,106.051,106.049,1.5,1.5
2014.09.09,00:20:36.064,106.05,106.048,1.5,1
2014.09.09,00:20:36.720,106.052,106.049,4.69,1
2014.09.09,00:20:37.729,106.05,106.048,1,1.5
2014.09.09,00:20:38.923,106.05,106.048,1,1
2014.09.09,00:20:39.455,106.05,106.047,1.5,1.25
2014.09.09,00:20:41.128,106.051,106.049,3.19,1
2014.09.09,00:20:44.735,106.051,106.047,2.44,1.5
2014.09.09,00:20:47.401,106.051,106.049,1.25,1
2014.09.09,00:20:59.769,106.053,106.049,2.44,2.25
2014.09.09,00:20:59.820,106.053,106.051,1.25,1
2014.09.09,00:20:59.921,106.054,106.049,2.44,3
2014.09.09,00:21:00.478,106.053,106.05,2.44,1
2014.09.09,00:21:00.983,106.052,106.049,1,1
2014.09.09,00:21:01.507,106.053,106.049,2.25,1.5
2014.09.09,00:21:02.062,106.053,106.05,1.5,1
2014.09.09,00:21:02.466,106.055,106.051,4.69,2.25
2014.09.09,00:21:03.003,106.054,106.051,1,2.25
2014.09.09,00:21:03.517,106.055,106.051,5.44,2.25
2014.09.09,00:21:03.874,106.057,106.053,2.25,1
2014.09.09,00:21:04.027,106.057,106.056,1,1
2014.09.09,00:21:04.230,106.059,106.057,1,1
2014.09.09,00:21:04.516,106.064,106.062,2.25,2.25
2014.09.09,00:21:04.820,106.063,106.061,1,1.5
2014.09.09,00:21:04.972,106.062,106.059,1,1.69
2014.09.09,00:21:05.275,106.061,106.057,2.25,1.25
2014.09.09,00:21:05.781,106.062,106.058,2.44,1
2014.09.09,00:21:06.286,106.061,106.058,3,1
2014.09.09,00:21:06.791,106.061,106.057,4.69,3
2014.09.09,00:21:07.295,106.061,106.057,5.44,1
2014.09.09,00:21:07.800,106.059,106.057,1.5,1
2014.09.09,00:21:07.902,106.059,106.055,2.25,2.25
2014.09.09,00:21:08.407,106.058,106.055,2.25,1
2014.09.09,00:21:08.558,106.056,106.054,1,1.5
2014.09.09,00:21:08.861,106.053,106.05,1.5,1
2014.09.09,00:21:11.665,106.053,106.051,1,1
2014.09.09,00:21:11.869,106.055,106.052,3.94,1
2014.09.09,00:21:12.823,106.055,106.053,1,1
2014.09.09,00:21:13.343,106.056,106.053,1,1
2014.09.09,00:21:13.858,106.056,106.052,2.25,1.25
2014.09.09,00:21:14.112,106.054,106.051,1,1
2014.09.09,00:21:14.782,106.055,106.052,2.44,1
2014.09.09,00:21:15.289,106.056,106.052,3.19,1
2014.09.09,00:21:15.802,106.056,106.051,3.19,1.69
2014.09.09,00:21:16.577,106.054,106.051,1,1.69
2014.09.09,00:21:17.083,106.053,106.05,1.5,1.69
2014.09.09,00:21:17.587,106.053,106.049,2.25,2.25
2014.09.09,00:21:20.027,106.054,106.05,3.75,1.5
2014.09.09,00:21:22.461,106.054,106.051,1.69,1
2014.09.09,00:21:23.117,106.054,106.052,1.25,1
2014.09.09,00:21:23.646,106.055,106.051,5.44,2.25
2014.09.09,00:21:24.153,106.055,106.052,4.69,1
2014.09.09,00:21:27.035,106.055,106.051,3.19,1.5
2014.09.09,00:21:27.652,106.054,106.051,1,2.25
2014.09.09,00:21:29.248,106.054,106.05,2.25,3
2014.09.09,00:21:29.939,106.054,106.051,2.25,1.5
2014.09.09,00:21:30.509,106.054,106.05,3,2.25
2014.09.09,00:21:31.015,106.054,106.051,2.25,1
2014.09.09,00:21:31.623,106.054,106.05,3,2.25
2014.09.09,00:21:32.331,106.054,106.051,2.25,1
2014.09.09,00:21:32.868,106.054,106.05,3,2.25
2014.09.09,00:21:33.454,106.054,106.051,2.25,1
2014.09.09,00:21:34.001,106.053,106.05,1,1
2014.09.09,00:21:34.510,106.054,106.05,2.25,1.5
2014.09.09,00:21:35.058,106.054,106.051,2.25,1
2014.09.09,00:21:36.625,106.053,106.051,1,1
2014.09.09,00:21:37.030,106.055,106.051,1.5,1.5
2014.09.09,00:21:39.586,106.053,106.051,1,1.5
2014.09.09,00:21:43.646,106.054,106.051,1,2.25
2014.09.09,00:21:44.167,106.055,106.051,2.25,2.25
2014.09.09,00:21:44.672,106.054,106.051,1,1.5
2014.09.09,00:21:56.614,106.055,106.051,1,1.5
2014.09.09,00:21:58.668,106.053,106.051,1,1
2014.09.09,00:22:03.666,106.055,106.051,3.94,1
2014.09.09,00:22:05.650,106.055,106.051,3,1
2014.09.09,00:22:06.473,106.054,106.051,1.5,1
2014.09.09,00:22:07.586,106.054,106.05,1.5,1
2014.09.09,00:22:08.107,106.053,106.051,1,1
2014.09.09,00:22:08.209,106.055,106.051,2.44,1
2014.09.09,00:22:08.714,106.053,106.051,1,1.5
2014.09.09,00:22:09.306,106.052,106.051,1,1.25
2014.09.09,00:22:09.812,106.052,106.05,1.5,1
2014.09.09,00:22:10.015,106.05,106.048,2.5,1
2014.09.09,00:22:10.117,106.049,106.046,1.5,1
2014.09.09,00:22:10.723,106.05,106.046,1.5,3.75
2014.09.09,00:22:11.228,106.049,106.046,1,3
2014.09.09,00:22:11.750,106.05,106.046,1.5,3.75
2014.09.09,00:22:12.278,106.049,106.046,1,3
2014.09.09,00:22:12.802,106.05,106.046,1.5,3.75
2014.09.09,00:22:14.277,106.05,106.047,1.25,1
2014.09.09,00:22:17.216,106.05,106.048,1,1
2014.09.09,00:22:17.725,106.05,106.047,1.5,1
2014.09.09,00:22:21.020,106.051,106.05,1,1
2014.09.09,00:22:21.526,106.052,106.05,1,1
2014.09.09,00:22:21.829,106.055,106.052,6.94,1
2014.09.09,00:22:21.880,106.054,106.052,1,1
2014.09.09,00:22:22.385,106.053,106.052,1.25,1
2014.09.09,00:22:22.890,106.054,106.052,1,1
2014.09.09,00:22:23.465,106.055,106.052,3.75,1
2014.09.09,00:22:24.404,106.055,106.051,3.75,1.5
2014.09.09,00:22:26.907,106.055,106.052,3.75,1
2014.09.09,00:22:27.210,106.055,106.054,1,1
2014.09.09,00:22:27.311,106.057,106.054,3.94,1
2014.09.09,00:22:29.694,106.057,106.053,1.5,1.5
2014.09.09,00:22:30.300,106.056,106.053,1.25,1
2014.09.09,00:22:30.805,106.055,106.052,3.19,1.5
2014.09.09,00:22:31.310,106.054,106.052,2.44,1.5
2014.09.09,00:22:32.875,106.055,106.052,3,1
2014.09.09,00:22:34.014,106.055,106.051,2.44,1.5
2014.09.09,00:22:34.267,106.053,106.051,1,1
2014.09.09,00:22:34.418,106.052,106.049,1,3.75
2014.09.09,00:22:34.923,106.053,106.05,1.25,1.5
2014.09.09,00:22:36.932,106.052,106.05,1,1.5
2014.09.09,00:22:37.438,106.052,106.049,1.25,1.5
2014.09.09,00:22:37.942,106.052,106.05,1.25,1
2014.09.09,00:22:38.447,106.053,106.049,1.25,2.25
2014.09.09,00:22:38.992,106.054,106.05,3.19,1.5
2014.09.09,00:22:48.383,106.053,106.05,1,1
2014.09.09,00:22:49.916,106.054,106.05,2.44,1.5
2014.09.09,00:22:51.921,106.052,106.05,1.25,2.25
2014.09.09,00:22:52.023,106.054,106.05,1.5,2.25
2014.09.09,00:22:52.376,106.055,106.052,1.25,1
2014.09.09,00:22:58.375,106.055,106.051,1.5,2.25
2014.09.09,00:23:00.384,106.054,106.051,1,1.25
2014.09.09,00:23:01.351,106.054,106.05,1.5,2.25
2014.09.09,00:23:01.862,106.053,106.05,1,1.5
2014.09.09,00:23:02.381,106.054,106.05,1.5,1
2014.09.09,00:23:03.877,106.053,106.05,1,1
2014.09.09,00:23:04.383,106.054,106.05,1.5,1
2014.09.09,00:23:04.889,106.053,106.05,1,1
2014.09.09,00:23:05.467,106.054,106.05,2.25,1.5
2014.09.09,00:23:16.452,106.053,106.049,1.5,6.56
2014.09.09,00:23:16.756,106.05,106.049,1.5,1
2014.09.09,00:23:16.857,106.052,106.049,1.5,1
2014.09.09,00:23:17.365,106.053,106.049,3,3.94
2014.09.09,00:23:17.870,106.055,106.049,6.19,7.31
2014.09.09,00:23:18.374,106.055,106.049,6.19,7.31
2014.09.09,00:23:18.929,106.055,106.051,5.44,1
2014.09.09,00:23:19.454,106.054,106.05,1,1.25
2014.09.09,00:23:20.870,106.055,106.051,5.44,1
2014.09.09,00:23:21.381,106.054,106.05,1,1.5
2014.09.09,00:23:22.267,106.054,106.051,1,1
2014.09.09,00:23:22.814,106.055,106.051,4.5,1
2014.09.09,00:23:35.069,106.055,106.052,2.44,1
2014.09.09,00:23:37.080,106.055,106.05,2.44,2.25
2014.09.09,00:23:37.591,106.055,106.051,2.44,1.5
2014.09.09,00:23:38.097,106.055,106.05,2.44,2.25
2014.09.09,00:23:39.325,106.055,106.05,3.19,2.25
2014.09.09,00:23:42.133,106.053,106.05,1,4.87
2014.09.09,00:23:43.811,106.054,106.05,1.5,5.81
2014.09.09,00:23:44.920,106.054,106.051,1,1
2014.09.09,00:23:45.618,106.054,106.052,1,1
2014.09.09,00:23:47.216,106.054,106.051,1,1
2014.09.09,00:23:52.554,106.054,106.052,1.25,1
2014.09.09,00:23:53.059,106.054,106.053,1.25,1
2014.09.09,00:23:55.189,106.055,106.051,2.44,1.5
2014.09.09,00:23:56.917,106.055,106.052,3.19,1
2014.09.09,00:23:57.573,106.055,106.052,2.44,1.5
2014.09.09,00:23:59.471,106.055,106.053,1.69,1
2014.09.09,00:23:59.774,106.057,106.054,3.94,1
2014.09.09,00:24:00.279,106.057,106.055,1,1
2014.09.09,00:24:08.078,106.057,106.054,1,1.5
2014.09.09,00:24:28.172,106.057,106.053,1.5,1
2014.09.09,00:24:29.774,106.056,106.052,1,7.69
2014.09.09,00:24:30.527,106.057,106.053,2.25,1.5
2014.09.09,00:24:31.738,106.056,106.053,1,1
2014.09.09,00:24:32.261,106.055,106.052,1,1
2014.09.09,00:24:32.767,106.057,106.051,3.75,4.69
2014.09.09,00:24:32.869,106.055,106.051,1,4.69
2014.09.09,00:24:33.376,106.056,106.052,1,1.25
2014.09.09,00:24:34.355,106.055,106.051,1,4.69
2014.09.09,00:24:34.878,106.056,106.052,1,1.25
2014.09.09,00:24:35.384,106.055,106.051,1,4.69
2014.09.09,00:24:36.654,106.057,106.051,4.69,5.44
2014.09.09,00:24:36.856,106.055,106.051,1,4.69
2014.09.09,00:24:37.776,106.056,106.052,1,1.25
2014.09.09,00:24:38.293,106.055,106.052,1,1.25
2014.09.09,00:24:39.465,106.055,106.053,1,1
2014.09.09,00:24:39.972,106.056,106.053,1,1
2014.09.09,00:24:42.357,106.056,106.054,1,1
2014.09.09,00:24:42.862,106.057,106.054,1,1.5
2014.09.09,00:24:43.974,106.057,106.056,1,1
2014.09.09,00:24:44.075,106.059,106.056,1.69,1
2014.09.09,00:24:44.580,106.06,106.056,1.5,1.69
2014.09.09,00:24:45.085,106.059,106.056,1,1.69
2014.09.09,00:24:46.172,106.059,106.058,1,1
2014.09.09,00:24:46.324,106.062,106.059,2.25,1
2014.09.09,00:24:46.476,106.064,106.061,1,1
2014.09.09,00:24:46.981,106.063,106.061,1,1
2014.09.09,00:24:47.082,106.063,106.059,1.5,4.69
2014.09.09,00:24:47.588,106.062,106.059,1,3.19
2014.09.09,00:24:48.598,106.062,106.058,3,1.69
2014.09.09,00:24:49.734,106.06,106.058,1,1.5
2014.09.09,00:24:53.806,106.06,106.057,1,3.94
2014.09.09,00:24:55.125,106.059,106.057,1,1
2014.09.09,00:24:55.630,106.059,106.056,1,1.5
2014.09.09,00:25:05.466,106.059,106.057,1,1
2014.09.09,00:25:07.670,106.059,106.056,1,1.5
2014.09.09,00:25:07.973,106.057,106.055,1,1.5
2014.09.09,00:25:08.479,106.058,106.055,6,1
2014.09.09,00:25:08.985,106.057,106.055,1,1
2014.09.09,00:25:09.526,106.058,106.055,6.94,1
2014.09.09,00:25:11.962,106.057,106.055,1,1
2014.09.09,00:25:12.758,106.058,106.055,3.19,1
2014.09.09,00:25:16.573,106.056,106.053,3.37,3.19
2014.09.09,00:25:17.079,106.056,106.052,6.37,2.25
2014.09.09,00:25:19.722,106.055,106.052,1,2.25
2014.09.09,00:25:20.749,106.054,106.052,1,1
2014.09.09,00:25:21.053,106.052,106.048,2.5,4.12
2014.09.09,00:25:21.104,106.05,106.048,1,5.62
2014.09.09,00:25:21.407,106.05,106.046,2.25,3.19
2014.09.09,00:25:21.558,106.05,106.048,1.5,1
2014.09.09,00:25:22.063,106.05,106.047,1.5,3.37
2014.09.09,00:25:23.249,106.051,106.047,2.44,3.75
2014.09.09,00:25:23.754,106.052,106.048,1.69,2.25
2014.09.09,00:25:24.410,106.052,106.049,1,1
2014.09.09,00:25:24.512,106.054,106.049,6.94,2.25
2014.09.09,00:25:25.017,106.054,106.05,6.19,1.5
2014.09.09,00:25:25.539,106.053,106.05,1,1
2014.09.09,00:25:26.225,106.054,106.05,6,1.5
2014.09.09,00:25:26.731,106.055,106.051,1.5,2.25
2014.09.09,00:25:27.136,106.056,106.054,1,1
2014.09.09,00:25:28.158,106.057,106.054,1,1
2014.09.09,00:25:28.926,106.056,106.052,1,7.69
2014.09.09,00:25:29.128,106.054,106.052,1,1.69
2014.09.09,00:25:29.635,106.051,106.048,1.5,1
2014.09.09,00:25:29.686,106.05,106.048,2.25,1
2014.09.09,00:25:29.737,106.049,106.047,1,1.5
2014.09.09,00:25:29.839,106.048,106.046,1.5,5.25
2014.09.09,00:25:31.102,106.047,106.045,1,1.69
2014.09.09,00:25:35.746,106.048,106.045,1,4.5
2014.09.09,00:25:38.537,106.048,106.044,1,3
2014.09.09,00:25:38.740,106.046,106.044,1.5,1
2014.09.09,00:25:38.790,106.045,106.041,1,3
2014.09.09,00:25:38.842,106.043,106.041,1,2.25
2014.09.09,00:25:39.146,106.04,106.038,1,1
2014.09.09,00:25:39.652,106.041,106.037,1.5,1
2014.09.09,00:25:39.955,106.039,106.036,1.5,1
2014.09.09,00:25:40.359,106.04,106.038,1,1
2014.09.09,00:25:42.634,106.04,106.037,1.5,1.5
2014.09.09,00:25:42.735,106.039,106.035,1,6.75
2014.09.09,00:25:43.245,106.039,106.036,1,1
2014.09.09,00:25:43.757,106.04,106.036,3.75,1.25
2014.09.09,00:25:43.966,106.038,106.036,1,1.25
2014.09.09,00:25:44.578,106.039,106.036,1,1.69
2014.09.09,00:25:45.083,106.04,106.036,1,3
2014.09.09,00:25:45.590,106.04,106.037,1,1
2014.09.09,00:25:46.115,106.041,106.037,3,1.5
2014.09.09,00:25:46.670,106.04,106.037,1,1
2014.09.09,00:25:48.038,106.04,106.038,1,1
2014.09.09,00:25:48.089,106.042,106.038,2.44,1
2014.09.09,00:25:50.490,106.041,106.038,1.5,1.69
2014.09.09,00:25:50.995,106.041,106.037,2.25,2.44
2014.09.09,00:25:51.510,106.04,106.037,2.25,1.25
2014.09.09,00:25:51.864,106.038,106.036,1,1
2014.09.09,00:25:52.319,106.038,106.034,1.5,1.69
2014.09.09,00:25:57.515,106.038,106.035,1.69,1
2014.09.09,00:25:58.182,106.038,106.034,2.44,1
2014.09.09,00:25:58.696,106.038,106.035,2.44,1
2014.09.09,00:25:59.203,106.038,106.034,3.94,2.25
2014.09.09,00:26:00.696,106.037,106.033,2.44,3
2014.09.09,00:26:01.202,106.034,106.033,1,1
2014.09.09,00:26:01.253,106.034,106.03,1,3.19
2014.09.09,00:26:01.304,106.032,106.03,1,1.69
2014.09.09,00:26:01.800,106.03,106.027,1,1.69
2014.09.09,00:26:02.002,106.028,106.027,1,1.69
2014.09.09,00:26:02.508,106.027,106.026,1,1
2014.09.09,00:26:02.559,106.027,106.024,1,1
2014.09.09,00:26:03.064,106.027,106.023,4.69,1.5
2014.09.09,00:26:03.675,106.026,106.023,1,1
2014.09.09,00:26:04.180,106.025,106.023,2.25,1
2014.09.09,00:26:04.332,106.024,106.021,1,1
2014.09.09,00:26:04.585,106.025,106.023,1,1.5
2014.09.09,00:26:04.737,106.027,106.024,4.12,2.25
2014.09.09,00:26:05.242,106.028,106.025,1.69,1
2014.09.09,00:26:05.798,106.028,106.026,1,1
2014.09.09,00:26:06.153,106.03,106.027,3,1
2014.09.09,00:26:06.203,106.031,106.029,2.44,1
2014.09.09,00:26:06.708,106.032,106.029,1.69,1
2014.09.09,00:26:07.302,106.033,106.029,3.94,1
2014.09.09,00:26:08.764,106.032,106.029,1,1
2014.09.09,00:26:09.280,106.033,106.029,1.5,1.5
2014.09.09,00:26:16.728,106.033,106.03,1,1
2014.09.09,00:26:18.203,106.033,106.031,1,1
2014.09.09,00:26:18.355,106.036,106.033,3.75,1
2014.09.09,00:26:18.860,106.036,106.034,1.25,1
2014.09.09,00:26:19.315,106.037,106.035,1,1
2014.09.09,00:26:19.618,106.043,106.041,2.25,1
2014.09.09,00:26:19.786,106.043,106.039,3,3.19
2014.09.09,00:26:20.293,106.042,106.039,1.5,1
2014.09.09,00:26:31.247,106.041,106.039,1,1
2014.09.09,00:26:31.349,106.039,106.038,1,1.5
2014.09.09,00:26:31.500,106.039,106.037,1.5,1
2014.09.09,00:26:31.551,106.038,106.035,1,1.5
2014.09.09,00:26:32.107,106.039,106.035,3.75,1.5
2014.09.09,00:26:32.359,106.037,106.034,1,1.5
2014.09.09,00:26:32.865,106.037,106.033,1.5,3.19
2014.09.09,00:26:33.371,106.037,106.034,1,1.5
2014.09.09,00:26:33.472,106.039,106.035,3.19,1.5
2014.09.09,00:26:40.323,106.039,106.036,1.5,1
2014.09.09,00:26:40.855,106.039,106.035,2.25,1.5
2014.09.09,00:26:41.379,106.039,106.036,1.5,1
2014.09.09,00:26:42.487,106.039,106.035,2.25,1.5
2014.09.09,00:26:42.992,106.038,106.035,1.25,1.5
2014.09.09,00:26:43.995,106.038,106.034,3.19,1
2014.09.09,00:26:44.298,106.035,106.032,1,1.69
2014.09.09,00:26:44.804,106.035,106.033,1,1
2014.09.09,00:26:45.058,106.033,106.03,1,1.5
2014.09.09,00:26:45.310,106.031,106.029,1,2.44
2014.09.09,00:26:45.815,106.03,106.029,1,1.5
2014.09.09,00:26:46.118,106.029,106.027,1,1.5
2014.09.09,00:26:46.623,106.029,106.026,1,1.25
2014.09.09,00:26:46.825,106.027,106.026,1,1
2014.09.09,00:26:47.330,106.028,106.025,1.5,1.5
2014.09.09,00:26:47.434,106.03,106.025,2.25,6.75
2014.09.09,00:26:47.939,106.029,106.026,1,1
2014.09.09,00:26:48.447,106.03,106.026,3,1.25
2014.09.09,00:26:48.960,106.03,106.027,2.25,1
2014.09.09,00:26:50.187,106.031,106.029,2.25,1.5
2014.09.09,00:26:50.238,106.033,106.029,4.5,2.25
2014.09.09,00:26:50.340,106.033,106.031,1.5,1
2014.09.09,00:26:50.858,106.033,106.03,1.5,1.5
2014.09.09,00:26:51.370,106.033,106.031,1.5,1
2014.09.09,00:26:55.816,106.034,106.031,2.44,1
2014.09.09,00:26:56.119,106.036,106.032,3.94,1
2014.09.09,00:26:56.624,106.035,106.032,1,2.25
2014.09.09,00:26:57.128,106.035,106.033,1,1
2014.09.09,00:26:58.971,106.035,106.032,1,2.44
2014.09.09,00:26:59.539,106.036,106.032,3.19,3
2014.09.09,00:27:00.081,106.035,106.032,1,1.5
2014.09.09,00:27:00.930,106.036,106.034,1.5,1
2014.09.09,00:27:01.436,106.037,106.034,1.5,1
2014.09.09,00:27:03.477,106.037,106.035,1.5,1.5
2014.09.09,00:27:07.530,106.038,106.037,1.25,1
2014.09.09,00:27:07.581,106.039,106.037,1,1.5
2014.09.09,00:27:07.682,106.041,106.039,1,1
2014.09.09,00:27:08.187,106.042,106.039,2.25,1
2014.09.09,00:27:08.793,106.042,106.04,1.5,1
2014.09.09,00:27:09.328,106.043,106.04,1.25,1
2014.09.09,00:27:09.875,106.044,106.04,3.94,1
2014.09.09,00:27:11.295,106.044,106.041,2.44,1
2014.09.09,00:27:14.627,106.045,106.041,2.25,2.25
2014.09.09,00:27:15.132,106.045,106.042,1,1
2014.09.09,00:27:15.914,106.046,106.042,2.25,1
2014.09.09,00:27:17.788,106.045,106.042,1.69,1
2014.09.09,00:27:18.300,106.045,106.041,2.44,1
2014.09.09,00:27:20.339,106.044,106.041,1,1
2014.09.09,00:27:20.642,106.042,106.04,1,1
2014.09.09,00:27:21.148,106.042,106.039,1,1.5
2014.09.09,00:27:26.487,106.04,106.039,1,1
2014.09.09,00:27:26.638,106.039,106.037,1,1.5
2014.09.09,00:27:26.790,106.039,106.035,2.25,6.94
2014.09.09,00:27:28.498,106.039,106.036,2.25,1
2014.09.09,00:27:30.259,106.038,106.035,1.5,1.5
2014.09.09,00:27:30.663,106.036,106.035,1,1
2014.09.09,00:27:30.764,106.038,106.035,3,1
2014.09.09,00:27:30.916,106.036,106.035,1,1
2014.09.09,00:27:31.017,106.038,106.035,3,1
2014.09.09,00:27:36.134,106.038,106.034,3.75,2.25
2014.09.09,00:27:36.184,106.038,106.036,2.25,1
2014.09.09,00:27:36.689,106.039,106.037,1.5,1
2014.09.09,00:27:37.592,106.039,106.036,1.5,1
2014.09.09,00:27:38.762,106.038,106.036,1,1
2014.09.09,00:27:43.373,106.039,106.036,2.25,1
2014.09.09,00:27:44.387,106.039,106.037,1.5,1
2014.09.09,00:27:46.284,106.039,106.038,1.5,1
2014.09.09,00:27:46.386,106.041,106.038,2.25,1.5
2014.09.09,00:27:46.892,106.041,106.037,1,1.25
2014.09.09,00:27:49.606,106.041,106.036,1,4.69
2014.09.09,00:27:50.362,106.041,106.036,1,4.69
2014.09.09,00:27:51.353,106.041,106.036,1,3.19
2014.09.09,00:27:52.340,106.041,106.038,1,1
2014.09.09,00:27:52.846,106.042,106.04,1.5,1
2014.09.09,00:27:53.047,106.042,106.038,1,7.5
2014.09.09,00:27:53.594,106.043,106.039,1.5,1
2014.09.09,00:27:54.158,106.041,106.038,1,6.94
2014.09.09,00:27:54.459,106.039,106.037,1,1.5
2014.09.09,00:27:54.973,106.038,106.036,1,1
2014.09.09,00:27:55.528,106.037,106.036,1,1
2014.09.09,00:27:55.629,106.037,106.034,1.5,1.5
2014.09.09,00:27:56.134,106.036,106.033,1,1.5
2014.09.09,00:27:57.724,106.035,106.033,1,2.25
2014.09.09,00:27:57.928,106.034,106.031,2.25,1
2014.09.09,00:27:58.435,106.033,106.03,2.25,1.25
2014.09.09,00:28:00.142,106.033,106.029,2.25,1.25
2014.09.09,00:28:00.977,106.03,106.028,1,2.25
2014.09.09,00:28:01.331,106.028,106.026,1,1
2014.09.09,00:28:01.584,106.026,106.022,1.5,2.25
2014.09.09,00:28:02.139,106.025,106.022,1,1
2014.09.09,00:28:02.644,106.025,106.021,1,1.69
2014.09.09,00:28:03.155,106.026,106.022,3.19,1
2014.09.09,00:28:03.657,106.024,106.022,1,1
2014.09.09,00:28:07.256,106.024,106.021,1,2.44
2014.09.09,00:28:07.761,106.025,106.022,1,1
2014.09.09,00:28:08.115,106.027,106.024,2.44,1
2014.09.09,00:28:08.620,106.027,106.025,1.25,1
2014.09.09,00:28:09.859,106.028,106.025,3,1.5
2014.09.09,00:28:10.313,106.03,106.027,1.5,1
2014.09.09,00:28:12.493,106.03,106.026,2.25,3.19
2014.09.09,00:28:12.839,106.027,106.023,1.5,2.25
2014.09.09,00:28:13.344,106.027,106.024,1,1.5
2014.09.09,00:28:13.546,106.029,106.025,1.5,1
2014.09.09,00:28:14.001,106.027,106.024,1,1.5
2014.09.09,00:28:14.707,106.028,106.024,2.44,3.75
2014.09.09,00:28:15.010,106.029,106.026,1,1.5
2014.09.09,00:28:15.515,106.029,106.027,1,1.5
2014.09.09,00:28:16.318,106.03,106.027,1.5,1
2014.09.09,00:28:17.725,106.031,106.027,1.5,3
2014.09.09,00:28:25.340,106.031,106.028,2.44,1
2014.09.09,00:28:26.463,106.031,106.028,3.19,1
2014.09.09,00:28:26.766,106.026,106.024,1,1
2014.09.09,00:28:27.424,106.027,106.024,2.44,1
2014.09.09,00:28:28.301,106.027,106.023,1.5,1.5
2014.09.09,00:28:28.813,106.026,106.023,1,1.5
2014.09.09,00:28:31.571,106.026,106.022,1.69,2.25
2014.09.09,00:28:33.273,106.026,106.024,1.25,1
2014.09.09,00:28:33.475,106.026,106.022,1.69,3.75
2014.09.09,00:28:41.087,106.025,106.022,1,2.25
2014.09.09,00:28:41.595,106.024,106.021,1.25,1
2014.09.09,00:28:44.794,106.024,106.022,1,1
2014.09.09,00:28:47.032,106.024,106.021,1,1.5
2014.09.09,00:28:47.385,106.022,106.02,1,1
2014.09.09,00:28:47.891,106.022,106.019,1,2.44
2014.09.09,00:28:48.895,106.022,106.02,1,1
2014.09.09,00:28:49.412,106.022,106.019,1.5,1.5
2014.09.09,00:28:49.944,106.023,106.02,1,2.25
2014.09.09,00:28:51.382,106.023,106.019,1.5,3.19
2014.09.09,00:28:51.887,106.023,106.02,1.5,1
2014.09.09,00:28:55.312,106.023,106.019,1.5,1.69
2014.09.09,00:28:57.030,106.023,106.02,1.25,1
2014.09.09,00:29:13.209,106.024,106.02,9,1
2014.09.09,00:29:13.714,106.024,106.02,8.44,1
2014.09.09,00:29:16.639,106.024,106.02,8.44,1
2014.09.09,00:29:19.390,106.023,106.02,1,1
2014.09.09,00:29:20.927,106.024,106.02,7.69,1.5
2014.09.09,00:29:21.602,106.024,106.021,7.69,1
2014.09.09,00:29:22.309,106.025,106.022,3,1
2014.09.09,00:29:22.915,106.026,106.022,5.44,2.25
2014.09.09,00:29:24.054,106.025,106.022,1,1
2014.09.09,00:29:38.375,106.024,106.022,1,1
2014.09.09,00:29:52.342,106.024,106.023,1,1
2014.09.09,00:29:52.847,106.025,106.023,1.69,1
2014.09.09,00:29:53.505,106.024,106.023,1,1
2014.09.09,00:29:54.010,106.025,106.023,1,1
2014.09.09,00:29:55.525,106.026,106.023,1.69,1
2014.09.09,00:29:57.006,106.024,106.023,1,1
2014.09.09,00:29:57.511,106.025,106.023,1.5,1
2014.09.09,00:29:58.999,106.025,106.023,2.25,1
2014.09.09,00:30:01.531,106.026,106.024,2.25,1
2014.09.09,00:30:02.089,106.026,106.025,1,1
2014.09.09,00:30:02.356,106.028,106.026,1,1
2014.09.09,00:30:02.457,106.03,106.026,1,2.25
2014.09.09,00:30:02.508,106.03,106.028,1,1
2014.09.09,00:30:02.863,106.032,106.028,3.19,1.5
2014.09.09,00:30:03.015,106.033,106.03,3.19,1
2014.09.09,00:30:03.520,106.034,106.03,1.69,1
2014.09.09,00:30:04.025,106.034,106.031,1.25,1.5
2014.09.09,00:30:04.530,106.035,106.034,1,1
2014.09.09,00:30:04.885,106.037,106.035,1.69,1
2014.09.09,00:30:05.409,106.038,106.035,1.69,2.25
2014.09.09,00:30:06.234,106.038,106.037,1.25,1
2014.09.09,00:30:06.540,106.042,106.039,1.5,5.5
2014.09.09,00:30:06.743,106.042,106.039,1,4.5
2014.09.09,00:30:07.268,106.042,106.04,1,1
2014.09.09,00:30:09.173,106.043,106.04,3,1.5
2014.09.09,00:30:12.522,106.043,106.041,1,1
2014.09.09,00:30:13.033,106.043,106.04,1,1.5
2014.09.09,00:30:14.870,106.043,106.041,1,1
2014.09.09,00:30:15.421,106.044,106.041,1.69,1
2014.09.09,00:30:15.774,106.045,106.043,1,1.5
2014.09.09,00:30:16.281,106.045,106.044,1,1
2014.09.09,00:30:17.291,106.046,106.044,1,2.25
2014.09.09,00:30:17.799,106.047,106.044,1,2.25
2014.09.09,00:30:21.072,106.046,106.044,1,1
2014.09.09,00:30:21.786,106.046,106.043,1,2.25
2014.09.09,00:30:23.161,106.046,106.044,1.5,1
2014.09.09,00:30:23.731,106.046,106.043,1.5,1
2014.09.09,00:30:24.796,106.046,106.042,1.5,2.44
2014.09.09,00:30:25.309,106.045,106.042,2.44,1.5
2014.09.09,00:30:25.872,106.045,106.043,3.19,1
2014.09.09,00:30:26.277,106.044,106.041,1,2.25
2014.09.09,00:30:26.794,106.043,106.042,1.5,1
2014.09.09,00:30:27.838,106.043,106.04,2.44,4.5
2014.09.09,00:30:28.343,106.044,106.04,5.44,3
2014.09.09,00:30:29.761,106.043,106.04,1,3.75
2014.09.09,00:30:30.271,106.044,106.04,3.94,3.75
2014.09.09,00:30:30.857,106.043,106.04,1,3.75
2014.09.09,00:30:33.270,106.043,106.041,3.19,1
2014.09.09,00:30:34.233,106.044,106.041,3.19,1.5
2014.09.09,00:30:36.671,106.043,106.041,1,3
2014.09.09,00:30:37.176,106.042,106.04,1.5,1
2014.09.09,00:30:37.531,106.041,106.038,1.69,3
2014.09.09,00:30:38.036,106.041,106.037,3.19,3.75
2014.09.09,00:30:39.612,106.041,106.038,3.94,1.5
2014.09.09,00:30:40.117,106.041,106.039,2.44,1
2014.09.09,00:30:40.269,106.041,106.037,4.69,2.25
2014.09.09,00:30:40.793,106.041,106.038,3.94,1
2014.09.09,00:30:41.152,106.039,106.036,3.19,1.5
2014.09.09,00:30:41.455,106.038,106.035,3.19,2.25
2014.09.09,00:30:41.758,106.038,106.037,2.25,1
2014.09.09,00:30:41.859,106.04,106.037,1.5,1
2014.09.09,00:30:42.062,106.04,106.038,3.19,1
2014.09.09,00:30:42.596,106.04,106.038,2.44,1.5
2014.09.09,00:30:43.875,106.041,106.038,3.19,2.25
2014.09.09,00:30:44.825,106.04,106.038,1.25,2.25
2014.09.09,00:30:45.354,106.041,106.038,1.25,3
2014.09.09,00:30:45.659,106.041,106.04,1,1.5
2014.09.09,00:30:46.167,106.042,106.04,1,1
2014.09.09,00:30:46.689,106.043,106.04,1,1
2014.09.09,00:30:51.202,106.042,106.04,1,1.5
2014.09.09,00:30:56.915,106.044,106.04,3.19,1.5
2014.09.09,00:31:04.272,106.043,106.041,1,1
2014.09.09,00:31:05.805,106.044,106.042,2.25,1
2014.09.09,00:31:06.007,106.045,106.043,1,1
2014.09.09,00:31:06.160,106.046,106.043,1,2.25
2014.09.09,00:31:07.703,106.046,106.044,1,1
2014.09.09,00:31:10.015,106.047,106.044,1.5,1
2014.09.09,00:31:10.885,106.046,106.044,1,1
2014.09.09,00:31:11.421,106.047,106.044,1,1
2014.09.09,00:31:12.328,106.046,106.044,1,1
2014.09.09,00:31:14.057,106.047,106.044,1,1
2014.09.09,00:31:31.416,106.047,106.043,1.5,3.75
2014.09.09,00:31:32.127,106.047,106.044,1,1
2014.09.09,00:31:33.854,106.047,106.043,1,3
2014.09.09,00:31:34.360,106.047,106.044,1,1
2014.09.09,00:31:34.926,106.047,106.043,1,3
2014.09.09,00:31:35.563,106.047,106.044,1,1.5
2014.09.09,00:31:38.137,106.047,106.045,1,1
2014.09.09,00:31:55.674,106.048,106.045,3,1.5
2014.09.09,00:32:13.510,106.047,106.045,1,1.5
2014.09.09,00:32:20.103,106.048,106.045,1.5,1.5
2014.09.09,00:32:31.863,106.047,106.045,1,1
2014.09.09,00:32:32.368,106.048,106.045,2.25,1
2014.09.09,00:32:34.148,106.047,106.045,1,1
2014.09.09,00:32:34.653,106.048,106.045,2.25,1
2014.09.09,00:32:35.339,106.047,106.045,1,1
2014.09.09,00:32:35.889,106.048,106.045,2.25,1
2014.09.09,00:32:36.397,106.047,106.045,1,1
2014.09.09,00:32:42.581,106.047,106.046,1,1
2014.09.09,00:32:43.362,106.048,106.046,1.5,1
2014.09.09,00:32:50.278,106.047,106.046,1,1
2014.09.09,00:32:50.802,106.048,106.046,1,1
2014.09.09,00:32:54.349,106.048,106.045,1,1
2014.09.09,00:32:54.400,106.045,106.044,1.5,1.25
2014.09.09,00:32:54.451,106.045,106.042,2.25,3.75
2014.09.09,00:32:54.959,106.045,106.043,1.5,1
2014.09.09,00:32:55.464,106.046,106.044,1,1
2014.09.09,00:32:55.970,106.046,106.043,1,1.5
2014.09.09,00:32:56.475,106.046,106.042,2.44,1.5
2014.09.09,00:32:56.983,106.046,106.043,1.69,1
2014.09.09,00:32:57.948,106.046,106.043,1.69,1
2014.09.09,00:32:59.926,106.046,106.043,2.44,1
2014.09.09,00:33:02.522,106.046,106.044,1,1
2014.09.09,00:33:03.027,106.046,106.043,1,1
2014.09.09,00:33:03.756,106.046,106.044,1,1
2014.09.09,00:33:06.248,106.046,106.043,1,1.5
2014.09.09,00:33:10.781,106.047,106.043,1.5,1.69
2014.09.09,00:33:11.545,106.047,106.044,1,1
2014.09.09,00:33:11.976,106.047,106.042,1.25,3.94
2014.09.09,00:33:12.481,106.046,106.043,1,1
2014.09.09,00:33:12.986,106.046,106.042,1,3.75
2014.09.09,00:33:13.625,106.047,106.042,1,3.75
2014.09.09,00:33:14.130,106.048,106.042,8.44,5.44
2014.09.09,00:33:26.180,106.048,106.044,6.94,1
2014.09.09,00:33:28.384,106.047,106.044,1,1
2014.09.09,00:33:30.366,106.048,106.044,4.69,1.5
2014.09.09,00:33:30.925,106.048,106.044,5.44,1.5
2014.09.09,00:33:39.143,106.046,106.044,1.25,1.5
2014.09.09,00:33:41.120,106.047,106.044,1.25,1.5
2014.09.09,00:33:47.482,106.047,106.045,1,1
2014.09.09,00:33:47.992,106.048,106.045,2.25,1
2014.09.09,00:33:52.926,106.048,106.044,2.25,2.25
2014.09.09,00:33:53.027,106.045,106.044,1,2.25
2014.09.09,00:33:54.454,106.046,106.044,1.5,1
2014.09.09,00:33:56.128,106.046,106.045,1,1
2014.09.09,00:33:57.127,106.046,106.044,1,2.25
2014.09.09,00:33:59.609,106.047,106.044,1,3
2014.09.09,00:34:00.114,106.047,106.045,1,1
2014.09.09,00:34:03.034,106.047,106.044,1,1.5
2014.09.09,00:34:15.678,106.047,106.045,1,1
2014.09.09,00:34:16.693,106.047,106.044,1,1.5
2014.09.09,00:34:25.318,106.047,106.045,1,1
2014.09.09,00:34:26.030,106.047,106.044,1,2.25
2014.09.09,00:34:26.614,106.047,106.045,1,1
2014.09.09,00:34:27.167,106.048,106.045,1,1
2014.09.09,00:35:00.733,106.048,106.046,1,1
2014.09.09,00:35:01.240,106.048,106.045,1,6
2014.09.09,00:35:08.348,106.048,106.046,1,1
2014.09.09,00:35:09.045,106.048,106.045,1,1.69
2014.09.09,00:35:09.835,106.048,106.046,1,1
2014.09.09,00:35:11.752,106.048,106.045,1,1.69
2014.09.09,00:35:12.256,106.048,106.046,1,1
2014.09.09,00:35:13.589,106.048,106.045,1,1.69
2014.09.09,00:35:14.900,106.048,106.046,1,1
2014.09.09,00:35:15.552,106.048,106.045,1,3.19
2014.09.09,00:35:17.840,106.047,106.044,1.69,2.25
2014.09.09,00:35:18.850,106.047,106.045,1.25,1
2014.09.09,00:35:19.153,106.049,106.047,1,1
2014.09.09,00:35:19.457,106.052,106.049,1.25,1.5
2014.09.09,00:35:19.710,106.053,106.051,1.25,1
2014.09.09,00:35:20.063,106.054,106.052,2.44,1
2014.09.09,00:35:22.874,106.054,106.051,1,1.5
2014.09.09,00:35:23.379,106.054,106.052,1,1
2014.09.09,00:35:24.846,106.055,106.052,4.69,1
2014.09.09,00:35:25.350,106.054,106.052,1,1
2014.09.09,00:35:26.654,106.055,106.052,2.44,1
2014.09.09,00:35:26.906,106.055,106.05,2.44,3.19
2014.09.09,00:35:28.909,106.054,106.05,1.5,2.25
2014.09.09,00:35:29.875,106.054,106.051,1,1
2014.09.09,00:35:31.122,106.054,106.052,1,1
2014.09.09,00:35:31.635,106.054,106.051,1,3.75
2014.09.09,00:35:32.656,106.054,106.05,1.69,6
2014.09.09,00:35:32.908,106.051,106.049,1,1.5
2014.09.09,00:35:33.111,106.05,106.048,1,1
2014.09.09,00:35:33.319,106.049,106.046,1,6
2014.09.09,00:35:33.881,106.05,106.046,2.44,6
2014.09.09,00:35:42.204,106.051,106.048,1.5,1
2014.09.09,00:35:42.508,106.053,106.05,1,2.25
2014.09.09,00:35:42.811,106.054,106.052,1.25,1
2014.09.09,00:35:43.316,106.055,106.051,2.44,1.5
2014.09.09,00:35:44.812,106.055,106.052,1.69,1.5
2014.09.09,00:35:47.026,106.055,106.051,1.69,2.25
2014.09.09,00:35:52.677,106.055,106.052,2.44,1.5
2014.09.09,00:35:52.931,106.058,106.055,1,4.5
2014.09.09,00:35:53.436,106.059,106.055,1.69,5.25
2014.09.09,00:35:53.940,106.058,106.055,1,5.25
2014.09.09,00:35:55.050,106.059,106.055,1.5,4.87
2014.09.09,00:35:56.010,106.058,106.055,1,1.5
2014.09.09,00:35:56.566,106.059,106.055,2.44,1
2014.09.09,00:35:57.079,106.058,106.055,1,1
2014.09.09,00:36:00.571,106.058,106.054,1.5,3.75
2014.09.09,00:36:03.039,106.057,106.054,1,1.5
2014.09.09,00:36:13.591,106.055,106.053,1,1.5
2014.09.09,00:36:13.692,106.054,106.051,1.5,1
2014.09.09,00:36:14.349,106.053,106.051,1,1
2014.09.09,00:36:14.955,106.053,106.049,2.44,1
2014.09.09,00:36:15.459,106.052,106.049,2.25,1
2014.09.09,00:36:15.712,106.05,106.049,1,1
2014.09.09,00:36:15.763,106.05,106.047,1,3
2014.09.09,00:36:16.268,106.049,106.047,1,1.5
2014.09.09,00:36:16.826,106.05,106.047,1.5,1.5
2014.09.09,00:36:16.978,106.052,106.049,1,1
2014.09.09,00:36:17.484,106.051,106.048,1,1.5
2014.09.09,00:36:19.779,106.052,106.048,2.44,2.25
2014.09.09,00:36:20.284,106.051,106.049,1,1
2014.09.09,00:36:21.558,106.051,106.048,1,1.5
2014.09.09,00:36:22.494,106.05,106.048,1.25,1
2014.09.09,00:36:22.999,106.05,106.047,1.25,1.5
2014.09.09,00:36:27.860,106.049,106.047,1,1
2014.09.09,00:36:28.113,106.048,106.045,1.25,1
2014.09.09,00:36:29.994,106.047,106.045,1,1
2014.09.09,00:36:30.510,106.048,106.045,1.25,1
2014.09.09,00:36:32.149,106.049,106.045,3.94,1
2014.09.09,00:36:43.830,106.049,106.046,1,1
2014.09.09,00:36:52.634,106.048,106.046,1,1
2014.09.09,00:36:52.735,106.047,106.044,1,2.25
2014.09.09,00:36:55.831,106.046,106.044,1,1
2014.09.09,00:36:56.335,106.044,106.042,1,1
2014.09.09,00:36:56.638,106.044,106.04,6.19,1.5
2014.09.09,00:36:59.312,106.043,106.04,1,1
2014.09.09,00:37:05.693,106.043,106.039,1,3.19
2014.09.09,00:37:06.383,106.042,106.039,1.25,2.25
2014.09.09,00:37:06.535,106.04,106.039,1.5,1
2014.09.09,00:37:06.686,106.041,106.037,1.5,3
2014.09.09,00:37:07.040,106.041,106.039,2.25,1
2014.09.09,00:37:10.842,106.043,106.039,1.69,2.25
2014.09.09,00:37:14.962,106.041,106.038,1,1.25
2014.09.09,00:37:15.265,106.039,106.037,1.5,1
2014.09.09,00:37:15.779,106.039,106.036,1.5,1.5
2014.09.09,00:37:16.268,106.037,106.035,1,1.5
2014.09.09,00:37:16.470,106.038,106.033,6.19,1
2014.09.09,00:37:16.672,106.034,106.032,1,1.5
2014.09.09,00:37:16.824,106.03,106.027,1.25,3
2014.09.09,00:37:17.128,106.032,106.028,1.5,2.25
2014.09.09,00:37:17.634,106.032,106.029,1.25,1.5
2014.09.09,00:37:18.143,106.031,106.028,1,1
2014.09.09,00:37:20.081,106.032,106.028,1.25,2.25
2014.09.09,00:37:20.283,106.033,106.03,1.5,1.5
2014.09.09,00:37:20.817,106.033,106.031,1.5,1
2014.09.09,00:37:22.245,106.032,106.03,1,1
2014.09.09,00:37:22.296,106.031,106.029,1.5,1.25
2014.09.09,00:37:22.347,106.029,106.027,1,1.5
2014.09.09,00:37:22.700,106.03,106.029,1,1
2014.09.09,00:37:22.753,106.032,106.03,1,1
2014.09.09,00:37:23.056,106.034,106.031,1.69,1
2014.09.09,00:37:23.310,106.034,106.033,1,1
2014.09.09,00:37:23.362,106.036,106.033,1.69,1
2014.09.09,00:37:23.867,106.036,106.032,2.44,1.5
2014.09.09,00:37:24.990,106.032,106.031,1,1.69
2014.09.09,00:37:25.192,106.031,106.029,1,1
2014.09.09,00:37:25.344,106.03,106.027,1.69,2.25
2014.09.09,00:37:25.597,106.028,106.026,1,1
2014.09.09,00:37:25.900,106.027,106.024,1,1.5
2014.09.09,00:37:26.652,106.028,106.024,2.25,1.5
2014.09.09,00:37:26.753,106.026,106.025,1,1
2014.09.09,00:37:27.258,106.026,106.024,1,1
2014.09.09,00:37:27.965,106.028,106.024,1.5,1.5
2014.09.09,00:37:28.319,106.029,106.027,1.69,1
2014.09.09,00:37:28.622,106.03,106.029,1,1
2014.09.09,00:37:28.673,106.032,106.03,1,1.5
2014.09.09,00:37:29.128,106.034,106.032,1.19,1.5
2014.09.09,00:37:29.179,106.035,106.032,1.5,2.25
2014.09.09,00:37:29.281,106.037,106.034,1.69,1
2014.09.09,00:37:29.791,106.037,106.033,1.69,1.5
2014.09.09,00:37:31.440,106.035,106.033,3.75,1
2014.09.09,00:37:31.946,106.035,106.034,1,1
2014.09.09,00:37:32.447,106.036,106.034,1.25,1
2014.09.09,00:37:32.953,106.036,106.033,1,1
2014.09.09,00:37:38.263,106.036,106.034,1,1
2014.09.09,00:37:38.726,106.035,106.032,1,2.25
2014.09.09,00:37:39.231,106.034,106.031,1.25,1.5
2014.09.09,00:37:39.905,106.033,106.03,1,1
2014.09.09,00:37:40.927,106.032,106.029,1,3
2014.09.09,00:37:40.978,106.03,106.028,1,2.25
2014.09.09,00:37:41.281,106.028,106.027,1,1
2014.09.09,00:37:41.484,106.028,106.025,1,1
2014.09.09,00:37:41.989,106.028,106.024,1.5,3
2014.09.09,00:37:42.514,106.028,106.025,1.5,1
2014.09.09,00:37:43.018,106.028,106.024,1.5,3
2014.09.09,00:37:43.903,106.027,106.024,1,2.25
2014.09.09,00:37:50.638,106.028,106.024,1.5,1.69
2014.09.09,00:37:51.900,106.029,106.025,1,1.5
2014.09.09,00:37:52.102,106.029,106.027,1,1.5
2014.09.09,00:37:52.457,106.03,106.029,1,1
2014.09.09,00:37:52.608,106.032,106.029,1,1
2014.09.09,00:37:53.120,106.032,106.028,1,3.19
2014.09.09,00:37:54.533,106.033,106.029,3.94,1
2014.09.09,00:38:01.507,106.033,106.029,3,1
2014.09.09,00:38:04.041,106.034,106.03,6.56,1
2014.09.09,00:38:04.557,106.034,106.03,6.56,1
2014.09.09,00:38:06.326,106.034,106.029,2.44,1.69
2014.09.09,00:38:07.563,106.034,106.029,2.44,2.25
2014.09.09,00:38:08.068,106.034,106.03,3.19,1
2014.09.09,00:38:10.026,106.033,106.029,1.25,3
2014.09.09,00:38:10.527,106.032,106.028,2.44,1.5
2014.09.09,00:38:14.145,106.032,106.029,1,1
2014.09.09,00:38:14.902,106.033,106.031,1,1
2014.09.09,00:38:15.206,106.036,106.033,1,3.25
2014.09.09,00:38:15.459,106.038,106.036,1,2.25
2014.09.09,00:38:15.511,106.041,106.038,2.25,1.5
2014.09.09,00:38:15.561,106.04,106.038,1,3.19
2014.09.09,00:38:15.713,106.042,106.04,1,1
2014.09.09,00:38:15.815,106.043,106.04,1,1
2014.09.09,00:38:16.472,106.043,106.042,1,1
2014.09.09,00:38:17.788,106.043,106.041,1,1
2014.09.09,00:38:18.094,106.041,106.039,1,1
2014.09.09,00:38:18.297,106.04,106.038,1.5,1
2014.09.09,00:38:18.348,106.038,106.037,1,2.44
2014.09.09,00:38:18.862,106.038,106.036,1,1
2014.09.09,00:38:21.865,106.039,106.036,1,1.5
2014.09.09,00:38:22.370,106.04,106.036,3,2.44
2014.09.09,00:38:22.825,106.038,106.036,1,1
2014.09.09,00:38:24.477,106.039,106.036,1.5,1.5
2014.09.09,00:38:24.982,106.04,106.037,1,1
2014.09.09,00:38:25.487,106.042,106.037,3.94,1
2014.09.09,00:38:25.992,106.042,106.037,3,1
2014.09.09,00:38:28.985,106.042,106.039,1.5,1
2014.09.09,00:38:29.489,106.043,106.039,3.75,2.25
2014.09.09,00:38:29.992,106.043,106.04,1.5,1.5
2014.09.09,00:38:30.497,106.043,106.039,1.5,1.69
2014.09.09,00:38:31.002,106.043,106.04,1,1
2014.09.09,00:38:31.507,106.042,106.04,1,1
2014.09.09,00:38:32.341,106.042,106.039,1,2.44
2014.09.09,00:38:33.553,106.042,106.038,3,3.75
2014.09.09,00:38:34.057,106.041,106.038,1.5,1
2014.09.09,00:38:37.216,106.04,106.037,1,1.5
2014.09.09,00:38:37.520,106.037,106.035,1.5,1
2014.09.09,00:38:37.571,106.037,106.033,1.5,2.25
2014.09.09,00:38:38.788,106.037,106.034,1.5,1
2014.09.09,00:38:46.944,106.037,106.035,1,1
2014.09.09,00:38:50.222,106.037,106.034,1,1.5
2014.09.09,00:38:59.095,106.036,106.034,1,1
2014.09.09,00:39:01.102,106.037,106.034,1.5,1
2014.09.09,00:39:02.712,106.037,106.035,1,1
2014.09.09,00:39:03.217,106.038,106.035,3.19,1.5
2014.09.09,00:39:06.711,106.036,106.035,1,1
2014.09.09,00:39:06.813,106.038,106.035,1.69,1
2014.09.09,00:39:11.706,106.038,106.036,1,1
2014.09.09,00:39:11.908,106.04,106.036,5.44,1
2014.09.09,00:39:13.176,106.039,106.036,1.25,1
2014.09.09,00:39:13.570,106.038,106.034,1.5,3.94
2014.09.09,00:39:25.942,106.037,106.034,1,3.75
2014.09.09,00:39:26.296,106.036,106.032,4.5,2.25
2014.09.09,00:39:27.970,106.036,106.034,1,1
2014.09.09,00:39:28.526,106.037,106.034,1,1
2014.09.09,00:39:29.031,106.038,106.034,2.44,1
2014.09.09,00:39:30.988,106.036,106.033,1,2.44
2014.09.09,00:39:31.645,106.037,106.033,3.19,3
2014.09.09,00:39:31.999,106.037,106.035,1,1
2014.09.09,00:39:32.050,106.039,106.035,1.25,1
2014.09.09,00:39:32.555,106.039,106.036,1.25,1
2014.09.09,00:39:35.339,106.039,106.037,1,1
2014.09.09,00:39:35.491,106.041,106.039,2.44,1.5
2014.09.09,00:39:35.743,106.043,106.04,1,1.5
2014.09.09,00:39:35.895,106.041,106.039,1,1.5
2014.09.09,00:39:36.200,106.039,106.037,1,1
2014.09.09,00:39:36.704,106.038,106.037,1,1
2014.09.09,00:39:37.007,106.038,106.035,1,1.5
2014.09.09,00:39:37.538,106.039,106.035,1.25,1.5
2014.09.09,00:39:41.009,106.039,106.036,1.69,1
2014.09.09,00:39:42.177,106.038,106.036,1,1
2014.09.09,00:39:42.875,106.039,106.036,2.44,1
2014.09.09,00:39:45.182,106.039,106.035,2.25,2.25
2014.09.09,00:39:45.384,106.037,106.034,1,2.25
2014.09.09,00:39:45.889,106.038,106.034,1,1.5
2014.09.09,00:39:47.007,106.036,106.034,1,1
2014.09.09,00:39:47.311,106.035,106.032,1,1.5
2014.09.09,00:39:51.297,106.036,106.034,1.5,1.5
2014.09.09,00:39:51.802,106.037,106.034,1.25,1
2014.09.09,00:39:52.333,106.038,106.034,1.69,1
2014.09.09,00:39:52.840,106.037,106.035,1,1.25
2014.09.09,00:39:53.346,106.038,106.034,1.5,3.94
2014.09.09,00:39:54.002,106.038,106.035,1.5,1
2014.09.09,00:39:57.262,106.038,106.036,1,2.44
2014.09.09,00:39:59.069,106.038,106.037,1,3.19
2014.09.09,00:39:59.221,106.04,106.037,1,3.19
2014.09.09,00:39:59.726,106.041,106.037,5.25,3.19
2014.09.09,00:40:00.260,106.041,106.038,1.5,1.5
2014.09.09,00:40:00.363,106.041,106.04,1,1
2014.09.09,00:40:00.414,106.043,106.041,1.5,1
2014.09.09,00:40:00.616,106.045,106.043,1.5,2.44
2014.09.09,00:40:01.121,106.046,106.043,2.25,2.44
2014.09.09,00:40:01.703,106.046,106.044,1.5,1.25
2014.09.09,00:40:03.705,106.046,106.043,1,3.19
2014.09.09,00:40:04.051,106.047,106.045,1.5,2.44
2014.09.09,00:40:04.555,106.048,106.046,1,1.5
2014.09.09,00:40:04.707,106.05,106.047,1.5,2.44
2014.09.09,00:40:05.011,106.052,106.049,3,1
2014.09.09,00:40:05.547,106.051,106.049,1,3.19
2014.09.09,00:40:06.053,106.051,106.048,1,3.94
2014.09.09,00:40:06.155,106.053,106.048,2.25,6.19
2014.09.09,00:40:06.256,106.053,106.05,1,1
2014.09.09,00:40:06.762,106.054,106.05,1,1.5
2014.09.09,00:40:08.127,106.054,106.051,1,2.44
2014.09.09,00:40:09.129,106.054,106.051,1,1.25
2014.09.09,00:40:09.634,106.055,106.052,1,1.25
2014.09.09,00:40:09.937,106.055,106.054,1,2.44
2014.09.09,00:40:10.443,106.056,106.055,1,1
2014.09.09,00:40:10.649,106.058,106.055,1,1
2014.09.09,00:40:11.177,106.058,106.055,1,3.19
2014.09.09,00:40:12.923,106.058,106.055,1,1.5
2014.09.09,00:40:16.001,106.057,106.054,3.37,3.94
2014.09.09,00:40:17.466,106.058,106.054,2.25,1.69
2014.09.09,00:40:17.971,106.058,106.055,1,1
2014.09.09,00:40:20.077,106.058,106.056,1,1.25
2014.09.09,00:40:20.861,106.057,106.056,4.12,1.25
2014.09.09,00:40:21.366,106.057,106.055,4.12,3.19
2014.09.09,00:40:21.880,106.058,106.055,2.25,2.44
2014.09.09,00:40:22.385,106.058,106.056,1,1.25
2014.09.09,00:40:25.064,106.058,106.055,1,4.69
2014.09.09,00:40:25.569,106.058,106.056,1,1
2014.09.09,00:40:27.028,106.058,106.055,1,4.69
2014.09.09,00:40:27.556,106.059,106.055,1,3.19
2014.09.09,00:40:30.273,106.058,106.055,1,3.94
2014.09.09,00:40:30.778,106.06,106.058,1.5,2.44
2014.09.09,00:40:31.802,106.06,106.057,1.5,1.69
2014.09.09,00:40:32.106,106.062,106.059,1.5,2.44
2014.09.09,00:40:32.409,106.062,106.061,1.5,2.44
2014.09.09,00:40:32.662,106.061,106.059,1,3.19
2014.09.09,00:40:34.976,106.062,106.059,1,3.94
2014.09.09,00:40:42.274,106.061,106.059,1,3.94
2014.09.09,00:40:42.781,106.062,106.059,2.25,3.19
2014.09.09,00:40:47.525,106.062,106.058,1.5,3.19
2014.09.09,00:40:48.233,106.061,106.058,1,2.44
2014.09.09,00:40:49.740,106.061,106.057,3,1.69
2014.09.09,00:40:50.245,106.06,106.057,1,1
2014.09.09,00:40:53.359,106.061,106.057,3,1.25
2014.09.09,00:40:53.865,106.061,106.058,1,1
2014.09.09,00:40:58.984,106.061,106.057,2.44,1.5
2014.09.09,00:41:03.535,106.06,106.057,1,1.5
2014.09.09,00:41:07.630,106.061,106.057,1.69,3
2014.09.09,00:41:08.342,106.06,106.057,1,2.25
2014.09.09,00:41:08.932,106.061,106.057,2.44,3
2014.09.09,00:41:10.154,106.06,106.057,1,2.25
2014.09.09,00:41:10.756,106.061,106.057,1,3.75
2014.09.09,00:41:11.008,106.061,106.059,1,1.5
2014.09.09,00:41:11.362,106.063,106.059,3,1
2014.09.09,00:41:11.464,106.061,106.059,1,1
2014.09.09,00:41:12.031,106.061,106.058,1,1
2014.09.09,00:41:14.791,106.061,106.059,1,1
2014.09.09,00:41:15.297,106.062,106.059,1,1
2014.09.09,00:41:18.613,106.062,106.058,1.69,1.5
2014.09.09,00:41:20.050,106.062,106.059,1.69,1
2014.09.09,00:41:23.138,106.062,106.06,1,1.5
2014.09.09,00:41:23.280,106.064,106.061,1.69,1
2014.09.09,00:41:23.788,106.065,106.061,2.25,1
2014.09.09,00:41:24.099,106.062,106.06,1,1.5
2014.09.09,00:41:24.453,106.062,106.058,4.87,1
2014.09.09,00:41:24.959,106.061,106.057,1.5,2.44
