Time,Ask,Bid,AskVolume,BidVolume,
2014.09.11,00:00:00.700,1.29169,1.29166,1.12,1
2014.09.11,00:00:01.207,1.29169,1.29168,1,1
2014.09.11,00:00:01.411,1.29171,1.29169,1,1
2014.09.11,00:00:01.919,1.29172,1.29169,1.5,1
2014.09.11,00:00:02.880,1.29172,1.29171,1.5,1
2014.09.11,00:00:02.982,1.29174,1.29171,1,1
2014.09.11,00:00:03.489,1.29175,1.29171,4.31,1
2014.09.11,00:00:04.013,1.29174,1.29171,1.12,2.25
2014.09.11,00:00:06.299,1.29173,1.29168,2.25,3
2014.09.11,00:00:07.458,1.29173,1.29171,1,1
2014.09.11,00:00:07.611,1.29174,1.29169,1.69,2.25
2014.09.11,00:00:08.228,1.29174,1.2917,1.25,1
2014.09.11,00:00:08.772,1.29174,1.29169,1,5.62
2014.09.11,00:00:09.042,1.29174,1.29171,1,1
2014.09.11,00:00:13.977,1.29174,1.29172,1,1
2014.09.11,00:00:14.483,1.29173,1.29172,1,1
2014.09.11,00:00:14.839,1.29175,1.29171,3,1
2014.09.11,00:00:14.891,1.29175,1.29173,2.25,1
2014.09.11,00:00:15.406,1.29176,1.29173,2.44,1
2014.09.11,00:00:15.932,1.29175,1.29173,1.25,1
2014.09.11,00:00:16.439,1.29176,1.29173,1.5,1
2014.09.11,00:00:16.644,1.29176,1.29171,1.5,2.25
2014.09.11,00:00:17.151,1.29175,1.29171,1,1
2014.09.11,00:00:17.826,1.29176,1.29171,3.56,1
2014.09.11,00:00:18.736,1.29175,1.29171,1.12,1
2014.09.11,00:00:19.247,1.29176,1.29171,3.56,1
2014.09.11,00:00:19.870,1.29175,1.29171,1.12,1
2014.09.11,00:00:20.625,1.29176,1.29171,3.19,1
2014.09.11,00:00:21.137,1.29175,1.29171,1,1
2014.09.11,00:00:21.721,1.29176,1.29171,3.19,1
2014.09.11,00:00:22.406,1.29175,1.29171,1,1
2014.09.11,00:00:22.916,1.29176,1.29171,3.19,1
2014.09.11,00:00:23.653,1.29175,1.29171,1,1
2014.09.11,00:00:24.170,1.29176,1.29171,3.56,1
2014.09.11,00:00:24.687,1.29175,1.29171,1.12,1
2014.09.11,00:00:25.538,1.29176,1.29171,3.56,1
2014.09.11,00:00:26.295,1.29175,1.29171,1.12,1
2014.09.11,00:00:26.901,1.29176,1.29171,3.56,1
2014.09.11,00:00:27.830,1.29175,1.29171,1.12,1
2014.09.11,00:00:28.363,1.29176,1.29171,3.19,1
2014.09.11,00:00:29.020,1.29175,1.29171,1,1
2014.09.11,00:00:29.583,1.29176,1.29171,3.19,1
2014.09.11,00:00:30.093,1.29175,1.29171,1,1
2014.09.11,00:00:30.968,1.29176,1.29171,3.19,1.5
2014.09.11,00:00:31.664,1.29175,1.29171,1,1.5
2014.09.11,00:00:32.349,1.29176,1.29171,3.19,1.5
2014.09.11,00:00:32.906,1.29175,1.29171,1.12,1.5
2014.09.11,00:00:33.008,1.29174,1.29172,1.5,1
2014.09.11,00:00:33.160,1.29175,1.29171,3,1
2014.09.11,00:00:33.385,1.29173,1.29171,1.5,1
2014.09.11,00:00:33.893,1.29173,1.29172,1,1
2014.09.11,00:00:34.046,1.29174,1.29172,1.5,1
2014.09.11,00:00:34.198,1.29172,1.29168,1,9.56
2014.09.11,00:00:34.350,1.29171,1.29168,1.5,1
2014.09.11,00:00:34.552,1.29169,1.29168,1,1
2014.09.11,00:00:35.318,1.2917,1.29168,1,1
2014.09.11,00:00:35.860,1.2917,1.29169,1,1
2014.09.11,00:00:36.929,1.29172,1.29169,2.25,1
2014.09.11,00:00:40.931,1.29173,1.29169,1,2.25
2014.09.11,00:00:41.032,1.29171,1.29169,1,1.25
2014.09.11,00:00:41.134,1.29173,1.29169,1,1.69
2014.09.11,00:00:41.236,1.29171,1.29169,1,1.25
2014.09.11,00:00:42.005,1.29172,1.29171,1,1
2014.09.11,00:00:42.057,1.29174,1.29171,1,1
2014.09.11,00:00:42.158,1.29175,1.29173,1,1
2014.09.11,00:00:42.665,1.29176,1.29172,2.06,1.5
2014.09.11,00:00:43.272,1.29176,1.29172,1.87,1.5
2014.09.11,00:00:43.778,1.29176,1.29172,1.87,2.25
2014.09.11,00:00:44.320,1.29175,1.29172,1,1
2014.09.11,00:00:44.927,1.29176,1.29172,1.12,1
2014.09.11,00:00:45.452,1.29176,1.29173,1.37,1
2014.09.11,00:00:45.970,1.29176,1.29173,1.12,1
2014.09.11,00:00:46.889,1.29176,1.29173,1.37,1
2014.09.11,00:00:47.395,1.29177,1.29173,5.06,2.25
2014.09.11,00:00:48.537,1.29176,1.29173,1.87,1
2014.09.11,00:00:49.047,1.29176,1.29173,1.25,2.25
2014.09.11,00:00:49.577,1.29176,1.29174,1.25,1
2014.09.11,00:00:52.364,1.29178,1.29176,8.44,1
2014.09.11,00:00:52.978,1.29177,1.29176,1,1
2014.09.11,00:00:53.523,1.29178,1.29176,6.75,1
2014.09.11,00:00:54.029,1.29177,1.29175,1.5,1
2014.09.11,00:00:55.346,1.29176,1.29173,1.37,2.25
2014.09.11,00:00:55.853,1.29176,1.29173,1.87,1
2014.09.11,00:00:56.798,1.29176,1.29173,1.87,1
2014.09.11,00:00:57.318,1.29176,1.29173,1.87,1
2014.09.11,00:00:57.829,1.29176,1.29173,1.87,1
2014.09.11,00:00:58.374,1.29176,1.29173,1.87,1
2014.09.11,00:01:00.776,1.29176,1.29173,2.62,1
2014.09.11,00:01:01.184,1.29175,1.29171,1.5,1.5
2014.09.11,00:01:01.747,1.29175,1.29172,3.75,1
2014.09.11,00:01:02.449,1.29174,1.29171,1,2.25
2014.09.11,00:01:04.860,1.29175,1.29171,3,1.5
2014.09.11,00:01:07.724,1.29174,1.29171,1.25,2.25
2014.09.11,00:01:10.720,1.29175,1.29171,5.06,2.25
2014.09.11,00:01:12.498,1.29175,1.29172,5.62,1
2014.09.11,00:01:12.701,1.29175,1.29174,1.12,1
2014.09.11,00:01:13.426,1.29176,1.29174,3.19,1
2014.09.11,00:01:13.990,1.29175,1.29174,1.25,1
2014.09.11,00:01:15.268,1.29176,1.29174,3.19,1
2014.09.11,00:01:15.932,1.29175,1.29174,1,1
2014.09.11,00:01:16.442,1.29176,1.29174,2.06,1
2014.09.11,00:01:16.953,1.29175,1.29173,1,2.25
2014.09.11,00:01:18.527,1.29176,1.29173,1.12,1
2014.09.11,00:01:20.049,1.29176,1.29173,2.62,1
2014.09.11,00:01:20.555,1.29176,1.29173,2.62,1
2014.09.11,00:01:21.495,1.29176,1.29173,2.62,1
2014.09.11,00:01:22.003,1.29176,1.29174,2.25,1
2014.09.11,00:01:22.833,1.29177,1.29174,2.25,1
2014.09.11,00:01:23.673,1.29178,1.29175,3.19,1
2014.09.11,00:01:24.180,1.29177,1.29175,1,1
2014.09.11,00:01:25.664,1.29178,1.29175,3.19,1
2014.09.11,00:01:32.308,1.29177,1.29175,1,1
2014.09.11,00:01:45.013,1.29177,1.29173,1,4.5
2014.09.11,00:01:53.690,1.29176,1.29173,1,1
2014.09.11,00:01:59.404,1.29177,1.29173,1.5,2.25
2014.09.11,00:01:59.505,1.29178,1.29175,2.25,1
2014.09.11,00:02:09.071,1.29178,1.29177,1,1.87
2014.09.11,00:02:09.223,1.29181,1.29179,4.5,2.25
2014.09.11,00:02:09.275,1.29182,1.2918,1,1
2014.09.11,00:02:09.376,1.29185,1.29181,4.69,3.45
2014.09.11,00:02:09.882,1.29186,1.29183,3.56,1
2014.09.11,00:02:10.388,1.29187,1.29184,5.06,1
2014.09.11,00:02:10.895,1.29186,1.29184,1.25,1
2014.09.11,00:02:11.625,1.29187,1.29184,1.37,1
2014.09.11,00:02:12.170,1.29187,1.29184,1.37,1
2014.09.11,00:02:12.372,1.29188,1.29183,3.94,2.25
2014.09.11,00:02:12.879,1.29188,1.29184,1.69,1.5
2014.09.11,00:02:13.591,1.29189,1.29184,3.94,1
2014.09.11,00:02:14.163,1.29188,1.29184,1,1.5
2014.09.11,00:02:14.517,1.29189,1.29187,3,1
2014.09.11,00:02:14.822,1.29194,1.29192,1,1.5
2014.09.11,00:02:14.873,1.29196,1.29193,4.12,1.07
2014.09.11,00:02:15.144,1.29197,1.29194,1.69,1
2014.09.11,00:02:15.499,1.29199,1.29196,1.25,1.5
2014.09.11,00:02:16.005,1.292,1.29196,2.06,2.25
2014.09.11,00:02:16.511,1.29201,1.29197,3.19,2.25
2014.09.11,00:02:17.219,1.292,1.29197,1,1
2014.09.11,00:02:19.025,1.29201,1.29197,3.37,1
2014.09.11,00:02:19.558,1.29201,1.29197,3.37,1
2014.09.11,00:02:20.262,1.29201,1.29197,2.62,1
2014.09.11,00:02:20.890,1.29201,1.29197,2.62,1
2014.09.11,00:02:21.416,1.29201,1.29197,2.62,1
2014.09.11,00:02:23.598,1.29201,1.29197,2.62,1
2014.09.11,00:02:24.106,1.29201,1.29197,2.62,1
2014.09.11,00:02:24.971,1.29201,1.29197,2.62,1
2014.09.11,00:02:25.488,1.29201,1.29197,3.56,1
2014.09.11,00:02:27.276,1.29201,1.29197,3.56,1
2014.09.11,00:02:28.016,1.29201,1.29197,2.81,1
2014.09.11,00:02:28.550,1.29201,1.29197,3.56,1
2014.09.11,00:02:30.190,1.292,1.29196,1.25,2.25
2014.09.11,00:02:30.696,1.29199,1.29195,2.06,2.25
2014.09.11,00:02:31.404,1.29198,1.29195,2.25,1.5
2014.09.11,00:02:31.910,1.29199,1.29195,3.94,1.5
2014.09.11,00:02:32.450,1.29198,1.29195,1,1.5
2014.09.11,00:02:32.967,1.29199,1.29195,3.19,1.5
2014.09.11,00:02:33.702,1.29198,1.29195,1,1.5
2014.09.11,00:02:37.475,1.29199,1.29195,2.44,1.5
2014.09.11,00:02:37.880,1.29199,1.29197,1.5,1
2014.09.11,00:02:38.184,1.29203,1.29202,1,2.25
2014.09.11,00:02:38.487,1.29208,1.29204,3,4
2014.09.11,00:02:38.539,1.29208,1.29206,2.25,1
2014.09.11,00:02:39.046,1.29208,1.29205,1,1
2014.09.11,00:02:39.249,1.29208,1.29203,1.69,3.19
2014.09.11,00:02:40.110,1.29209,1.29203,2.62,2.25
2014.09.11,00:02:40.666,1.29208,1.29203,1,5.25
2014.09.11,00:02:41.213,1.29208,1.29204,2.25,1
2014.09.11,00:02:45.648,1.29208,1.29205,1,1
2014.09.11,00:02:46.158,1.29208,1.29204,1.5,3
2014.09.11,00:02:47.592,1.29208,1.29205,1,1
2014.09.11,00:02:48.288,1.29208,1.29207,1,1
2014.09.11,00:02:48.390,1.2921,1.29208,1,1
2014.09.11,00:02:48.492,1.29212,1.2921,3,1
2014.09.11,00:02:48.593,1.29215,1.29209,9.49,3.19
2014.09.11,00:02:49.099,1.29215,1.2921,2.81,1.5
2014.09.11,00:02:49.607,1.29214,1.29209,1.25,1.31
2014.09.11,00:02:50.928,1.29214,1.29211,1.25,1
2014.09.11,00:02:52.045,1.29215,1.29211,2.06,1
2014.09.11,00:02:55.136,1.29216,1.29211,4.31,1.5
2014.09.11,00:02:55.549,1.29214,1.29211,1,1
2014.09.11,00:02:56.999,1.29213,1.29211,1,1
2014.09.11,00:03:00.938,1.29213,1.29209,1,1.69
2014.09.11,00:03:01.450,1.29213,1.2921,1,1.5
2014.09.11,00:03:01.965,1.29214,1.2921,1.5,1.5
2014.09.11,00:03:04.895,1.29214,1.29209,1,2.44
2014.09.11,00:03:05.511,1.29214,1.2921,1.5,1
2014.09.11,00:03:06.223,1.29214,1.29209,1.5,2.25
2014.09.11,00:03:06.756,1.29214,1.2921,1.5,1
2014.09.11,00:03:07.317,1.29214,1.29209,1.5,2.25
2014.09.11,00:03:07.859,1.29214,1.2921,1.5,1
2014.09.11,00:03:08.376,1.29214,1.29209,1.5,2.25
2014.09.11,00:03:09.087,1.29214,1.2921,1,1
2014.09.11,00:03:09.621,1.29215,1.29209,4.69,2.44
2014.09.11,00:03:10.330,1.29215,1.29209,1.5,5.06
2014.09.11,00:03:11.038,1.29215,1.2921,4.12,1.12
2014.09.11,00:03:11.776,1.29215,1.29209,3,4.31
2014.09.11,00:03:12.817,1.29215,1.2921,4.87,1.12
2014.09.11,00:03:13.367,1.29215,1.29209,3.75,5.06
2014.09.11,00:03:15.008,1.29215,1.2921,4.12,1.12
2014.09.11,00:03:15.669,1.29215,1.29211,2.62,1
2014.09.11,00:03:18.942,1.29215,1.29212,1,1
2014.09.11,00:03:19.450,1.29216,1.29213,1,2.25
2014.09.11,00:03:19.957,1.29216,1.29214,1,1
2014.09.11,00:03:20.008,1.29218,1.29214,2.25,1
2014.09.11,00:03:20.513,1.29218,1.29213,2.1,3
2014.09.11,00:03:23.645,1.29217,1.29212,1,4.69
2014.09.11,00:03:25.734,1.29216,1.29211,1.12,3.19
2014.09.11,00:03:25.938,1.29215,1.2921,1,2.06
2014.09.11,00:03:26.090,1.29211,1.29209,1,1.5
2014.09.11,00:03:26.192,1.29213,1.29208,2.25,1.5
2014.09.11,00:03:26.243,1.29211,1.29208,1,1.5
2014.09.11,00:03:26.561,1.29213,1.29207,3.75,1.25
2014.09.11,00:03:27.078,1.29212,1.29207,1,2.44
2014.09.11,00:03:27.591,1.29213,1.29207,3.19,1.5
2014.09.11,00:03:28.454,1.29213,1.29207,4.69,3.94
2014.09.11,00:03:29.421,1.29213,1.29207,3,3
2014.09.11,00:03:29.928,1.29213,1.29207,3.19,1.69
2014.09.11,00:03:30.893,1.29211,1.29208,1,1
2014.09.11,00:03:31.147,1.29209,1.29207,1.25,1
2014.09.11,00:03:31.199,1.29209,1.29205,1.25,6.37
2014.09.11,00:03:31.605,1.29207,1.29204,1,1.87
2014.09.11,00:03:31.707,1.29206,1.29203,1,1
2014.09.11,00:03:31.911,1.29206,1.29201,1,3.94
2014.09.11,00:03:32.417,1.29207,1.29201,2.25,3.19
2014.09.11,00:03:32.923,1.29206,1.29201,2.25,2.44
2014.09.11,00:03:33.681,1.29205,1.29203,1,1
2014.09.11,00:03:33.996,1.29206,1.29204,2.25,1.5
2014.09.11,00:03:34.756,1.29209,1.29205,2.25,1.87
2014.09.11,00:03:36.478,1.29209,1.29206,2.44,1
2014.09.11,00:03:41.212,1.29208,1.29205,1,1.87
2014.09.11,00:03:41.719,1.29208,1.29204,3.75,3.37
2014.09.11,00:03:42.406,1.29208,1.29204,4.31,2.62
2014.09.11,00:03:48.923,1.29207,1.29203,3,1.5
2014.09.11,00:03:49.432,1.29207,1.29202,6.94,4.87
2014.09.11,00:03:49.991,1.29207,1.29203,9.94,1
2014.09.11,00:03:50.451,1.29205,1.29201,1,4.12
2014.09.11,00:03:50.964,1.29205,1.29202,6,1
2014.09.11,00:03:51.607,1.29205,1.29201,3,4.12
2014.09.11,00:03:52.141,1.29205,1.29202,3.37,2.25
2014.09.11,00:03:55.388,1.29204,1.29202,1,1.5
2014.09.11,00:04:00.661,1.29204,1.29201,1,3.37
2014.09.11,00:04:01.167,1.29204,1.29202,1,1
2014.09.11,00:04:04.403,1.29205,1.29202,2.06,1
2014.09.11,00:04:06.298,1.29204,1.29202,1,1
2014.09.11,00:04:06.808,1.29205,1.29201,3.94,3.37
2014.09.11,00:04:09.316,1.29205,1.29202,5.25,1
2014.09.11,00:04:09.882,1.29205,1.29201,5.25,1.12
2014.09.11,00:04:10.441,1.29204,1.29202,1,1
2014.09.11,00:04:11.060,1.29204,1.29201,1.5,1.12
2014.09.11,00:04:11.569,1.29205,1.29201,3.75,1.87
2014.09.11,00:04:12.077,1.29204,1.29201,1,1.87
2014.09.11,00:04:12.533,1.29201,1.292,1,1.12
2014.09.11,00:04:12.798,1.292,1.29198,2.25,1.87
2014.09.11,00:04:12.900,1.29198,1.29197,1,1
2014.09.11,00:04:12.951,1.29198,1.29195,1.5,1
2014.09.11,00:04:13.002,1.29196,1.29194,1,1.5
2014.09.11,00:04:13.256,1.29196,1.29192,1,3.56
2014.09.11,00:04:13.764,1.29196,1.29191,3,2.44
2014.09.11,00:04:14.696,1.29195,1.29191,1,3.19
2014.09.11,00:04:15.238,1.29196,1.29191,3.19,2.44
2014.09.11,00:04:15.747,1.29195,1.29193,1.5,1
2014.09.11,00:04:16.354,1.29196,1.29193,5.25,1
2014.09.11,00:04:16.861,1.29195,1.29193,1,1
2014.09.11,00:04:17.481,1.29196,1.29193,2.25,1
2014.09.11,00:04:20.346,1.29196,1.29192,3.75,1
2014.09.11,00:04:20.872,1.29196,1.29192,4.12,1.5
2014.09.11,00:04:21.519,1.29196,1.29192,4.12,1.5
2014.09.11,00:04:22.280,1.29196,1.29192,4.12,1.5
2014.09.11,00:04:22.900,1.29196,1.29192,3.75,1.5
2014.09.11,00:04:23.411,1.29195,1.29192,1,1.5
2014.09.11,00:04:24.073,1.29195,1.29191,1,1.5
2014.09.11,00:04:24.279,1.29195,1.29189,3.75,7.69
2014.09.11,00:04:24.790,1.29194,1.29189,1,6.19
2014.09.11,00:04:25.501,1.29194,1.29192,1,1
2014.09.11,00:04:25.653,1.29196,1.29192,3.94,1
2014.09.11,00:04:26.159,1.29197,1.29192,1.69,1.69
2014.09.11,00:04:28.825,1.29197,1.29193,1.25,1
2014.09.11,00:04:29.331,1.29198,1.29194,1.69,4.12
2014.09.11,00:04:29.888,1.29198,1.29195,3.94,1
2014.09.11,00:04:30.449,1.29198,1.29194,3.94,5.62
2014.09.11,00:04:31.002,1.29198,1.29195,1.69,1
2014.09.11,00:04:31.509,1.29198,1.29194,3.94,5.62
2014.09.11,00:04:31.561,1.29198,1.29196,2.44,1
2014.09.11,00:04:31.764,1.292,1.29197,1.69,4.12
2014.09.11,00:04:32.270,1.29201,1.29197,1,5.62
2014.09.11,00:04:32.473,1.29202,1.29199,1,1
2014.09.11,00:04:39.150,1.29201,1.29199,1,1
2014.09.11,00:04:39.354,1.29198,1.29195,2.25,1.5
2014.09.11,00:04:39.709,1.29197,1.29194,1.37,1
2014.09.11,00:04:40.216,1.29197,1.29194,1.37,1
2014.09.11,00:04:40.723,1.29197,1.29194,1.37,1
2014.09.11,00:04:41.267,1.29197,1.29194,1,1
2014.09.11,00:04:42.263,1.29196,1.29194,1,1
2014.09.11,00:04:42.314,1.29195,1.29192,5.87,2.25
2014.09.11,00:04:42.417,1.29191,1.2919,1.25,1.5
2014.09.11,00:04:42.518,1.29191,1.29188,1.25,1
2014.09.11,00:04:42.570,1.29189,1.29188,1,1
2014.09.11,00:05:00.860,1.29189,1.29187,1,2.25
2014.09.11,00:05:04.032,1.29191,1.29187,1.87,2.25
2014.09.11,00:05:04.539,1.29189,1.29187,1,2.25
2014.09.11,00:05:05.503,1.29189,1.29188,1,1
2014.09.11,00:05:05.604,1.29191,1.29188,1.12,1
2014.09.11,00:05:06.478,1.29189,1.29188,1,1
2014.09.11,00:05:06.783,1.29185,1.29184,2.25,1
2014.09.11,00:05:06.834,1.29185,1.29182,5.25,1.5
2014.09.11,00:05:06.936,1.29184,1.29181,2.58,3.37
2014.09.11,00:05:07.241,1.29183,1.29179,2.16,6.56
2014.09.11,00:05:07.444,1.2918,1.29178,1,2.25
2014.09.11,00:05:07.596,1.29179,1.29176,1.69,1
2014.09.11,00:05:07.799,1.29177,1.29175,1,1.93
2014.09.11,00:05:07.901,1.29179,1.29175,2.44,1.5
2014.09.11,00:05:09.098,1.29179,1.29176,1.25,1
2014.09.11,00:05:10.493,1.29178,1.29176,1,1
2014.09.11,00:05:11.029,1.29179,1.29175,1.5,2.44
2014.09.11,00:05:11.687,1.2918,1.29176,1.69,1.12
2014.09.11,00:05:12.093,1.29181,1.29178,2.25,1
2014.09.11,00:05:12.599,1.29181,1.29177,2.25,3
2014.09.11,00:05:12.903,1.29181,1.29179,2.44,1.87
2014.09.11,00:05:13.158,1.29179,1.29175,1,1
2014.09.11,00:05:13.665,1.2918,1.29175,2.25,3.75
2014.09.11,00:05:13.868,1.29178,1.29175,1,5.25
2014.09.11,00:05:14.767,1.29178,1.29176,1,1
2014.09.11,00:05:15.443,1.2918,1.29176,1.5,1
2014.09.11,00:05:15.993,1.29181,1.29176,5.44,1
2014.09.11,00:05:17.119,1.2918,1.29176,1,1
2014.09.11,00:05:18.069,1.2918,1.29176,1.5,1
2014.09.11,00:05:18.271,1.29181,1.29177,1,1.5
2014.09.11,00:05:18.777,1.29182,1.29178,1.25,2.25
2014.09.11,00:05:19.322,1.29182,1.29178,1.69,2.25
2014.09.11,00:05:25.996,1.29182,1.29179,1.5,1
2014.09.11,00:05:29.744,1.29183,1.29181,1,1.5
2014.09.11,00:05:30.048,1.29186,1.29185,1,3
2014.09.11,00:05:30.099,1.29189,1.29185,1.5,3
2014.09.11,00:05:30.631,1.2919,1.29186,1.69,1.5
2014.09.11,00:05:38.508,1.2919,1.29185,1.69,3.19
2014.09.11,00:05:43.652,1.2919,1.29184,3.94,6
2014.09.11,00:05:44.181,1.2919,1.29185,4.69,1
2014.09.11,00:05:45.022,1.2919,1.29184,4.69,5.62
2014.09.11,00:05:45.684,1.2919,1.29185,5.44,1
2014.09.11,00:05:46.193,1.2919,1.29184,4.69,5.62
2014.09.11,00:05:46.801,1.2919,1.29184,5.81,5.62
2014.09.11,00:05:47.311,1.2919,1.29184,4.69,5.62
2014.09.11,00:05:47.722,1.29188,1.29184,1,4.87
2014.09.11,00:05:48.250,1.29189,1.29185,1.5,1.5
2014.09.11,00:06:18.589,1.29189,1.29186,1.5,1
2014.09.11,00:06:19.097,1.29189,1.29185,1,3
2014.09.11,00:06:20.350,1.29189,1.29186,1.5,1
2014.09.11,00:06:20.878,1.29189,1.29185,1,1.5
2014.09.11,00:06:25.083,1.29189,1.29186,1.5,1
2014.09.11,00:06:25.691,1.29188,1.29186,1.25,1
2014.09.11,00:06:27.007,1.29189,1.29186,2.44,1
2014.09.11,00:06:49.399,1.29188,1.29186,1,1
2014.09.11,00:06:53.139,1.29189,1.29187,2.44,1
2014.09.11,00:06:53.291,1.29188,1.29185,1,1.12
2014.09.11,00:06:53.544,1.29187,1.29183,1.5,3.75
2014.09.11,00:06:55.409,1.29188,1.29183,2.44,4.5
2014.09.11,00:07:01.865,1.29188,1.29184,1.69,1
2014.09.11,00:07:02.927,1.29188,1.29185,1.25,1
2014.09.11,00:07:03.433,1.29188,1.29184,1.25,1.5
2014.09.11,00:07:03.947,1.29188,1.29185,1,1
2014.09.11,00:07:15.814,1.29188,1.29184,1,3.75
2014.09.11,00:07:16.388,1.29188,1.29185,1,1
2014.09.11,00:07:18.163,1.29187,1.29185,1,1
2014.09.11,00:07:19.786,1.29187,1.29184,1,1.5
2014.09.11,00:07:20.450,1.29188,1.29184,6.94,1.5
2014.09.11,00:07:25.745,1.29187,1.29184,1,1
2014.09.11,00:07:26.272,1.29188,1.29184,4.69,1
2014.09.11,00:07:27.968,1.29187,1.29184,1,1.5
2014.09.11,00:07:28.475,1.29188,1.29184,3.94,1.5
2014.09.11,00:07:29.125,1.29187,1.29184,1,1.5
2014.09.11,00:07:31.620,1.29188,1.29184,4.69,2.25
2014.09.11,00:07:32.565,1.29187,1.29184,1,2.25
2014.09.11,00:07:35.743,1.29187,1.29183,1.69,2.25
2014.09.11,00:07:36.408,1.29187,1.29184,1.69,1.5
2014.09.11,00:07:43.721,1.29188,1.29184,3.56,1
2014.09.11,00:07:44.229,1.29188,1.29183,2.44,2.25
2014.09.11,00:07:44.745,1.29187,1.29183,1,3
2014.09.11,00:07:45.259,1.29188,1.29183,3.19,2.25
2014.09.11,00:07:45.868,1.29187,1.29183,1,2.25
2014.09.11,00:07:46.404,1.29188,1.29183,3.19,2.25
2014.09.11,00:07:47.198,1.29187,1.29183,1,3
2014.09.11,00:07:47.961,1.29186,1.29183,1,1
2014.09.11,00:07:49.776,1.29187,1.29183,1,1.5
2014.09.11,00:07:50.401,1.29188,1.29183,3.94,1.5
2014.09.11,00:07:50.912,1.29187,1.29183,1.69,3.75
2014.09.11,00:07:51.928,1.29186,1.29183,1,2.25
2014.09.11,00:07:52.582,1.29187,1.29183,1.69,3.75
2014.09.11,00:08:04.139,1.29187,1.29184,1,1
2014.09.11,00:08:07.528,1.29187,1.29183,1.5,1
2014.09.11,00:08:08.069,1.29187,1.29182,2.25,1.5
2014.09.11,00:08:11.587,1.29186,1.29182,1,3
2014.09.11,00:08:12.093,1.29186,1.29181,5.62,2.62
2014.09.11,00:08:12.617,1.29186,1.29182,3.75,1.5
2014.09.11,00:08:13.581,1.29186,1.29183,1.5,1
2014.09.11,00:08:25.684,1.29186,1.29182,1.5,3
2014.09.11,00:08:26.189,1.29185,1.29181,1,3.94
2014.09.11,00:08:28.537,1.29185,1.29182,1,1
2014.09.11,00:08:28.993,1.29187,1.29183,4.69,1.5
2014.09.11,00:08:32.686,1.29187,1.29182,3.94,1.69
2014.09.11,00:08:36.976,1.29187,1.29181,5.44,4.69
2014.09.11,00:08:41.486,1.29187,1.29181,4.5,4.5
2014.09.11,00:08:52.353,1.29187,1.29183,3.19,1
2014.09.11,00:08:55.293,1.29186,1.29184,1,1
2014.09.11,00:08:56.163,1.29186,1.29183,2.25,1
2014.09.11,00:09:02.808,1.29186,1.29184,1,1
2014.09.11,00:09:03.314,1.29187,1.29184,1.69,1
2014.09.11,00:09:04.783,1.29188,1.29185,15.86,1
2014.09.11,00:09:09.168,1.29188,1.29185,10.99,1
2014.09.11,00:09:09.884,1.29187,1.29185,1,1
2014.09.11,00:09:10.402,1.29188,1.29185,11.74,3
2014.09.11,00:09:18.367,1.29187,1.29185,1,2.25
2014.09.11,00:09:39.440,1.29187,1.29184,1.5,1
2014.09.11,00:09:41.203,1.29187,1.29183,1,2.25
2014.09.11,00:09:43.695,1.29187,1.29184,1,1
2014.09.11,00:09:45.229,1.29187,1.29183,1.5,3.75
2014.09.11,00:09:45.819,1.29187,1.29184,1,1
2014.09.11,00:09:46.340,1.29187,1.29182,1,4.5
2014.09.11,00:09:46.795,1.29185,1.29184,1,1
2014.09.11,00:09:48.584,1.29185,1.29182,1,3
2014.09.11,00:09:49.180,1.29185,1.29183,1,1
2014.09.11,00:09:54.096,1.29185,1.29182,1,3
2014.09.11,00:09:57.909,1.29185,1.29183,1.12,1
2014.09.11,00:09:58.450,1.29185,1.29182,1,2.25
2014.09.11,00:09:58.957,1.29187,1.29182,2.44,2.25
2014.09.11,00:10:00.354,1.29187,1.29182,3.37,1.5
2014.09.11,00:10:00.859,1.29187,1.29182,4.5,1.5
2014.09.11,00:10:01.516,1.29187,1.29183,1.5,1
2014.09.11,00:10:09.813,1.29188,1.29184,5.06,1
2014.09.11,00:10:09.864,1.29188,1.29186,1,1.87
2014.09.11,00:10:10.169,1.2919,1.29188,1,1.05
2014.09.11,00:10:10.322,1.29192,1.29189,5.81,1.5
2014.09.11,00:10:10.375,1.29193,1.29191,4.12,1
2014.09.11,00:10:10.528,1.29198,1.29194,6,1
2014.09.11,00:10:10.579,1.29198,1.29196,2.25,1
2014.09.11,00:10:10.731,1.292,1.29197,3.82,1.5
2014.09.11,00:10:10.934,1.29198,1.29195,5.62,1.5
2014.09.11,00:10:11.239,1.29197,1.29193,4.12,1.5
2014.09.11,00:10:11.747,1.29197,1.29194,1.5,2.25
2014.09.11,00:10:12.253,1.29198,1.29194,2.25,3
2014.09.11,00:10:12.773,1.29198,1.29196,2.25,2.25
2014.09.11,00:10:13.179,1.29199,1.29198,1,1.5
2014.09.11,00:10:14.009,1.29201,1.29198,1.65,3.37
2014.09.11,00:10:14.525,1.29201,1.29199,1.2,1
2014.09.11,00:10:15.033,1.29201,1.29198,1.17,3.56
2014.09.11,00:10:15.550,1.29201,1.292,1.2,1
2014.09.11,00:10:16.056,1.29201,1.29199,1.65,1
2014.09.11,00:10:16.563,1.292,1.29197,1.57,8.06
2014.09.11,00:10:16.716,1.29199,1.29197,1,6.19
2014.09.11,00:10:16.767,1.29197,1.29196,1,3.37
2014.09.11,00:10:16.970,1.29196,1.29193,1,1
2014.09.11,00:10:17.477,1.29194,1.29192,1,1
2014.09.11,00:10:17.984,1.29194,1.29191,2.25,1.12
2014.09.11,00:10:18.496,1.29193,1.2919,1,1
2014.09.11,00:10:18.801,1.29189,1.29186,4,3.75
2014.09.11,00:10:18.953,1.29188,1.29184,3.75,9.56
2014.09.11,00:10:19.157,1.29186,1.29184,1.5,1.5
2014.09.11,00:10:19.258,1.29186,1.29181,2.62,5.44
2014.09.11,00:10:19.360,1.29183,1.29182,1,1.25
2014.09.11,00:10:20.348,1.29186,1.29182,4.87,1
2014.09.11,00:10:20.452,1.29186,1.29184,2.62,1
2014.09.11,00:10:22.011,1.29187,1.29184,1.5,1
2014.09.11,00:10:22.315,1.29189,1.29185,2.25,4.87
2014.09.11,00:10:22.871,1.29188,1.29185,1,2.25
2014.09.11,00:10:23.377,1.29187,1.29184,3,1
2014.09.11,00:10:23.884,1.29186,1.29184,1,1
2014.09.11,00:10:24.423,1.29187,1.29184,1,1.5
2014.09.11,00:10:24.928,1.29188,1.29185,1.5,1.5
2014.09.11,00:10:25.452,1.29189,1.29185,8.06,1
2014.09.11,00:10:26.475,1.29188,1.29185,1.87,1
2014.09.11,00:10:28.436,1.29188,1.29184,3.19,1
2014.09.11,00:10:28.487,1.29186,1.29184,1,1
2014.09.11,00:10:30.394,1.29187,1.29184,1.69,1
2014.09.11,00:10:51.384,1.29187,1.29186,1,1
2014.09.11,00:10:51.485,1.29188,1.29184,1.12,3
2014.09.11,00:10:51.536,1.29188,1.29186,1.12,1
2014.09.11,00:10:51.789,1.2919,1.29187,1.25,3.37
2014.09.11,00:10:52.295,1.29191,1.29188,8.1,1
2014.09.11,00:10:52.831,1.2919,1.29187,1.5,4.12
2014.09.11,00:10:57.370,1.2919,1.29188,1.12,1.5
2014.09.11,00:11:03.072,1.29191,1.29189,4.12,1
2014.09.11,00:11:03.945,1.2919,1.29188,1.87,2.25
2014.09.11,00:11:09.809,1.29191,1.29187,4.31,4.5
2014.09.11,00:11:10.584,1.2919,1.29188,1.87,1
2014.09.11,00:11:11.346,1.29191,1.29187,5.06,3.75
2014.09.11,00:11:12.575,1.2919,1.29188,1.12,1
2014.09.11,00:11:13.873,1.29191,1.29187,8.47,4.5
2014.09.11,00:11:14.177,1.29191,1.29189,4.87,1
2014.09.11,00:11:14.430,1.29194,1.29192,1,1.5
2014.09.11,00:11:14.583,1.29195,1.29194,1,1
2014.09.11,00:11:14.887,1.29197,1.29196,1,1
2014.09.11,00:11:15.190,1.29197,1.29193,1.87,3
2014.09.11,00:11:15.547,1.29197,1.29193,2.25,1.5
2014.09.11,00:11:15.649,1.29198,1.29195,2.25,1
2014.09.11,00:11:15.954,1.292,1.29197,6.56,1
2014.09.11,00:11:16.359,1.29199,1.29195,3,2.81
2014.09.11,00:11:16.713,1.29197,1.29195,1,2.25
2014.09.11,00:11:16.865,1.29199,1.29196,1,1
2014.09.11,00:11:17.572,1.29199,1.29197,1,1
2014.09.11,00:11:17.674,1.29201,1.29198,2.4,1
2014.09.11,00:11:17.725,1.29201,1.29199,2.02,1
2014.09.11,00:11:18.232,1.292,1.29199,1.5,1
2014.09.11,00:11:52.280,1.29201,1.29199,1,2.62
2014.09.11,00:12:00.607,1.29202,1.292,1.5,1
2014.09.11,00:12:23.835,1.29201,1.29199,1.5,1
2014.09.11,00:12:24.643,1.29201,1.29199,1,1
2014.09.11,00:12:25.170,1.29201,1.29199,1,1
2014.09.11,00:12:25.423,1.29203,1.292,1,1
2014.09.11,00:12:25.929,1.29204,1.292,3.19,1.5
2014.09.11,00:12:27.331,1.29203,1.292,1,1
2014.09.11,00:12:27.881,1.29204,1.292,1.25,1
2014.09.11,00:12:28.383,1.29204,1.29199,1.69,3.19
2014.09.11,00:12:49.942,1.29204,1.292,3,1
2014.09.11,00:12:50.347,1.29205,1.29202,3.19,1
2014.09.11,00:12:50.655,1.29204,1.292,1,2.25
2014.09.11,00:13:08.945,1.29205,1.29201,3.75,1
2014.09.11,00:13:11.562,1.29205,1.29201,2.06,1.5
2014.09.11,00:13:12.338,1.29205,1.29202,2.06,1
2014.09.11,00:13:17.563,1.29203,1.292,2.25,3.37
2014.09.11,00:13:17.818,1.29205,1.29201,1.87,2.25
2014.09.11,00:13:17.970,1.29202,1.29201,1,2.25
2014.09.11,00:13:18.173,1.29202,1.29199,1,1.5
2014.09.11,00:13:18.680,1.29204,1.292,3.19,1
2014.09.11,00:13:19.193,1.29204,1.292,1.5,1.5
2014.09.11,00:13:24.424,1.29203,1.292,1,1
2014.09.11,00:13:24.958,1.29203,1.29199,1.5,2.7
2014.09.11,00:13:26.941,1.29203,1.29199,1.5,1.95
2014.09.11,00:13:27.671,1.29203,1.29199,1.5,2.7
2014.09.11,00:13:28.213,1.29204,1.29199,1.5,2.25
2014.09.11,00:13:28.669,1.29204,1.29202,1,1
2014.09.11,00:13:29.616,1.29205,1.29202,1.87,1
2014.09.11,00:13:30.122,1.29204,1.29201,1,1.5
2014.09.11,00:13:31.734,1.29205,1.29201,2.25,1.5
2014.09.11,00:13:32.455,1.29206,1.29201,7.31,1.5
2014.09.11,00:13:32.961,1.29205,1.29201,1,1.5
2014.09.11,00:13:33.517,1.29206,1.29201,6.56,1.5
2014.09.11,00:13:34.022,1.29205,1.29201,1,1.5
2014.09.11,00:13:34.597,1.29206,1.29201,7.31,1
2014.09.11,00:13:35.153,1.29205,1.29201,1,1
2014.09.11,00:13:41.315,1.29204,1.29201,1,1
2014.09.11,00:13:43.317,1.29205,1.29201,2.25,2.25
2014.09.11,00:13:50.535,1.29205,1.29202,1.69,1.5
2014.09.11,00:13:50.840,1.29207,1.29204,5.29,1
2014.09.11,00:13:51.413,1.29207,1.29203,4.31,1
2014.09.11,00:13:52.181,1.29207,1.29203,5.06,1
2014.09.11,00:13:54.583,1.29207,1.29203,6.79,1
2014.09.11,00:13:56.211,1.29206,1.29203,1,1
2014.09.11,00:13:56.761,1.29207,1.29203,4.31,1
2014.09.11,00:13:57.619,1.29206,1.29203,1,1
2014.09.11,00:13:58.171,1.29207,1.29203,4.31,1
2014.09.11,00:13:58.690,1.29206,1.29203,1,1
2014.09.11,00:13:59.262,1.29207,1.29203,4.31,1
2014.09.11,00:14:00.476,1.29206,1.29203,1,1
2014.09.11,00:14:01.082,1.29207,1.29203,2.81,1
2014.09.11,00:14:01.689,1.29206,1.29203,1,1
2014.09.11,00:14:03.541,1.29206,1.29204,1.5,1
2014.09.11,00:14:04.631,1.29206,1.29203,1.5,2.25
2014.09.11,00:14:13.051,1.29205,1.29203,1,1.5
2014.09.11,00:14:17.604,1.29206,1.29203,2.62,5.62
2014.09.11,00:14:18.111,1.29205,1.29201,1.5,8.44
2014.09.11,00:14:18.263,1.29205,1.29201,1.5,5.44
2014.09.11,00:14:18.769,1.29205,1.29202,1.5,1.5
2014.09.11,00:14:19.276,1.29205,1.29201,1.5,3
2014.09.11,00:14:19.813,1.29205,1.29202,1.5,1
2014.09.11,00:14:44.199,1.29206,1.29202,3.94,1
2014.09.11,00:14:44.712,1.29206,1.29203,1.69,1.5
2014.09.11,00:14:45.848,1.29206,1.29203,1.87,1.5
2014.09.11,00:14:46.457,1.29206,1.29203,2.06,1.5
2014.09.11,00:14:46.962,1.29206,1.29202,2.81,2.25
2014.09.11,00:14:47.469,1.29207,1.29202,3.19,3.75
2014.09.11,00:14:48.312,1.29207,1.29203,1.69,1
2014.09.11,00:14:48.617,1.29208,1.29205,5.31,1
2014.09.11,00:14:48.821,1.29209,1.29208,1.12,1.5
2014.09.11,00:14:48.922,1.29211,1.29208,2.25,2.25
2014.09.11,00:14:49.075,1.29211,1.2921,1,2.25
2014.09.11,00:14:49.232,1.29215,1.29213,1,1
2014.09.11,00:14:49.739,1.29216,1.29212,1.12,3
2014.09.11,00:14:50.619,1.29217,1.29213,1.5,1
2014.09.11,00:14:50.975,1.29217,1.29216,1,1
2014.09.11,00:14:51.127,1.29219,1.29216,1.25,1.5
2014.09.11,00:14:51.431,1.29218,1.29214,1.69,1
2014.09.11,00:14:51.936,1.29217,1.29214,1,1
2014.09.11,00:14:52.442,1.29217,1.29213,1,3.75
2014.09.11,00:14:53.156,1.29217,1.29214,1,1.5
2014.09.11,00:14:53.678,1.29217,1.29213,1,3.75
2014.09.11,00:14:54.084,1.29218,1.29215,1.69,1
2014.09.11,00:14:54.592,1.29217,1.29214,1,1
2014.09.11,00:14:55.115,1.29216,1.29213,1,1.5
2014.09.11,00:14:58.188,1.29217,1.29213,3,3
2014.09.11,00:14:58.519,1.29216,1.29215,1,1
2014.09.11,00:14:58.772,1.29219,1.29217,1,1
2014.09.11,00:14:59.178,1.29221,1.29219,4.5,1.5
2014.09.11,00:14:59.381,1.29225,1.29223,1.5,1.5
2014.09.11,00:14:59.533,1.29227,1.29225,1,1
2014.09.11,00:15:00.039,1.29227,1.29224,1,1.5
2014.09.11,00:15:00.544,1.29228,1.29224,3.37,1.5
2014.09.11,00:15:01.101,1.29228,1.29224,4.69,1.5
2014.09.11,00:15:02.200,1.29227,1.29223,1.69,2.25
2014.09.11,00:15:02.737,1.29226,1.29224,1.31,1
2014.09.11,00:15:03.194,1.29225,1.29221,1.12,2.25
2014.09.11,00:15:03.397,1.29222,1.2922,1,1
2014.09.11,00:15:03.704,1.29217,1.29215,3.25,1
2014.09.11,00:15:03.806,1.29215,1.29212,1,1.12
2014.09.11,00:15:03.958,1.29213,1.29211,1,2.25
2014.09.11,00:15:04.468,1.29214,1.29211,1.5,1.5
2014.09.11,00:15:06.293,1.29215,1.29212,2.44,1.5
2014.09.11,00:15:06.813,1.29215,1.29211,3.19,1
2014.09.11,00:15:08.898,1.29215,1.29212,4.12,1
2014.09.11,00:15:09.246,1.29217,1.29214,2.44,1
2014.09.11,00:15:10.006,1.29218,1.29214,2.66,1
2014.09.11,00:15:10.512,1.29217,1.29214,1.25,1
2014.09.11,00:15:11.019,1.29216,1.29214,1.5,1
2014.09.11,00:15:11.525,1.29216,1.29213,1.5,1
2014.09.11,00:15:12.547,1.29215,1.29213,1,1
2014.09.11,00:15:13.744,1.29216,1.29213,3.19,1
2014.09.11,00:15:14.932,1.29217,1.29213,1,1.5
2014.09.11,00:15:15.441,1.29218,1.29214,1.31,1.5
2014.09.11,00:15:15.947,1.29216,1.29213,1,1
2014.09.11,00:15:17.161,1.29216,1.29212,1.5,1
2014.09.11,00:15:17.212,1.29214,1.29212,2.25,1
2014.09.11,00:15:17.769,1.29214,1.29211,1,1
2014.09.11,00:15:18.632,1.29215,1.29211,1,1
2014.09.11,00:15:19.141,1.29215,1.29212,1.87,1
2014.09.11,00:15:22.369,1.29214,1.29212,1,1
2014.09.11,00:15:24.169,1.29215,1.29212,2.44,1
2014.09.11,00:15:24.603,1.29214,1.2921,1.5,4.69
2014.09.11,00:15:25.141,1.29215,1.29211,3.94,1
2014.09.11,00:15:25.653,1.29215,1.2921,4.69,1.69
2014.09.11,00:15:27.739,1.29215,1.29211,3.19,1
2014.09.11,00:15:28.355,1.29214,1.2921,1.5,3.19
2014.09.11,00:15:32.508,1.29214,1.29211,1.5,1
2014.09.11,00:15:33.031,1.29214,1.29212,1,1
2014.09.11,00:15:35.581,1.29215,1.29212,3.75,1
2014.09.11,00:15:35.716,1.29214,1.2921,1,2.62
2014.09.11,00:15:36.796,1.29214,1.29211,1.25,1
2014.09.11,00:15:39.593,1.29214,1.2921,1.25,2.25
2014.09.11,00:15:54.322,1.29213,1.2921,1,2.25
2014.09.11,00:15:55.132,1.29214,1.2921,3,3.75
2014.09.11,00:15:55.801,1.29214,1.29211,3,1
2014.09.11,00:15:59.125,1.29213,1.29211,1.5,1
2014.09.11,00:15:59.380,1.29213,1.29209,3,3
2014.09.11,00:15:59.634,1.29211,1.29208,1.5,1
2014.09.11,00:16:00.140,1.29211,1.29207,1.5,4.5
2014.09.11,00:16:00.660,1.29212,1.29208,1.5,1.5
2014.09.11,00:16:03.459,1.29211,1.29207,1,3.75
2014.09.11,00:16:03.763,1.29205,1.29202,1,2.25
2014.09.11,00:16:03.966,1.29204,1.292,1.69,2.25
2014.09.11,00:16:04.221,1.29202,1.292,1,1.5
2014.09.11,00:16:04.727,1.29203,1.29201,1,1
2014.09.11,00:16:05.233,1.29204,1.29201,2.25,1
2014.09.11,00:16:05.820,1.29204,1.292,2.25,1.5
2014.09.11,00:16:06.478,1.29203,1.29199,1,1
2014.09.11,00:16:06.983,1.29202,1.29199,1,1
2014.09.11,00:16:07.507,1.29201,1.29199,1,1
2014.09.11,00:16:08.042,1.29202,1.29199,1.69,1
2014.09.11,00:16:16.017,1.29203,1.29199,3.94,1.5
2014.09.11,00:16:19.655,1.29203,1.292,1.25,1
2014.09.11,00:16:29.081,1.29204,1.292,2.25,1
2014.09.11,00:16:29.385,1.29205,1.29202,5.81,1
2014.09.11,00:16:29.690,1.29206,1.29204,4.57,2.87
2014.09.11,00:16:29.995,1.2921,1.29207,3.94,1
2014.09.11,00:16:30.046,1.2921,1.29208,3.94,1
2014.09.11,00:16:30.400,1.29208,1.29207,1,1
2014.09.11,00:16:30.602,1.29207,1.29204,1,1
2014.09.11,00:16:30.754,1.29208,1.29206,1,1
2014.09.11,00:16:30.805,1.2921,1.29207,4.5,1
2014.09.11,00:16:32.278,1.29211,1.29207,3.3,1.5
2014.09.11,00:16:33.606,1.29211,1.29207,2.17,1.5
2014.09.11,00:16:34.426,1.29211,1.29207,2.17,1.5
2014.09.11,00:16:36.919,1.29211,1.29207,1.99,1.5
2014.09.11,00:16:37.426,1.29208,1.29207,1,1
2014.09.11,00:16:37.579,1.29208,1.29205,4.69,1.5
2014.09.11,00:16:37.630,1.29206,1.29205,1,1
2014.09.11,00:16:37.681,1.29206,1.29203,1,1.5
2014.09.11,00:16:39.203,1.29206,1.29202,1,2.25
2014.09.11,00:16:39.707,1.29206,1.29202,1.49,2.25
2014.09.11,00:16:40.348,1.29206,1.29202,1.61,1.5
2014.09.11,00:16:41.454,1.29205,1.29202,1.15,1
2014.09.11,00:16:41.969,1.29206,1.29202,3.11,1
2014.09.11,00:16:42.540,1.29205,1.29202,1.15,1
2014.09.11,00:16:43.676,1.29206,1.29202,2.36,1
2014.09.11,00:16:44.219,1.29205,1.29202,1.15,1
2014.09.11,00:16:45.180,1.29206,1.29202,3.3,1
2014.09.11,00:16:45.685,1.29205,1.29203,1.15,1.5
2014.09.11,00:16:46.190,1.29207,1.29203,4.42,1
2014.09.11,00:16:47.864,1.29207,1.29203,2.92,1.5
2014.09.11,00:16:48.387,1.29207,1.29204,3.67,1
2014.09.11,00:16:48.438,1.29207,1.29206,1.69,1
2014.09.11,00:16:48.489,1.29208,1.29206,1.5,2.25
2014.09.11,00:16:48.742,1.2921,1.29207,1,1.5
2014.09.11,00:17:06.395,1.29209,1.29206,1.5,4.87
2014.09.11,00:17:06.446,1.29207,1.29205,1,11.25
2014.09.11,00:17:06.548,1.29205,1.29204,2.44,2.25
2014.09.11,00:17:06.701,1.29204,1.29202,1.5,1
2014.09.11,00:17:07.207,1.29205,1.29201,2.81,1.5
2014.09.11,00:17:07.712,1.29204,1.29201,1,1.5
2014.09.11,00:17:08.217,1.29205,1.29201,1.25,1.5
2014.09.11,00:17:09.027,1.29204,1.29201,1,1.5
2014.09.11,00:17:09.534,1.29205,1.29201,3.19,2.25
2014.09.11,00:17:10.228,1.29205,1.29202,1,1
2014.09.11,00:17:10.756,1.29206,1.29203,2.25,1
2014.09.11,00:17:11.319,1.29205,1.29203,1,1
2014.09.11,00:17:11.834,1.29206,1.29203,2.44,1
2014.09.11,00:17:12.692,1.29205,1.29203,1,1
2014.09.11,00:17:13.197,1.29206,1.29203,3,1
2014.09.11,00:17:13.707,1.29205,1.29203,1,1
2014.09.11,00:17:14.579,1.29206,1.29203,3,1
2014.09.11,00:17:16.049,1.29205,1.29203,1,1
2014.09.11,00:17:16.860,1.29206,1.29203,3,1
2014.09.11,00:17:17.828,1.29205,1.29203,1,1
2014.09.11,00:17:18.339,1.29205,1.29202,2.44,1
2014.09.11,00:17:20.332,1.29204,1.29202,1.5,1
2014.09.11,00:17:20.382,1.29205,1.29203,1.87,1
2014.09.11,00:17:20.636,1.29205,1.29201,1.69,3
2014.09.11,00:17:21.272,1.29205,1.29202,3.19,1
2014.09.11,00:17:21.819,1.29205,1.29202,1.31,1.15
2014.09.11,00:17:24.853,1.29206,1.29203,4.69,1
2014.09.11,00:17:25.876,1.29205,1.29203,1,1
2014.09.11,00:17:26.579,1.29206,1.29203,3.94,1
2014.09.11,00:17:27.306,1.29205,1.29203,1.87,1
2014.09.11,00:17:27.814,1.29206,1.29201,7.12,1.65
2014.09.11,00:17:28.432,1.29205,1.29202,1.12,1.15
2014.09.11,00:17:28.938,1.29206,1.29202,6.19,1.37
2014.09.11,00:17:29.448,1.29205,1.29202,2.25,1.87
2014.09.11,00:17:29.959,1.29206,1.29202,6.94,1.87
2014.09.11,00:17:30.468,1.29206,1.29202,6.19,2.02
2014.09.11,00:17:31.441,1.29205,1.29203,1,1
2014.09.11,00:17:31.942,1.29206,1.29203,6.19,1
2014.09.11,00:17:32.449,1.29206,1.29205,2.25,1
2014.09.11,00:17:32.551,1.29208,1.29204,8.06,1.5
2014.09.11,00:17:33.108,1.29207,1.29205,1.25,1.5
2014.09.11,00:17:33.615,1.29208,1.29205,1.69,1.5
2014.09.11,00:17:34.121,1.29209,1.29206,10.69,1
2014.09.11,00:17:34.425,1.29208,1.29204,1.69,2.25
2014.09.11,00:17:36.681,1.29207,1.29204,1,1
2014.09.11,00:17:37.239,1.29206,1.29204,1,1
2014.09.11,00:17:37.755,1.29205,1.29204,1.12,1
2014.09.11,00:17:38.266,1.29206,1.29204,2.81,1
2014.09.11,00:17:38.369,1.29205,1.29202,1,3
2014.09.11,00:17:38.929,1.29206,1.29203,1.25,1
2014.09.11,00:17:41.837,1.29206,1.29202,1.69,3.75
2014.09.11,00:17:42.809,1.29205,1.29202,1,2.25
2014.09.11,00:17:43.453,1.29206,1.29202,3.56,2.25
2014.09.11,00:17:45.847,1.29205,1.29202,1,1.5
2014.09.11,00:17:46.375,1.29204,1.29202,1,1
2014.09.11,00:17:46.578,1.29201,1.292,1,1
2014.09.11,00:17:46.680,1.29203,1.29199,1.87,2.25
2014.09.11,00:17:47.236,1.29203,1.29198,2.62,1.5
2014.09.11,00:17:49.170,1.29203,1.292,1.69,1
2014.09.11,00:17:49.474,1.29204,1.29202,1,1
2014.09.11,00:17:49.828,1.29206,1.29203,1.5,1
2014.09.11,00:17:50.537,1.29206,1.29203,2.02,1
2014.09.11,00:17:51.043,1.29205,1.29202,2.25,1
2014.09.11,00:17:51.923,1.29205,1.29201,3,1
2014.09.11,00:17:52.846,1.29205,1.292,3.37,1
2014.09.11,00:17:55.593,1.29205,1.29201,3,1
2014.09.11,00:17:59.278,1.29203,1.29201,1,1
2014.09.11,00:17:59.684,1.29202,1.29199,1.5,1
2014.09.11,00:18:00.190,1.29203,1.29199,3,1
2014.09.11,00:18:08.556,1.29202,1.29199,1,1
2014.09.11,00:18:10.232,1.29202,1.29198,4.12,1.5
2014.09.11,00:18:10.638,1.292,1.29198,1,1
2014.09.11,00:18:11.369,1.292,1.29197,1,2.62
2014.09.11,00:18:11.930,1.29201,1.29197,1.5,3.37
2014.09.11,00:18:12.464,1.292,1.29197,1,3.37
2014.09.11,00:18:13.123,1.29201,1.29197,1.69,3.37
2014.09.11,00:18:13.885,1.292,1.29197,1,3.37
2014.09.11,00:18:14.398,1.29201,1.29197,1.5,3.37
2014.09.11,00:18:20.100,1.292,1.29197,1,3.37
2014.09.11,00:18:20.617,1.292,1.29198,1.5,1
2014.09.11,00:18:25.468,1.29201,1.29198,1,1.5
2014.09.11,00:18:25.986,1.29202,1.29198,3.94,1
2014.09.11,00:18:31.132,1.29201,1.29197,1,1
2014.09.11,00:18:31.436,1.29196,1.29193,1.5,1.5
2014.09.11,00:18:31.690,1.29195,1.29191,1,1.5
2014.09.11,00:18:32.196,1.29194,1.2919,1,2.44
2014.09.11,00:18:32.651,1.29194,1.29193,1,1
2014.09.11,00:18:33.158,1.29195,1.29192,1.25,1
2014.09.11,00:18:33.664,1.29195,1.29191,2.44,1.5
2014.09.11,00:18:35.266,1.29196,1.29191,1.25,4.69
2014.09.11,00:18:36.429,1.29195,1.29191,1,2.44
2014.09.11,00:18:41.262,1.29195,1.29192,1,1
2014.09.11,00:18:51.469,1.29195,1.29193,1,1
2014.09.11,00:19:00.959,1.29195,1.29192,1,1
2014.09.11,00:19:05.454,1.29195,1.29193,1,1
2014.09.11,00:19:05.982,1.29196,1.29193,3,1
2014.09.11,00:19:06.539,1.29195,1.29193,1,1
2014.09.11,00:19:07.147,1.29196,1.29193,2.25,1
2014.09.11,00:19:07.653,1.29195,1.29193,1,1
2014.09.11,00:19:08.574,1.29196,1.29193,2.25,1
2014.09.11,00:19:09.167,1.29195,1.29193,1,1
2014.09.11,00:19:10.354,1.29196,1.29193,2.25,1
2014.09.11,00:19:10.867,1.29195,1.29192,1,1
2014.09.11,00:19:11.475,1.29195,1.29193,1.12,1
2014.09.11,00:19:12.031,1.29196,1.29193,2.62,1
2014.09.11,00:19:13.292,1.29195,1.29193,1.12,1
2014.09.11,00:19:13.838,1.29196,1.29193,2.62,1
2014.09.11,00:19:14.389,1.29195,1.29193,1.12,1
2014.09.11,00:19:16.685,1.29196,1.29193,1.5,1
2014.09.11,00:19:20.097,1.29197,1.29193,3,1.5
2014.09.11,00:19:20.401,1.292,1.29197,6.37,1
2014.09.11,00:19:20.908,1.29201,1.29197,1,3
2014.09.11,00:19:24.581,1.292,1.29197,1,1.87
2014.09.11,00:19:25.361,1.29201,1.29197,1.5,1.87
2014.09.11,00:19:25.891,1.292,1.29197,1,1.87
2014.09.11,00:19:26.419,1.29201,1.29197,1.5,1.87
2014.09.11,00:19:27.161,1.292,1.29197,1,1.87
2014.09.11,00:19:27.719,1.29201,1.29197,1.5,1.87
2014.09.11,00:19:28.227,1.29202,1.29197,3.94,1.87
2014.09.11,00:19:28.896,1.29202,1.29198,2.25,1
2014.09.11,00:19:29.472,1.29202,1.29197,1.5,2.62
2014.09.11,00:19:29.997,1.29201,1.29197,1.5,2.62
2014.09.11,00:19:30.533,1.29202,1.29197,3,1.12
2014.09.11,00:19:31.041,1.29202,1.29198,3,1.5
2014.09.11,00:19:31.662,1.29202,1.29197,3,1.12
2014.09.11,00:19:34.018,1.29202,1.29198,2.25,1
2014.09.11,00:19:35.938,1.29202,1.29197,3,1.87
2014.09.11,00:19:37.422,1.29201,1.29197,1,1.87
2014.09.11,00:19:38.956,1.29202,1.29198,2.25,1
2014.09.11,00:19:40.220,1.29202,1.29197,3.19,1.31
2014.09.11,00:19:41.122,1.29202,1.29198,3.19,1
2014.09.11,00:19:42.250,1.29202,1.29198,2.25,1
2014.09.11,00:19:46.168,1.29202,1.29198,1.69,2.25
2014.09.11,00:19:46.421,1.29205,1.29201,5.44,2.25
2014.09.11,00:19:46.472,1.29205,1.29203,5.62,1
2014.09.11,00:19:46.978,1.29206,1.29202,1,1.5
2014.09.11,00:19:47.673,1.29206,1.29203,1.5,1
2014.09.11,00:19:48.180,1.29207,1.29204,1.5,1.5
2014.09.11,00:19:48.689,1.29207,1.29203,1.5,1.5
2014.09.11,00:19:49.200,1.29206,1.29203,1,1
2014.09.11,00:19:49.713,1.29206,1.29205,1,1
2014.09.11,00:19:49.866,1.2921,1.29206,4.69,4.87
2014.09.11,00:19:50.220,1.2921,1.29208,3,1
2014.09.11,00:19:50.373,1.29213,1.29209,2.25,3
2014.09.11,00:19:54.193,1.29212,1.29209,1,1.5
2014.09.11,00:20:03.582,1.29213,1.29209,1,1.5
2014.09.11,00:20:16.607,1.29214,1.29209,2.25,1
2014.09.11,00:20:17.168,1.29214,1.29208,3,4.69
2014.09.11,00:20:17.988,1.29214,1.29209,3,1.5
2014.09.11,00:20:18.652,1.29214,1.29208,3,4.69
2014.09.11,00:20:19.711,1.29214,1.29209,3,1.5
2014.09.11,00:20:20.331,1.29214,1.29208,3,4.69
2014.09.11,00:20:21.618,1.29214,1.29208,3.19,5.44
2014.09.11,00:20:23.031,1.29214,1.29208,3,4.69
2014.09.11,00:20:24.041,1.29214,1.29209,3,1.5
2014.09.11,00:20:24.726,1.29214,1.29208,3,5.25
2014.09.11,00:20:25.642,1.29214,1.29209,3,1.5
2014.09.11,00:20:26.171,1.29214,1.29208,3,5.25
2014.09.11,00:20:26.676,1.29214,1.29209,3.75,1
2014.09.11,00:20:27.178,1.29214,1.29208,3,4.5
2014.09.11,00:20:28.316,1.29214,1.29209,3.75,1
2014.09.11,00:20:28.829,1.29214,1.29208,3,4.5
2014.09.11,00:20:29.342,1.29214,1.29209,3.75,1.25
2014.09.11,00:20:31.473,1.29214,1.29208,3,4.69
2014.09.11,00:20:32.374,1.29214,1.29209,3.75,1
2014.09.11,00:20:33.075,1.29214,1.29208,3,4.69
2014.09.11,00:20:33.589,1.29214,1.2921,2.25,1
2014.09.11,00:20:35.731,1.29213,1.29209,1,1
2014.09.11,00:20:36.243,1.29214,1.2921,3,1.5
2014.09.11,00:20:36.549,1.29212,1.29209,1,1
2014.09.11,00:20:37.065,1.29213,1.29209,2.62,1.5
2014.09.11,00:20:38.214,1.29211,1.29209,2.25,1
2014.09.11,00:20:38.417,1.29211,1.29207,5.25,1.5
2014.09.11,00:20:38.933,1.2921,1.29207,1.5,1.5
2014.09.11,00:20:39.136,1.29211,1.29209,1,1
2014.09.11,00:20:39.187,1.29213,1.29209,2.25,1
2014.09.11,00:20:39.965,1.29213,1.2921,1.5,1
2014.09.11,00:20:40.471,1.29213,1.29209,1.5,2.25
2014.09.11,00:20:41.007,1.29213,1.2921,1.5,1
2014.09.11,00:20:41.514,1.29213,1.29209,1.5,1.5
2014.09.11,00:20:45.307,1.29212,1.29209,2.25,1.5
2014.09.11,00:20:45.358,1.2921,1.29208,1,3
2014.09.11,00:20:45.459,1.2921,1.29206,1.5,4.69
2014.09.11,00:20:45.813,1.2921,1.29208,1.5,1
2014.09.11,00:20:46.319,1.29211,1.29207,1,3
2014.09.11,00:20:48.980,1.29212,1.29207,3.94,1
2014.09.11,00:20:49.487,1.29211,1.29207,1.5,3
2014.09.11,00:20:52.577,1.29211,1.29207,1.5,3.19
2014.09.11,00:20:56.960,1.29211,1.29207,1.5,2.25
2014.09.11,00:21:05.772,1.29211,1.29208,2.25,1
2014.09.11,00:21:07.644,1.29211,1.29209,1.5,1
2014.09.11,00:21:07.899,1.29211,1.29207,1.5,3.19
2014.09.11,00:21:09.638,1.29211,1.29209,1,1
2014.09.11,00:21:10.144,1.29211,1.2921,1.5,1
2014.09.11,00:21:11.264,1.29211,1.29209,1.5,1
2014.09.11,00:21:17.273,1.29213,1.29209,4.69,1
2014.09.11,00:21:18.199,1.29212,1.29209,1,1
2014.09.11,00:21:18.716,1.29211,1.29209,1,1
2014.09.11,00:21:19.977,1.29212,1.29209,1,1
2014.09.11,00:21:20.840,1.29212,1.29208,1.5,3
2014.09.11,00:21:22.507,1.29211,1.29208,1,1.5
2014.09.11,00:21:23.013,1.29212,1.29208,2.25,1.5
2014.09.11,00:21:23.329,1.29212,1.29209,1,1.37
2014.09.11,00:21:23.532,1.29214,1.29211,2.44,1.5
2014.09.11,00:21:23.937,1.29214,1.29213,1,1.5
2014.09.11,00:21:24.444,1.29215,1.29213,1,1.5
2014.09.11,00:21:24.950,1.29217,1.29214,1.69,1
2014.09.11,00:21:32.948,1.29216,1.29214,1,1
2014.09.11,00:21:40.163,1.29217,1.29214,1.5,1
2014.09.11,00:21:52.030,1.29217,1.29215,1.5,1
2014.09.11,00:21:52.542,1.29217,1.29214,1.5,1
2014.09.11,00:21:55.478,1.29216,1.29212,1,2.25
2014.09.11,00:21:55.631,1.29214,1.2921,1.5,4.5
2014.09.11,00:21:55.736,1.29214,1.29212,1.5,1
2014.09.11,00:21:55.837,1.29215,1.29212,1,1
2014.09.11,00:21:57.385,1.29216,1.29212,2.25,2.25
2014.09.11,00:21:58.200,1.29215,1.29212,1,2.25
2014.09.11,00:21:58.554,1.29216,1.29214,1,1
2014.09.11,00:21:59.225,1.29217,1.29214,2.81,1
2014.09.11,00:21:59.747,1.29217,1.29214,2.81,1
2014.09.11,00:22:00.351,1.29217,1.29214,2.06,1.5
2014.09.11,00:22:00.863,1.29216,1.29214,1.12,1.5
2014.09.11,00:22:02.246,1.29216,1.29214,1.37,1.5
2014.09.11,00:22:02.802,1.29216,1.29214,1.12,1.5
2014.09.11,00:22:03.304,1.29216,1.29214,1.37,1.5
2014.09.11,00:22:03.818,1.29217,1.29213,2.06,1.5
2014.09.11,00:22:04.547,1.29217,1.29213,1.87,1.5
2014.09.11,00:22:04.650,1.29217,1.29213,1.5,1.5
2014.09.11,00:22:05.161,1.29216,1.29213,1.5,1.5
2014.09.11,00:22:05.364,1.29215,1.29211,1.5,2.44
2014.09.11,00:22:07.342,1.29214,1.29211,1,1
2014.09.11,00:22:08.794,1.29213,1.29211,1,1
2014.09.11,00:22:15.914,1.29212,1.29211,1,1
2014.09.11,00:22:16.464,1.29213,1.29211,1,1
2014.09.11,00:22:29.337,1.29212,1.29211,1,1.5
2014.09.11,00:22:29.843,1.29213,1.29211,1,1.5
2014.09.11,00:22:39.183,1.29214,1.29212,3.19,1
2014.09.11,00:22:39.689,1.29214,1.29212,3.56,1
2014.09.11,00:22:46.836,1.29215,1.29213,1.8,1
2014.09.11,00:22:50.833,1.29216,1.29213,3.3,1
2014.09.11,00:22:51.365,1.29215,1.29213,1,1
2014.09.11,00:22:52.260,1.29216,1.29213,2.55,1
2014.09.11,00:22:53.381,1.29215,1.29213,1,1
2014.09.11,00:22:53.889,1.29216,1.29213,3.3,1
2014.09.11,00:22:54.401,1.29216,1.29214,1.37,1
2014.09.11,00:22:54.907,1.29217,1.29213,1.37,1.5
2014.09.11,00:22:55.614,1.29217,1.29213,1.37,1.5
2014.09.11,00:22:56.122,1.29217,1.29213,1.37,1.5
2014.09.11,00:22:56.840,1.29217,1.29212,3.37,1.25
2014.09.11,00:22:57.442,1.29217,1.29212,3.37,1.69
2014.09.11,00:22:57.966,1.29217,1.29212,3.37,2.44
2014.09.11,00:22:58.478,1.29217,1.29212,3.37,1.25
2014.09.11,00:22:59.006,1.29216,1.29212,1.12,1.25
2014.09.11,00:22:59.620,1.29216,1.29212,1.37,1.25
2014.09.11,00:23:00.369,1.29217,1.29212,4.87,1
2014.09.11,00:23:00.874,1.29217,1.29212,5.62,1
2014.09.11,00:23:01.481,1.29217,1.29212,4.87,1
2014.09.11,00:23:02.141,1.29217,1.29213,4.12,1
2014.09.11,00:23:02.799,1.29217,1.29213,2.62,1
2014.09.11,00:23:03.310,1.29217,1.29213,2.62,1
2014.09.11,00:23:03.823,1.29217,1.29213,2.62,1
2014.09.11,00:23:04.330,1.29217,1.29213,1.37,1
2014.09.11,00:23:04.835,1.29217,1.29213,1.37,1
2014.09.11,00:23:05.345,1.29217,1.29213,1.37,1
2014.09.11,00:23:05.854,1.29217,1.29213,1.37,1
2014.09.11,00:23:06.381,1.29217,1.29213,1.37,1
2014.09.11,00:23:07.125,1.29217,1.29213,1.37,1
2014.09.11,00:23:07.743,1.29217,1.29213,1.37,1
2014.09.11,00:23:08.252,1.29217,1.29213,1.87,1
2014.09.11,00:23:08.758,1.29216,1.29213,1.12,1
2014.09.11,00:23:09.265,1.29216,1.29212,3.37,3.94
2014.09.11,00:23:10.204,1.29216,1.29212,3.75,3.19
2014.09.11,00:23:10.823,1.29215,1.29212,1,2.25
2014.09.11,00:23:11.722,1.29216,1.29212,3,2.25
2014.09.11,00:23:12.762,1.29215,1.29212,1,2.25
2014.09.11,00:23:14.785,1.29215,1.29211,1.5,3.94
2014.09.11,00:23:15.294,1.29216,1.29212,1.5,1.25
2014.09.11,00:23:15.887,1.29215,1.29212,1,1.25
2014.09.11,00:23:16.460,1.29215,1.29211,1.5,5.44
2014.09.11,00:23:16.713,1.29217,1.29211,4.5,5.44
2014.09.11,00:23:17.072,1.29217,1.29212,4.12,1.25
2014.09.11,00:23:17.602,1.29217,1.29212,5.62,1.69
2014.09.11,00:23:18.440,1.29215,1.29212,1,1
2014.09.11,00:23:19.303,1.29216,1.29212,1.12,1.5
2014.09.11,00:23:20.951,1.29216,1.29212,1.87,1
2014.09.11,00:23:21.740,1.29216,1.29212,1.87,1.69
2014.09.11,00:23:22.285,1.29215,1.29212,1,1.69
2014.09.11,00:23:22.786,1.29217,1.29212,5.81,1.69
2014.09.11,00:23:24.771,1.29216,1.29212,1.87,1.69
2014.09.11,00:23:25.351,1.29216,1.29212,1.87,1.69
2014.09.11,00:23:26.448,1.29216,1.29212,1.87,1.69
2014.09.11,00:23:26.962,1.29216,1.29212,1.87,1.69
2014.09.11,00:23:27.557,1.29216,1.29212,1.87,1.69
2014.09.11,00:23:28.435,1.29216,1.29212,1.87,1.69
2014.09.11,00:23:28.955,1.29216,1.29212,1.87,1
2014.09.11,00:23:29.505,1.29216,1.29212,1.12,1.5
2014.09.11,00:23:30.106,1.29216,1.29212,1.37,2.44
2014.09.11,00:23:30.703,1.29216,1.29212,1.87,1.69
2014.09.11,00:23:31.208,1.29216,1.29212,1.87,1
2014.09.11,00:23:31.749,1.29216,1.29212,1.87,1
2014.09.11,00:23:32.261,1.29216,1.29212,1.87,1
2014.09.11,00:23:32.565,1.29213,1.29212,1.5,1
2014.09.11,00:23:32.779,1.29215,1.29211,5.25,2.25
2014.09.11,00:23:33.284,1.29215,1.29212,4.5,1
2014.09.11,00:23:33.927,1.29214,1.29212,1,1.09
2014.09.11,00:23:35.545,1.29216,1.29212,2.25,1.59
2014.09.11,00:23:36.052,1.29216,1.29212,1.5,1.5
2014.09.11,00:23:37.588,1.29215,1.29212,1,1.5
2014.09.11,00:23:43.650,1.29215,1.29214,1.5,1
2014.09.11,00:23:44.330,1.29216,1.29214,3.37,1
2014.09.11,00:23:45.517,1.29216,1.29214,1.37,1
2014.09.11,00:23:46.122,1.29216,1.29214,1.12,1
2014.09.11,00:23:47.284,1.29216,1.29214,1.37,1
2014.09.11,00:23:47.988,1.29216,1.29214,1.12,1
2014.09.11,00:23:49.000,1.29216,1.29214,1.37,1
2014.09.11,00:23:49.913,1.29216,1.29214,1.12,1
2014.09.11,00:23:50.724,1.29216,1.29214,1.37,1
2014.09.11,00:23:51.299,1.29216,1.29214,1.87,1
2014.09.11,00:23:53.435,1.29217,1.29214,1.37,1
2014.09.11,00:23:54.058,1.29217,1.29214,1.37,1
2014.09.11,00:23:54.878,1.29217,1.29214,1.37,1
2014.09.11,00:23:55.382,1.29217,1.29213,1.37,1.25
2014.09.11,00:23:55.686,1.29217,1.29215,1,1
2014.09.11,00:23:56.194,1.29218,1.29217,1,1
2014.09.11,00:23:56.648,1.29221,1.29217,3.37,1
2014.09.11,00:23:57.003,1.29223,1.29218,1.5,3.75
2014.09.11,00:23:59.004,1.29223,1.29219,1.5,1.25
2014.09.11,00:23:59.523,1.29223,1.29218,1.5,5.44
2014.09.11,00:24:00.184,1.29223,1.29219,1.5,1.5
2014.09.11,00:24:01.099,1.29223,1.2922,1.5,1
2014.09.11,00:24:01.629,1.29223,1.29219,2.25,3.19
2014.09.11,00:24:05.280,1.29223,1.29219,3,2.06
2014.09.11,00:24:07.527,1.29223,1.29219,2.25,2.44
2014.09.11,00:24:08.045,1.29223,1.2922,2.25,1
2014.09.11,00:24:09.154,1.29223,1.29219,2.25,3.19
2014.09.11,00:24:11.340,1.29223,1.29219,2.25,2.06
2014.09.11,00:24:11.846,1.29223,1.29219,2.25,2.81
2014.09.11,00:24:12.354,1.29223,1.2922,1.5,2.62
2014.09.11,00:24:13.216,1.29224,1.29221,1,1
2014.09.11,00:24:14.394,1.29225,1.29221,2.25,1
2014.09.11,00:24:14.800,1.29223,1.29221,1,1
2014.09.11,00:24:14.850,1.29223,1.29219,1,5.81
2014.09.11,00:24:14.952,1.29225,1.29221,3.75,1
2014.09.11,00:24:15.465,1.29224,1.29221,1,1
2014.09.11,00:24:16.167,1.29225,1.29221,5.25,1
2014.09.11,00:24:17.397,1.29224,1.29221,1,1
2014.09.11,00:24:19.575,1.29225,1.29221,4.5,1
2014.09.11,00:24:20.853,1.29224,1.29221,1,1
2014.09.11,00:24:21.157,1.29222,1.29219,1,4.69
2014.09.11,00:24:22.144,1.29222,1.29219,1,1.5
2014.09.11,00:24:22.808,1.29222,1.2922,1,1
2014.09.11,00:24:23.959,1.29222,1.29219,1,2.44
2014.09.11,00:24:24.296,1.2922,1.29217,8.62,1.87
2014.09.11,00:24:24.449,1.29218,1.29217,1,1.12
2014.09.11,00:24:24.602,1.2922,1.29216,6.75,7.87
2014.09.11,00:24:25.110,1.29222,1.29217,3.19,4.87
2014.09.11,00:24:25.617,1.29222,1.29218,3.94,3.75
2014.09.11,00:24:26.133,1.29222,1.29219,2.25,1.5
2014.09.11,00:24:30.019,1.29222,1.29219,1,7.12
2014.09.11,00:24:32.050,1.29222,1.29221,1,2.47
2014.09.11,00:24:32.154,1.29224,1.29222,2.25,1
2014.09.11,00:24:32.458,1.29226,1.29222,3.56,2.62
2014.09.11,00:24:32.998,1.29226,1.29222,3.56,2.62
2014.09.11,00:24:41.739,1.29225,1.29224,1.25,1
2014.09.11,00:24:42.100,1.29227,1.29224,1,2.25
2014.09.11,00:24:42.354,1.29225,1.29224,1,1.5
2014.09.11,00:24:42.862,1.29226,1.29225,1.5,1
2014.09.11,00:24:43.317,1.29226,1.29223,2.25,1.5
2014.09.11,00:24:44.105,1.29225,1.29223,1,1.5
2014.09.11,00:24:47.607,1.29226,1.29224,1,1
2014.09.11,00:24:47.709,1.29227,1.29225,2.25,1
2014.09.11,00:24:47.811,1.29226,1.29224,2.25,3
2014.09.11,00:24:48.318,1.29226,1.29224,3,1
2014.09.11,00:24:48.824,1.29226,1.29224,3,1
2014.09.11,00:25:01.645,1.29227,1.29224,1,1.5
2014.09.11,00:25:11.928,1.29227,1.29223,1.69,3
2014.09.11,00:25:21.873,1.29226,1.29224,1,1
2014.09.11,00:25:22.409,1.29226,1.29223,1,1.5
2014.09.11,00:25:22.915,1.29225,1.29223,1,1.5
2014.09.11,00:25:29.063,1.29227,1.29223,1.5,3.09
2014.09.11,00:25:29.572,1.29228,1.29223,3.94,3.09
2014.09.11,00:25:30.236,1.29227,1.29223,1,4.03
2014.09.11,00:25:30.995,1.29228,1.29223,3.94,4.03
2014.09.11,00:25:32.869,1.29227,1.29223,1,4.03
2014.09.11,00:25:34.291,1.29228,1.29223,3.94,4.03
2014.09.11,00:25:34.798,1.29227,1.29223,1,1.59
2014.09.11,00:25:35.304,1.29228,1.29223,5.25,1.59
2014.09.11,00:25:35.829,1.29227,1.29223,1,1.59
2014.09.11,00:25:36.335,1.29228,1.29223,5.25,1.59
2014.09.11,00:25:37.874,1.29227,1.29223,1,1.59
2014.09.11,00:25:38.483,1.29228,1.29223,5.25,1.59
2014.09.11,00:25:39.049,1.29227,1.29223,1,1.59
2014.09.11,00:25:40.359,1.29228,1.29223,5.25,1.59
2014.09.11,00:25:40.873,1.29227,1.29223,1,1.59
2014.09.11,00:25:41.435,1.29228,1.29223,5.25,1.59
2014.09.11,00:25:43.097,1.29227,1.29223,1,1.59
2014.09.11,00:25:43.946,1.29228,1.29223,5.25,1.59
2014.09.11,00:25:45.149,1.29227,1.29223,1,1.59
2014.09.11,00:25:45.651,1.29228,1.29223,6,1.59
2014.09.11,00:25:46.199,1.29227,1.29223,1,1.59
2014.09.11,00:25:46.857,1.29228,1.29223,5.25,1.59
2014.09.11,00:25:48.579,1.29227,1.29223,1,1.59
2014.09.11,00:25:49.389,1.29228,1.29223,5.25,1.59
2014.09.11,00:25:49.921,1.29226,1.29223,1,1.12
2014.09.11,00:25:51.258,1.29226,1.29225,1,1
2014.09.11,00:25:51.309,1.29228,1.29226,2.44,1
2014.09.11,00:25:51.563,1.2923,1.29226,11.36,2.25
2014.09.11,00:25:52.876,1.2923,1.29227,2.25,2.85
2014.09.11,00:25:53.964,1.2923,1.29228,1.12,3.19
2014.09.11,00:25:54.066,1.29232,1.29229,3,1
2014.09.11,00:25:54.584,1.29233,1.29229,2.44,1.5
2014.09.11,00:26:00.506,1.29234,1.29229,8.92,1
2014.09.11,00:26:01.017,1.29233,1.29229,2.55,1
2014.09.11,00:26:01.528,1.29234,1.29229,8.92,1
2014.09.11,00:26:02.179,1.29233,1.29229,2.55,1
2014.09.11,00:26:02.992,1.29234,1.29229,8.92,1
2014.09.11,00:26:03.505,1.29233,1.29229,1.69,1
2014.09.11,00:26:04.016,1.29232,1.29229,1,1
2014.09.11,00:26:04.777,1.29232,1.29228,1,3.94
2014.09.11,00:26:05.182,1.29234,1.29229,9.67,1
2014.09.11,00:26:05.908,1.29233,1.29229,3.3,1
2014.09.11,00:26:07.034,1.29234,1.29229,9.67,1
2014.09.11,00:26:07.855,1.29233,1.29229,3.3,1.25
2014.09.11,00:26:09.282,1.29234,1.29229,9.86,1.25
2014.09.11,00:26:10.075,1.29233,1.29229,3.3,1.25
2014.09.11,00:26:10.605,1.29234,1.29229,9.11,1.25
2014.09.11,00:26:11.822,1.29233,1.29229,2.55,1.25
2014.09.11,00:26:12.330,1.29234,1.29229,9.11,1.25
2014.09.11,00:26:12.875,1.29234,1.29229,9.11,1
2014.09.11,00:26:13.761,1.29232,1.29229,1,1
2014.09.11,00:26:15.465,1.29233,1.29229,4.24,1.5
2014.09.11,00:26:20.693,1.29233,1.29231,5.17,1
2014.09.11,00:26:20.947,1.29233,1.29229,3.37,3.19
2014.09.11,00:26:21.452,1.29233,1.2923,2.62,1.5
2014.09.11,00:26:26.113,1.29233,1.29231,2.62,1
2014.09.11,00:26:38.959,1.29233,1.29229,2.55,4.5
2014.09.11,00:26:39.515,1.29234,1.29229,8.92,1
2014.09.11,00:26:40.742,1.29233,1.29229,2.55,1
2014.09.11,00:26:41.269,1.29234,1.29229,8.92,1
2014.09.11,00:26:43.145,1.29233,1.29229,2.55,1.25
2014.09.11,00:26:43.804,1.29234,1.29229,9.11,1.25
2014.09.11,00:26:44.712,1.29233,1.29229,2.55,1.25
2014.09.11,00:26:45.270,1.29234,1.29229,9.11,1.25
2014.09.11,00:26:46.589,1.29233,1.29229,2.55,1.25
2014.09.11,00:26:47.305,1.29234,1.29229,9.11,1.25
2014.09.11,00:26:48.824,1.29233,1.29229,2.55,1
2014.09.11,00:26:49.335,1.29233,1.2923,2.55,1.5
2014.09.11,00:26:49.926,1.29234,1.2923,8.92,1.5
2014.09.11,00:26:50.781,1.29233,1.2923,2.55,1.5
2014.09.11,00:26:57.381,1.29232,1.2923,1,1.5
2014.09.11,00:26:58.093,1.29233,1.2923,1.5,1.5
2014.09.11,00:26:58.607,1.29233,1.29229,1,1.5
2014.09.11,00:27:05.737,1.29232,1.29229,1,1.5
2014.09.11,00:27:06.621,1.29233,1.29229,3.3,1.5
2014.09.11,00:27:15.734,1.29232,1.29229,1,1.5
2014.09.11,00:27:16.359,1.29233,1.29229,1.5,2.25
2014.09.11,00:27:19.721,1.29232,1.29229,1,1.5
2014.09.11,00:27:20.229,1.29233,1.29229,1,1.5
2014.09.11,00:27:22.163,1.29232,1.29229,1,2.25
2014.09.11,00:27:22.672,1.29233,1.29229,3.94,3
2014.09.11,00:27:32.060,1.29232,1.29229,1,1.5
2014.09.11,00:27:32.824,1.29233,1.29229,5.74,1.5
2014.09.11,00:27:48.524,1.29233,1.29231,5.74,1
2014.09.11,00:27:50.315,1.29233,1.2923,2.44,1.5
2014.09.11,00:27:53.119,1.29233,1.29231,2.44,1
2014.09.11,00:27:53.894,1.29233,1.2923,2.44,1
2014.09.11,00:27:54.602,1.29233,1.29229,5.74,3.75
2014.09.11,00:28:01.664,1.29232,1.29229,1,4.5
2014.09.11,00:28:02.169,1.29233,1.2923,1.5,1.5
2014.09.11,00:28:30.417,1.29234,1.2923,7.24,1.5
2014.09.11,00:28:30.941,1.29233,1.2923,1.8,1.5
2014.09.11,00:28:31.447,1.29234,1.2923,7.99,1.5
2014.09.11,00:28:31.953,1.29233,1.2923,3.3,1
2014.09.11,00:28:38.088,1.29233,1.29231,2.25,1
2014.09.11,00:28:38.240,1.29235,1.29231,3,2.25
2014.09.11,00:28:38.342,1.29236,1.29234,2.62,1
2014.09.11,00:28:38.443,1.29237,1.29234,1,1.5
2014.09.11,00:28:38.950,1.29237,1.29235,1,1
2014.09.11,00:28:42.177,1.29238,1.29235,1.5,2.62
2014.09.11,00:28:42.683,1.29238,1.29236,1,1.5
2014.09.11,00:28:43.527,1.29238,1.29235,1.5,3.56
2014.09.11,00:28:49.049,1.29238,1.29236,3.75,5.62
2014.09.11,00:28:49.100,1.29239,1.29237,6.75,1
2014.09.11,00:28:49.151,1.2924,1.29238,3,1
2014.09.11,00:28:49.203,1.29243,1.29239,6.75,1
2014.09.11,00:28:49.355,1.29243,1.29241,1.5,1.5
2014.09.11,00:28:49.508,1.29245,1.29241,1.5,1
2014.09.11,00:29:04.541,1.29244,1.29241,1,1.5
2014.09.11,00:29:06.079,1.29243,1.29241,1,1
2014.09.11,00:29:06.535,1.29243,1.29239,1,2.06
2014.09.11,00:29:23.719,1.29243,1.29239,1,3.52
2014.09.11,00:29:24.283,1.29243,1.29239,2.25,2.77
2014.09.11,00:29:24.793,1.29243,1.2924,1,1
2014.09.11,00:29:39.232,1.29244,1.2924,3.75,1.27
2014.09.11,00:29:39.746,1.29243,1.2924,1,1
2014.09.11,00:29:40.257,1.29242,1.2924,1,1
2014.09.11,00:29:41.186,1.29242,1.29239,1.5,2.25
2014.09.11,00:29:41.699,1.29242,1.2924,1.5,1
2014.09.11,00:29:46.625,1.29242,1.29239,1.5,2.25
2014.09.11,00:29:55.975,1.29241,1.29239,1,1.5
2014.09.11,00:29:56.280,1.2924,1.29237,1.12,1.5
2014.09.11,00:29:56.888,1.29241,1.29237,3.37,1.5
2014.09.11,00:29:57.090,1.29242,1.29239,5.25,1
2014.09.11,00:29:57.597,1.29243,1.29239,2.44,3.75
2014.09.11,00:29:58.589,1.29242,1.29239,1,3
2014.09.11,00:30:01.742,1.29241,1.29239,1.25,2.25
2014.09.11,00:30:06.165,1.29242,1.29239,1.69,1.5
2014.09.11,00:30:07.583,1.29242,1.29241,1.69,1
2014.09.11,00:30:08.091,1.29243,1.29239,1.25,1.5
2014.09.11,00:30:08.598,1.29243,1.2924,1.25,1
2014.09.11,00:30:08.649,1.29243,1.29238,1.25,6
2014.09.11,00:30:09.580,1.29243,1.29238,1.25,7.5
2014.09.11,00:30:09.980,1.29242,1.29238,1.19,7.5
2014.09.11,00:30:14.006,1.29242,1.29238,2.44,2.25
2014.09.11,00:30:14.513,1.29242,1.29239,2.44,1
2014.09.11,00:30:33.636,1.29241,1.29239,2.44,1.5
2014.09.11,00:30:33.839,1.2924,1.29236,2.06,2.25
2014.09.11,00:30:34.143,1.29241,1.29239,5.06,1
2014.09.11,00:30:34.649,1.29241,1.29239,2.81,1
2014.09.11,00:30:35.054,1.29242,1.29239,1.69,1
2014.09.11,00:30:36.036,1.29242,1.29239,1.19,2.25
2014.09.11,00:30:50.542,1.29242,1.29239,1.25,1.5
2014.09.11,00:30:51.179,1.29241,1.29239,1.25,1.5
2014.09.11,00:31:14.126,1.29241,1.29239,1.69,1.5
2014.09.11,00:31:18.151,1.29242,1.29239,3.56,1
2014.09.11,00:31:19.024,1.2924,1.29239,1,1
2014.09.11,00:31:19.540,1.2924,1.29237,1.25,1.5
2014.09.11,00:31:19.692,1.29239,1.29235,4.31,4.5
2014.09.11,00:31:19.794,1.29237,1.29235,1,2.62
2014.09.11,00:31:20.312,1.29236,1.29234,1.62,1.12
2014.09.11,00:31:20.832,1.29236,1.29234,1.31,1.12
2014.09.11,00:31:22.051,1.29236,1.29234,1.62,1
2014.09.11,00:31:22.102,1.29236,1.29232,1.62,2.25
2014.09.11,00:31:26.501,1.29235,1.29233,2.44,1
2014.09.11,00:31:27.501,1.29236,1.29233,3.19,1
2014.09.11,00:31:28.028,1.29235,1.29233,1,1
2014.09.11,00:31:28.538,1.29236,1.29233,3.19,1
2014.09.11,00:31:29.096,1.29235,1.29233,1,1
2014.09.11,00:31:31.566,1.29236,1.29233,2.44,1
2014.09.11,00:31:32.076,1.29235,1.29233,1,1
2014.09.11,00:31:32.582,1.29236,1.29233,3.19,1
2014.09.11,00:31:33.172,1.29235,1.29233,1,1
2014.09.11,00:31:33.823,1.29236,1.29233,3.94,1
2014.09.11,00:31:34.370,1.29236,1.29233,3.94,1
2014.09.11,00:31:36.629,1.29235,1.29232,1.25,1.5
2014.09.11,00:31:40.206,1.29236,1.29232,5.06,1.5
2014.09.11,00:31:40.765,1.29236,1.29232,5.06,1.5
2014.09.11,00:31:41.381,1.29236,1.29232,5.06,1.5
2014.09.11,00:31:41.885,1.29236,1.29232,5.06,1.5
2014.09.11,00:31:44.830,1.29234,1.29232,1.25,1.5
2014.09.11,00:31:47.420,1.29235,1.29232,1.25,1.5
2014.09.11,00:31:54.515,1.29236,1.29232,3.94,1.5
2014.09.11,00:31:55.387,1.29236,1.29232,3.56,1.5
2014.09.11,00:31:55.996,1.29236,1.29232,3.56,1.5
2014.09.11,00:31:56.532,1.29236,1.29232,3.56,1.5
2014.09.11,00:31:57.037,1.29236,1.29232,3.56,1.5
2014.09.11,00:31:57.645,1.29236,1.29232,3.56,1.5
2014.09.11,00:31:58.149,1.29236,1.29232,3.56,1.5
2014.09.11,00:31:58.867,1.29236,1.29232,2.81,1
2014.09.11,00:31:59.434,1.29236,1.29232,2.81,1
2014.09.11,00:32:00.092,1.29236,1.29232,2.81,1
2014.09.11,00:32:00.597,1.29236,1.29232,2.81,1
2014.09.11,00:32:01.134,1.29236,1.29232,2.81,1
2014.09.11,00:32:01.882,1.29236,1.29232,2.81,1
2014.09.11,00:32:02.508,1.29236,1.29232,2.81,1
2014.09.11,00:32:03.009,1.29236,1.29232,2.81,1
2014.09.11,00:32:03.586,1.29236,1.29232,2.81,1.5
2014.09.11,00:32:04.123,1.29236,1.29232,2.81,1
2014.09.11,00:32:05.541,1.29236,1.29232,2.81,1
2014.09.11,00:32:06.227,1.29236,1.29232,2.81,1
2014.09.11,00:32:07.356,1.29235,1.29232,1.25,1
2014.09.11,00:32:08.949,1.29236,1.29232,2.81,1
2014.09.11,00:32:09.908,1.29236,1.29232,2.81,1
2014.09.11,00:32:10.447,1.29236,1.29232,2.81,1.5
2014.09.11,00:32:10.987,1.29236,1.29233,2.81,1
2014.09.11,00:32:11.508,1.29236,1.29233,2.06,1
2014.09.11,00:32:12.016,1.29236,1.29232,2.06,2.25
2014.09.11,00:32:12.522,1.29236,1.29232,2.06,1.5
2014.09.11,00:32:13.248,1.29236,1.29232,2.06,1.5
2014.09.11,00:32:13.789,1.29236,1.29232,2.81,1.5
2014.09.11,00:32:14.479,1.29236,1.29232,2.81,1.5
2014.09.11,00:32:16.105,1.29236,1.29233,2.81,1
2014.09.11,00:32:16.673,1.29235,1.29233,1.25,1.5
2014.09.11,00:32:17.179,1.29237,1.29233,3.56,1.5
2014.09.11,00:32:17.708,1.29235,1.29233,1,1.5
2014.09.11,00:32:18.770,1.29236,1.29233,1.31,1.5
2014.09.11,00:32:19.642,1.29236,1.29233,1.62,1.5
2014.09.11,00:32:20.349,1.29236,1.29233,1.31,1.5
2014.09.11,00:32:21.105,1.29236,1.29233,1.62,1.5
2014.09.11,00:32:21.742,1.29236,1.29233,1.31,1.5
2014.09.11,00:32:22.419,1.29236,1.29233,1.62,1.5
2014.09.11,00:32:22.934,1.29236,1.29233,1.31,1.5
2014.09.11,00:32:24.124,1.29237,1.29233,5.06,2.34
2014.09.11,00:32:24.758,1.29237,1.29233,5.06,4.59
2014.09.11,00:32:25.323,1.29236,1.29233,1.62,2.25
2014.09.11,00:32:25.829,1.29236,1.29233,1.31,2.25
2014.09.11,00:32:26.335,1.29235,1.29233,1,2.34
2014.09.11,00:32:37.078,1.29235,1.29232,1.25,3
2014.09.11,00:32:41.600,1.29236,1.29232,3.56,1.5
2014.09.11,00:32:43.843,1.29236,1.29232,3.56,1.5
2014.09.11,00:32:44.348,1.29236,1.29232,3.56,1.5
2014.09.11,00:32:44.872,1.29236,1.29232,3.56,1.5
2014.09.11,00:32:45.416,1.29236,1.29232,3.56,1.5
2014.09.11,00:32:47.079,1.29236,1.29232,3.56,1.5
2014.09.11,00:32:47.600,1.29236,1.29232,3.56,1.5
2014.09.11,00:32:48.734,1.29236,1.29232,3.56,1.5
2014.09.11,00:32:49.299,1.29236,1.29232,3.56,1.5
2014.09.11,00:32:50.816,1.29236,1.29232,3.56,1.5
2014.09.11,00:32:51.385,1.29236,1.29232,3.56,1.5
2014.09.11,00:32:52.043,1.29236,1.29232,3.56,1.5
2014.09.11,00:32:52.730,1.29236,1.29232,3.56,1.5
2014.09.11,00:32:53.372,1.29236,1.29233,2.81,1.09
2014.09.11,00:32:54.719,1.29236,1.29233,2.81,1.09
2014.09.11,00:32:56.029,1.29236,1.29232,4.69,1.5
2014.09.11,00:32:56.970,1.29236,1.29232,3.94,1.5
2014.09.11,00:32:57.123,1.29235,1.29232,1,2.34
2014.09.11,00:32:57.721,1.29236,1.29232,3.56,2.34
2014.09.11,00:32:58.245,1.29236,1.29232,3.56,2.34
2014.09.11,00:32:59.010,1.29236,1.29232,3.56,2.34
2014.09.11,00:32:59.523,1.29236,1.29232,3.56,2.34
2014.09.11,00:33:00.079,1.29236,1.29232,3.56,2.34
2014.09.11,00:33:00.846,1.29236,1.29232,3.56,2.34
2014.09.11,00:33:01.354,1.29236,1.29232,3.56,2.34
2014.09.11,00:33:04.203,1.29236,1.29232,3.56,2.34
2014.09.11,00:33:04.717,1.29235,1.29233,1.25,1
2014.09.11,00:33:05.534,1.29236,1.29233,2.25,1.19
2014.09.11,00:33:06.099,1.29236,1.29233,2.06,1.19
2014.09.11,00:33:06.685,1.29236,1.29233,2.06,1.19
2014.09.11,00:33:07.061,1.29235,1.29233,1.12,1
2014.09.11,00:33:18.255,1.29235,1.29231,3.94,5.25
2014.09.11,00:33:19.217,1.29234,1.29231,1.25,3.75
2014.09.11,00:33:19.722,1.29234,1.29232,1.25,1
2014.09.11,00:33:20.480,1.29234,1.29231,1.25,2.25
2014.09.11,00:33:20.935,1.29231,1.29228,1.5,3
2014.09.11,00:33:21.442,1.29229,1.29226,1.5,7.5
2014.09.11,00:33:21.597,1.29228,1.29224,3.19,11.62
2014.09.11,00:33:22.105,1.29227,1.29224,1.69,6.37
2014.09.11,00:33:22.611,1.29226,1.29223,1,1.5
2014.09.11,00:33:23.117,1.29226,1.29224,1,1
2014.09.11,00:33:23.674,1.29226,1.29223,1,1
2014.09.11,00:33:25.145,1.29227,1.29223,2.44,2.25
2014.09.11,00:33:27.631,1.29227,1.29223,2.44,1
2014.09.11,00:33:28.138,1.29227,1.29222,2.44,3
2014.09.11,00:33:28.713,1.29227,1.29224,2.44,1
2014.09.11,00:33:28.915,1.29227,1.29222,2.44,2.25
2014.09.11,00:33:32.162,1.29227,1.29222,2.81,2.25
2014.09.11,00:33:32.667,1.29226,1.29222,1.25,2.25
2014.09.11,00:33:33.200,1.29225,1.29222,1.25,2.25
2014.09.11,00:33:37.203,1.29225,1.29221,3.56,1.5
2014.09.11,00:33:37.709,1.29224,1.2922,1,5.25
2014.09.11,00:33:38.291,1.29224,1.29221,1.69,1
2014.09.11,00:33:38.799,1.29224,1.2922,2.44,2.25
2014.09.11,00:33:44.744,1.29223,1.2922,1,3
2014.09.11,00:33:50.889,1.29224,1.2922,1.5,3.75
2014.09.11,00:33:51.406,1.29223,1.29221,1,1
2014.09.11,00:33:52.200,1.29224,1.29221,1,1
2014.09.11,00:33:54.579,1.29225,1.29221,2.25,1
2014.09.11,00:33:59.375,1.29224,1.29221,1,1
2014.09.11,00:33:59.884,1.29225,1.29221,3.37,1
2014.09.11,00:34:02.507,1.29224,1.29221,1,1
2014.09.11,00:34:03.535,1.29225,1.29221,1.5,1
2014.09.11,00:34:04.080,1.29224,1.29221,1,1
2014.09.11,00:34:06.006,1.29225,1.29221,2.25,1
2014.09.11,00:34:06.542,1.29224,1.29221,1,1
2014.09.11,00:34:09.361,1.29225,1.29221,1.69,1
2014.09.11,00:34:16.573,1.29226,1.29222,1,2.25
2014.09.11,00:34:17.168,1.29227,1.29223,1.69,1
2014.09.11,00:34:18.362,1.29228,1.29223,6.19,1
2014.09.11,00:34:19.256,1.29227,1.29223,1,1
2014.09.11,00:34:19.788,1.29228,1.29223,6.19,1
2014.09.11,00:34:20.383,1.29227,1.29223,1,1
2014.09.11,00:34:20.957,1.29226,1.29223,2.25,1
2014.09.11,00:34:24.682,1.29226,1.29224,2.25,1
2014.09.11,00:34:26.332,1.29226,1.29223,2.25,1
2014.09.11,00:34:26.939,1.29227,1.29225,1,1
2014.09.11,00:34:26.990,1.29228,1.29226,1.69,2.62
2014.09.11,00:34:27.091,1.29229,1.29226,1.5,4.12
2014.09.11,00:34:27.597,1.2923,1.29227,6.49,3
2014.09.11,00:34:28.842,1.2923,1.29227,6.3,2.25
2014.09.11,00:34:31.192,1.2923,1.29228,5.92,1.5
2014.09.11,00:34:31.497,1.29233,1.2923,6.41,1
2014.09.11,00:34:32.306,1.29233,1.2923,4.69,1
2014.09.11,00:34:41.300,1.29233,1.29229,7.16,1
2014.09.11,00:34:41.805,1.29233,1.29228,14.81,2.25
2014.09.11,00:34:42.357,1.29233,1.29227,11.59,6
2014.09.11,00:34:43.331,1.29233,1.29227,6.04,4.69
2014.09.11,00:34:44.714,1.29232,1.29228,1.25,1
2014.09.11,00:34:51.858,1.29232,1.29229,3,1
2014.09.11,00:34:52.363,1.29232,1.29228,1.5,2.25
2014.09.11,00:34:53.423,1.29231,1.29228,1,1
2014.09.11,00:34:56.546,1.29232,1.29228,1.5,1.5
2014.09.11,00:35:02.457,1.29231,1.29228,1,1
2014.09.11,00:35:04.054,1.29232,1.29228,1.5,1.5
2014.09.11,00:35:10.746,1.29232,1.29229,2.44,1
2014.09.11,00:35:11.279,1.29232,1.29228,2.44,2.25
2014.09.11,00:35:17.451,1.29232,1.29229,1.5,1
2014.09.11,00:35:17.956,1.29232,1.29228,2.25,3
2014.09.11,00:35:23.302,1.29232,1.29229,1.5,1
2014.09.11,00:35:23.857,1.29232,1.29228,3,3
2014.09.11,00:35:29.376,1.29233,1.29228,7.65,2.25
2014.09.11,00:35:29.896,1.29232,1.29228,1,1
2014.09.11,00:35:52.493,1.29232,1.29229,1,1
2014.09.11,00:35:58.293,1.29232,1.29228,2.25,2.25
2014.09.11,00:36:00.755,1.29232,1.29229,1.5,1
2014.09.11,00:36:01.310,1.29232,1.29228,1.5,5.25
2014.09.11,00:36:10.992,1.29232,1.29229,3,1
2014.09.11,00:36:12.636,1.29232,1.2923,2.25,1
2014.09.11,00:36:12.788,1.29234,1.29231,3,5.25
2014.09.11,00:36:12.991,1.29236,1.29234,3.75,1
2014.09.11,00:36:13.042,1.29236,1.29234,2.25,1
2014.09.11,00:36:13.598,1.29237,1.29234,3.75,1
2014.09.11,00:36:14.283,1.29237,1.29235,1.25,1
2014.09.11,00:36:14.586,1.29239,1.29235,4.31,3
2014.09.11,00:36:14.739,1.29239,1.29238,2.25,1
2014.09.11,00:36:14.892,1.29241,1.29238,3,1.5
2014.09.11,00:36:14.944,1.29241,1.2924,1,1.5
2014.09.11,00:36:15.248,1.29244,1.29241,3.19,1
2014.09.11,00:36:15.804,1.29244,1.2924,1.69,1.5
2014.09.11,00:36:16.311,1.29244,1.29241,1.69,1
2014.09.11,00:36:18.074,1.29243,1.29241,1,1
2014.09.11,00:36:19.888,1.29244,1.29241,2.44,1
2014.09.11,00:36:21.964,1.29244,1.2924,1.69,3
2014.09.11,00:36:23.327,1.29243,1.29239,1,4.69
2014.09.11,00:36:26.530,1.29244,1.29239,7.2,2.25
2014.09.11,00:36:27.554,1.29244,1.2924,3.94,1
2014.09.11,00:36:28.160,1.29244,1.29239,3.19,2.25
2014.09.11,00:36:28.666,1.29244,1.29239,3.94,2.25
2014.09.11,00:36:33.546,1.29244,1.2924,3.19,1
2014.09.11,00:36:34.354,1.29244,1.2924,2.74,1
2014.09.11,00:36:38.271,1.29244,1.29238,5.44,5.62
2014.09.11,00:36:38.774,1.29244,1.29239,6.19,1
2014.09.11,00:36:41.057,1.29243,1.29239,1,2.25
2014.09.11,00:36:41.580,1.29244,1.2924,5.44,1
2014.09.11,00:36:42.872,1.29244,1.2924,2.44,2.25
2014.09.11,00:36:44.883,1.29244,1.2924,1.5,3.75
2014.09.11,00:36:45.389,1.29243,1.2924,1.5,1
2014.09.11,00:36:45.895,1.29242,1.29239,1,1.5
2014.09.11,00:36:46.350,1.2924,1.29237,1,2.81
2014.09.11,00:36:46.654,1.29238,1.29236,1.12,1
2014.09.11,00:36:46.856,1.29237,1.29234,1.5,1.5
2014.09.11,00:36:47.366,1.29238,1.29234,1.69,1.5
2014.09.11,00:36:55.043,1.29236,1.29234,1,1
2014.09.11,00:36:55.549,1.29235,1.29233,1,1
2014.09.11,00:36:56.056,1.29236,1.29234,1.5,1
2014.09.11,00:36:56.568,1.29235,1.29233,1,1
2014.09.11,00:36:57.131,1.29235,1.29231,1.5,3
2014.09.11,00:36:57.642,1.29236,1.29231,6.75,1
2014.09.11,00:36:58.157,1.29235,1.29231,3,1
2014.09.11,00:36:58.681,1.29236,1.29232,3.75,1.5
2014.09.11,00:36:59.187,1.29235,1.29232,1,1.5
2014.09.11,00:36:59.549,1.29237,1.29232,4.69,1.5
2014.09.11,00:37:00.055,1.29236,1.29232,1,1.5
2014.09.11,00:37:00.595,1.29237,1.29232,4.69,1.5
2014.09.11,00:37:00.798,1.29235,1.29232,1,2.25
2014.09.11,00:37:01.335,1.29236,1.29232,1.25,2.25
2014.09.11,00:37:01.947,1.29235,1.29232,1,1.5
2014.09.11,00:37:03.119,1.29236,1.29232,1.25,1.5
2014.09.11,00:37:03.862,1.29235,1.29232,1,1.5
2014.09.11,00:37:04.523,1.29236,1.29232,1.25,1.5
2014.09.11,00:37:05.283,1.29235,1.29232,1,1.5
2014.09.11,00:37:05.818,1.29236,1.29232,1.25,1
2014.09.11,00:37:06.345,1.29236,1.29233,1.25,1
2014.09.11,00:37:06.892,1.29235,1.29233,1,1
2014.09.11,00:37:07.905,1.29236,1.29233,1.25,1
2014.09.11,00:37:08.625,1.29235,1.29233,1,1
2014.09.11,00:37:09.329,1.29236,1.29233,1.25,1
2014.09.11,00:37:09.854,1.29235,1.29233,1,1
2014.09.11,00:37:10.767,1.29236,1.29233,1.25,1
2014.09.11,00:37:11.453,1.29235,1.29233,1,1
2014.09.11,00:37:12.395,1.29236,1.29233,1.25,1
2014.09.11,00:37:15.943,1.29237,1.29233,3,1
2014.09.11,00:37:18.755,1.29236,1.29233,1,1
2014.09.11,00:37:19.318,1.29235,1.29233,1,1
2014.09.11,00:37:19.874,1.29236,1.29233,1,1
2014.09.11,00:37:20.379,1.29236,1.29232,1.87,3
2014.09.11,00:37:20.903,1.29235,1.29232,1.87,3
2014.09.11,00:37:21.904,1.29236,1.29232,2.62,2.25
2014.09.11,00:37:22.418,1.29235,1.29232,2.25,4.5
2014.09.11,00:37:22.923,1.29236,1.29232,2.25,6
2014.09.11,00:37:24.882,1.29236,1.29233,1.5,1
2014.09.11,00:37:25.413,1.29236,1.29234,1.5,1
2014.09.11,00:37:30.894,1.29236,1.29232,1.5,5.25
2014.09.11,00:37:31.466,1.29236,1.29233,1.5,1
2014.09.11,00:37:31.988,1.29236,1.29234,1.5,1
2014.09.11,00:37:32.939,1.29237,1.29234,1.5,1
2014.09.11,00:37:33.455,1.29237,1.29235,1.5,1
2014.09.11,00:37:53.345,1.29237,1.29233,2.25,3.75
2014.09.11,00:37:54.012,1.29237,1.29234,1.5,1
2014.09.11,00:37:54.570,1.29237,1.29233,1.5,1.5
2014.09.11,00:37:55.074,1.29237,1.29234,1.5,1
2014.09.11,00:37:55.756,1.29237,1.29233,2.25,3
2014.09.11,00:37:58.195,1.29237,1.29234,1.5,1
2014.09.11,00:37:58.730,1.29237,1.29233,1.5,1.5
2014.09.11,00:38:00.101,1.29237,1.29234,1,1
2014.09.11,00:38:00.607,1.29236,1.29233,1,3
2014.09.11,00:38:03.472,1.29236,1.29232,1,3.19
2014.09.11,00:38:05.294,1.29236,1.29233,1,1
2014.09.11,00:38:05.829,1.29236,1.29232,1.46,2.44
2014.09.11,00:38:09.798,1.29236,1.29233,1,1
2014.09.11,00:38:10.459,1.29236,1.29232,1.5,4.69
2014.09.11,00:38:10.874,1.29236,1.29234,1.5,1
2014.09.11,00:38:11.489,1.29237,1.29234,3.19,1
2014.09.11,00:38:13.292,1.29236,1.29234,1,1
2014.09.11,00:38:14.404,1.29236,1.29233,1,2.25
2014.09.11,00:38:16.346,1.29236,1.29232,3.19,3
2014.09.11,00:38:16.956,1.29235,1.29232,1,1
2014.09.11,00:38:17.512,1.29236,1.29232,5.81,1
2014.09.11,00:38:17.859,1.29234,1.29232,1.25,1
2014.09.11,00:38:18.734,1.29236,1.29232,5.06,1.5
2014.09.11,00:38:19.504,1.29235,1.29233,2.44,1
2014.09.11,00:38:20.782,1.29236,1.29234,1.56,1
2014.09.11,00:38:20.833,1.29237,1.29234,1.25,1.5
2014.09.11,00:38:21.546,1.29237,1.29233,1.25,1
2014.09.11,00:38:22.160,1.29236,1.29233,1,1
2014.09.11,00:38:22.671,1.29237,1.29233,1.25,1
2014.09.11,00:38:25.646,1.29237,1.29233,1.69,1
2014.09.11,00:38:26.154,1.29235,1.29233,1,1
2014.09.11,00:38:26.707,1.29236,1.29233,1.25,1
2014.09.11,00:38:27.524,1.29235,1.29233,1.12,1
2014.09.11,00:38:28.031,1.29236,1.29233,2.06,1
2014.09.11,00:38:29.155,1.29235,1.29233,1.12,1
2014.09.11,00:38:31.227,1.29236,1.29233,1.12,1
2014.09.11,00:38:31.733,1.29237,1.29233,4.69,1
2014.09.11,00:38:32.261,1.29236,1.29233,1,1
2014.09.11,00:38:32.768,1.29237,1.29233,3.19,1.5
2014.09.11,00:38:33.779,1.29237,1.29233,2.44,1.5
2014.09.11,00:38:35.112,1.29237,1.29233,1.5,3
2014.09.11,00:38:36.175,1.29237,1.29234,1,1.5
2014.09.11,00:38:36.277,1.29238,1.29236,4.5,2.25
2014.09.11,00:38:36.480,1.2924,1.29238,2.12,1.69
2014.09.11,00:38:36.531,1.29241,1.29239,1,1
2014.09.11,00:38:36.633,1.29243,1.2924,6,1.5
2014.09.11,00:38:36.835,1.29241,1.29237,1,3.19
2014.09.11,00:38:37.341,1.29241,1.29238,1.5,1
2014.09.11,00:38:37.983,1.2924,1.29238,1,1
2014.09.11,00:38:38.489,1.29241,1.29238,1.5,1
2014.09.11,00:38:39.509,1.2924,1.29238,1,1
2014.09.11,00:38:40.018,1.29241,1.29238,1.5,1
2014.09.11,00:38:40.648,1.2924,1.29238,1,1
2014.09.11,00:38:41.162,1.29241,1.29238,1.5,1
2014.09.11,00:38:43.094,1.2924,1.29238,1,1
2014.09.11,00:38:44.260,1.29241,1.29238,1,1
2014.09.11,00:38:45.687,1.2924,1.29238,1,1
2014.09.11,00:38:46.402,1.29241,1.29238,1,1
2014.09.11,00:38:46.917,1.2924,1.29238,1,1
2014.09.11,00:38:47.839,1.29241,1.29238,1,1
2014.09.11,00:38:48.448,1.2924,1.29238,1,1
2014.09.11,00:38:48.980,1.29241,1.29238,1,1
2014.09.11,00:38:49.487,1.29241,1.29237,1.5,3
2014.09.11,00:38:50.195,1.2924,1.29237,1.12,2.25
2014.09.11,00:38:50.701,1.29241,1.29237,1.12,2.25
2014.09.11,00:38:51.864,1.29241,1.29237,1.37,3.75
2014.09.11,00:38:52.696,1.29239,1.29237,1.5,1
2014.09.11,00:38:52.797,1.29237,1.29235,1,1
2014.09.11,00:38:53.306,1.29238,1.29234,2.91,1
2014.09.11,00:38:53.914,1.29237,1.29233,1.5,3
2014.09.11,00:38:55.364,1.29236,1.29233,1,2.25
2014.09.11,00:38:56.595,1.29235,1.29233,1,2.25
2014.09.11,00:38:57.181,1.29236,1.29233,1,2.25
2014.09.11,00:38:57.695,1.29235,1.29233,1,1.5
2014.09.11,00:38:58.356,1.29236,1.29233,1.5,1.5
2014.09.11,00:38:59.428,1.29235,1.29233,1,1.5
2014.09.11,00:39:00.820,1.29236,1.29233,4.12,1
2014.09.11,00:39:01.795,1.29235,1.29233,1,1
2014.09.11,00:39:01.897,1.29237,1.29233,2.44,2.25
2014.09.11,00:39:04.052,1.29237,1.29234,1.5,1.5
2014.09.11,00:39:04.664,1.29237,1.29233,1.5,2.25
2014.09.11,00:39:05.204,1.29236,1.29233,1,2.25
2014.09.11,00:39:06.309,1.29235,1.29233,1,1
2014.09.11,00:39:06.853,1.29236,1.29233,1,1
2014.09.11,00:39:07.363,1.29235,1.29233,1,1
2014.09.11,00:39:07.893,1.29236,1.29233,1,1
2014.09.11,00:39:08.882,1.29235,1.29233,1,1
2014.09.11,00:39:09.403,1.29236,1.29233,1.31,1
2014.09.11,00:39:10.300,1.29235,1.29233,1.12,1
2014.09.11,00:39:10.811,1.29236,1.29233,1.12,1
2014.09.11,00:39:11.324,1.29236,1.29232,1.87,3
2014.09.11,00:39:11.840,1.29235,1.29232,1,2.25
2014.09.11,00:39:12.818,1.29236,1.29234,3,1
2014.09.11,00:39:14.764,1.29238,1.29234,3.19,1
2014.09.11,00:39:15.275,1.29237,1.29234,1,1
2014.09.11,00:39:15.776,1.29238,1.29234,5.44,1
2014.09.11,00:39:15.827,1.29236,1.29234,1,1
2014.09.11,00:39:16.434,1.29237,1.29234,2.44,1
2014.09.11,00:39:16.738,1.29236,1.29234,1.37,1
2014.09.11,00:39:17.264,1.29236,1.29234,1.31,1
2014.09.11,00:39:17.984,1.29235,1.29234,1.12,1
2014.09.11,00:39:18.989,1.29236,1.29234,1.31,1
2014.09.11,00:39:22.771,1.29235,1.29234,1.12,1
2014.09.11,00:39:23.433,1.29236,1.29234,1.87,1
2014.09.11,00:39:23.947,1.29235,1.29234,1.12,1
2014.09.11,00:39:24.100,1.29237,1.29234,3.94,1
2014.09.11,00:39:24.605,1.29236,1.29234,1,1
2014.09.11,00:39:25.204,1.29235,1.29234,1,1
2014.09.11,00:39:25.421,1.29237,1.29234,4.69,1
2014.09.11,00:39:25.523,1.29235,1.29234,1,1
2014.09.11,00:39:26.031,1.29236,1.29234,1,1
2014.09.11,00:39:27.220,1.29235,1.29234,1,1
2014.09.11,00:39:27.427,1.29237,1.29234,3.19,1.5
2014.09.11,00:39:29.867,1.29238,1.29234,5.06,1.5
2014.09.11,00:39:30.537,1.29237,1.29234,1,1.5
2014.09.11,00:39:41.023,1.29236,1.29234,1,1.5
2014.09.11,00:39:41.958,1.29235,1.29234,1,1.5
2014.09.11,00:39:42.799,1.29236,1.29234,1,1.5
2014.09.11,00:39:43.514,1.29235,1.29234,1,1
2014.09.11,00:39:44.125,1.29236,1.29234,1,1
2014.09.11,00:39:44.634,1.29235,1.29234,1.5,1
2014.09.11,00:39:57.330,1.29236,1.29234,1,1
2014.09.11,00:39:57.895,1.29237,1.29234,2.25,1
2014.09.11,00:39:58.523,1.29236,1.29234,1,1
2014.09.11,00:39:59.134,1.29235,1.29234,1,1
2014.09.11,00:39:59.644,1.29236,1.29234,1,1
2014.09.11,00:40:00.311,1.29235,1.29234,1.87,1
2014.09.11,00:40:05.617,1.29235,1.29232,1,1
2014.09.11,00:40:08.211,1.29234,1.29232,1,1
2014.09.11,00:40:09.900,1.29235,1.29232,1.5,1.5
2014.09.11,00:40:10.406,1.29236,1.29233,1.37,1.5
2014.09.11,00:40:10.912,1.29236,1.29233,2.62,1
2014.09.11,00:40:11.915,1.29235,1.29233,1.12,1
2014.09.11,00:40:12.422,1.29236,1.29233,1.25,1
2014.09.11,00:40:12.829,1.29237,1.29234,3.19,1
2014.09.11,00:40:13.087,1.29237,1.29235,1.69,1
2014.09.11,00:40:13.345,1.29235,1.29233,1,1
2014.09.11,00:40:13.759,1.29237,1.29235,3.19,1
2014.09.11,00:40:14.268,1.29238,1.29236,3,1
2014.09.11,00:40:14.371,1.29239,1.29237,2.25,1
2014.09.11,00:40:14.423,1.29239,1.29236,1,3
2014.09.11,00:40:14.627,1.29241,1.29237,2.06,2.25
2014.09.11,00:40:14.780,1.29241,1.29239,1.25,1
2014.09.11,00:40:15.287,1.29243,1.2924,4.69,1
2014.09.11,00:40:15.590,1.29241,1.29239,1,3
2014.09.11,00:40:16.324,1.29241,1.29238,1,1
2014.09.11,00:40:16.830,1.29241,1.29239,1,1
2014.09.11,00:40:17.234,1.29241,1.29237,1,1.5
2014.09.11,00:40:17.742,1.2924,1.29238,1,1
2014.09.11,00:40:18.248,1.29239,1.29237,1,1
2014.09.11,00:40:18.658,1.29237,1.29236,2.25,1.5
2014.09.11,00:40:19.114,1.29235,1.29232,1,1.5
2014.09.11,00:40:19.620,1.29237,1.29235,2.25,1
2014.09.11,00:40:20.479,1.29237,1.29234,2.62,1
2014.09.11,00:40:21.026,1.29237,1.29232,4.12,2.25
2014.09.11,00:40:21.499,1.29237,1.29235,2.25,1
2014.09.11,00:40:23.821,1.29237,1.29233,3,1.5
2014.09.11,00:40:24.393,1.29237,1.29233,4.87,1.5
2014.09.11,00:40:25.000,1.29236,1.29233,1.37,1.5
2014.09.11,00:40:25.506,1.29236,1.29233,1,1.5
2014.09.11,00:40:27.819,1.29237,1.29233,3,1.5
2014.09.11,00:40:28.326,1.29236,1.29233,1,1.5
2014.09.11,00:40:30.818,1.29237,1.29233,1.5,1.5
2014.09.11,00:40:32.094,1.29236,1.29233,1,1.5
2014.09.11,00:40:39.896,1.29237,1.29233,2.25,1.5
2014.09.11,00:40:44.646,1.29236,1.29233,1,1.5
2014.09.11,00:40:45.150,1.29237,1.29233,2.25,2.25
2014.09.11,00:40:51.792,1.29237,1.29234,2.25,1
2014.09.11,00:40:52.303,1.29237,1.29235,2.25,1
2014.09.11,00:40:52.808,1.29237,1.29234,2.25,1
2014.09.11,00:40:53.309,1.29237,1.29233,2.25,2.25
2014.09.11,00:40:54.745,1.29237,1.29234,1.5,1
2014.09.11,00:40:54.847,1.29239,1.29236,3.75,1
2014.09.11,00:40:54.899,1.29239,1.29237,1.5,1.5
2014.09.11,00:40:55.405,1.2924,1.29237,3.37,1.5
2014.09.11,00:40:56.016,1.29241,1.29237,3.19,3
2014.09.11,00:40:56.522,1.29241,1.29238,1.69,1
2014.09.11,00:41:05.360,1.29241,1.29237,1.5,3
2014.09.11,00:41:08.585,1.29241,1.29237,1.87,3
2014.09.11,00:41:09.317,1.29241,1.29237,1.87,3
2014.09.11,00:41:13.473,1.2924,1.29237,1,3
2014.09.11,00:41:14.912,1.29241,1.29237,2.62,3.75
2014.09.11,00:41:15.738,1.29241,1.29237,2.62,3.75
2014.09.11,00:41:16.248,1.29241,1.29237,2.81,3.75
2014.09.11,00:41:16.299,1.29241,1.29239,2.81,1
2014.09.11,00:41:30.759,1.29242,1.29239,2.25,1
2014.09.11,00:41:31.164,1.29241,1.29239,1,1.5
2014.09.11,00:41:31.367,1.29242,1.29239,1,1.5
2014.09.11,00:41:37.312,1.29243,1.29239,6.86,1.5
2014.09.11,00:41:43.731,1.29243,1.2924,3.86,1.5
2014.09.11,00:41:44.035,1.29243,1.29242,1,1
2014.09.11,00:41:44.542,1.29245,1.29241,1.87,1.5
2014.09.11,00:41:45.070,1.29245,1.29241,2.25,4.5
2014.09.11,00:41:45.717,1.29244,1.29241,1,3
2014.09.11,00:41:46.223,1.29245,1.29241,2.62,1.5
2014.09.11,00:42:01.159,1.29246,1.29242,6.56,1
2014.09.11,00:42:01.667,1.29245,1.29241,1,1.5
2014.09.11,00:42:04.658,1.29246,1.29241,3.56,3.6
2014.09.11,00:42:05.169,1.29245,1.29241,1,4.35
2014.09.11,00:42:05.474,1.29246,1.29243,7.87,1
2014.09.11,00:42:05.779,1.29246,1.29245,1,1.5
2014.09.11,00:42:06.185,1.29246,1.29243,2.19,3
2014.09.11,00:42:16.233,1.29246,1.29243,2.62,1
2014.09.11,00:42:16.757,1.29246,1.29243,2.62,1
2014.09.11,00:42:16.909,1.29246,1.29241,3.37,3
2014.09.11,00:42:17.508,1.29246,1.29241,3.37,3
2014.09.11,00:42:18.709,1.29245,1.29241,1,3
2014.09.11,00:42:19.231,1.29246,1.29241,2.81,3
2014.09.11,00:42:20.097,1.29246,1.29241,2.81,3
2014.09.11,00:42:21.042,1.29246,1.29241,7.63,3.75
2014.09.11,00:42:22.560,1.29245,1.29241,1.5,3.75
2014.09.11,00:42:23.376,1.29246,1.29241,7.63,3
2014.09.11,00:42:23.885,1.29245,1.29241,1.5,3
2014.09.11,00:42:29.741,1.29243,1.29241,1,1.5
2014.09.11,00:42:30.046,1.29238,1.29235,3,2.25
2014.09.11,00:42:30.350,1.29235,1.29234,1,1
2014.09.11,00:42:31.008,1.29235,1.29233,1,1
2014.09.11,00:42:31.059,1.29238,1.29234,3,1
2014.09.11,00:42:31.161,1.29235,1.29233,1,1.5
2014.09.11,00:42:32.342,1.29236,1.29233,1.5,1
2014.09.11,00:42:37.295,1.29235,1.29233,1,1
2014.09.11,00:42:40.912,1.29236,1.29233,3.19,1
2014.09.11,00:42:41.117,1.29234,1.29233,1,1
2014.09.11,00:42:51.134,1.29234,1.29232,1,1.5
2014.09.11,00:42:56.305,1.29235,1.29232,1.25,1.5
2014.09.11,00:42:57.303,1.29234,1.29232,1,1
2014.09.11,00:42:57.808,1.29235,1.29232,1.5,1
2014.09.11,00:42:58.566,1.29236,1.29232,2.81,2.25
2014.09.11,00:42:59.172,1.29235,1.29232,1,2.25
2014.09.11,00:42:59.708,1.29236,1.29232,2.25,2.25
2014.09.11,00:43:00.584,1.29235,1.29232,1,2.25
2014.09.11,00:43:01.189,1.29236,1.29232,2.25,2.25
2014.09.11,00:43:02.334,1.29235,1.29232,1,2.25
2014.09.11,00:43:02.869,1.29236,1.29232,2.25,2.25
2014.09.11,00:43:03.382,1.29236,1.29233,1.5,1
2014.09.11,00:43:04.035,1.29235,1.29232,1,1.5
2014.09.11,00:43:04.338,1.29238,1.29235,1,1
2014.09.11,00:43:04.844,1.29238,1.29234,1,1.5
2014.09.11,00:43:05.386,1.29238,1.29235,1,7.12
2014.09.11,00:43:07.511,1.29237,1.29234,1,3.37
2014.09.11,00:43:08.019,1.29236,1.29234,3,1
2014.09.11,00:43:09.204,1.29236,1.29232,3.75,3
2014.09.11,00:43:09.712,1.29235,1.29232,1,3
2014.09.11,00:43:10.355,1.29236,1.29232,3.75,3
2014.09.11,00:43:10.955,1.29235,1.29232,1,3
2014.09.11,00:43:11.587,1.29236,1.29232,3.75,3
2014.09.11,00:43:12.925,1.29236,1.29232,3.56,3
2014.09.11,00:43:13.437,1.29236,1.29232,4.31,3
2014.09.11,00:43:14.635,1.29235,1.29232,1.12,3
2014.09.11,00:43:15.264,1.29236,1.29232,5.06,3
2014.09.11,00:43:15.950,1.29235,1.29232,1.12,3
2014.09.11,00:43:16.711,1.29236,1.29232,4.31,3
2014.09.11,00:43:18.536,1.29235,1.29232,2.25,1.5
2014.09.11,00:43:24.325,1.29235,1.29232,1.69,1.5
2014.09.11,00:43:28.000,1.29235,1.29232,1,1.5
2014.09.11,00:43:28.523,1.29236,1.29232,3.37,1.5
2014.09.11,00:43:29.124,1.29235,1.29232,1.12,1.5
2014.09.11,00:43:29.703,1.29236,1.29232,3.56,1.5
2014.09.11,00:43:30.359,1.29235,1.29232,1.5,1.5
2014.09.11,00:43:30.886,1.29236,1.29232,5.44,1.5
2014.09.11,00:43:31.866,1.29235,1.29232,1.5,1.5
2014.09.11,00:43:40.533,1.29233,1.29231,1,2.25
2014.09.11,00:43:40.989,1.29235,1.29232,3.19,1
2014.09.11,00:43:42.886,1.29236,1.29232,2.06,1
2014.09.11,00:43:43.982,1.29237,1.29233,6.19,1
2014.09.11,00:43:44.488,1.29237,1.29232,6.94,1
2014.09.11,00:43:46.226,1.29236,1.29232,1,1
2014.09.11,00:43:47.035,1.29235,1.29232,1,1
2014.09.11,00:43:47.546,1.29236,1.29232,1.25,1
2014.09.11,00:43:48.160,1.29235,1.29232,1,1
2014.09.11,00:43:48.730,1.29236,1.29232,1.25,1
2014.09.11,00:43:49.232,1.29235,1.29232,1.5,1
2014.09.11,00:43:49.739,1.29236,1.29232,2.44,2.25
2014.09.11,00:43:50.257,1.29235,1.29232,1.25,2.25
2014.09.11,00:43:51.243,1.29236,1.29232,3,2.25
2014.09.11,00:43:51.934,1.29235,1.29232,1,2.25
2014.09.11,00:43:52.645,1.29236,1.29232,3.75,1.5
2014.09.11,00:43:53.356,1.29235,1.29232,1,1.5
2014.09.11,00:43:53.867,1.29236,1.29232,4.31,1.5
2014.09.11,00:43:55.074,1.29235,1.29232,1.5,1
2014.09.11,00:43:55.592,1.29236,1.29232,6.94,1
2014.09.11,00:43:56.397,1.29235,1.29232,1.5,1
2014.09.11,00:43:57.024,1.29236,1.29232,6.19,1
2014.09.11,00:43:57.644,1.29235,1.29232,1.5,1
2014.09.11,00:43:58.181,1.29236,1.29232,6.94,1
2014.09.11,00:43:59.463,1.29235,1.29232,1.5,1.5
2014.09.11,00:43:59.970,1.29236,1.29232,4.69,1
2014.09.11,00:44:00.494,1.29235,1.29232,1,2.25
2014.09.11,00:44:03.187,1.29234,1.29232,1,1
2014.09.11,00:44:11.007,1.29233,1.29232,1,1
2014.09.11,00:44:11.108,1.29233,1.2923,1,11.25
2014.09.11,00:44:11.624,1.29233,1.29231,1,1
2014.09.11,00:44:12.199,1.29234,1.29231,1.5,1
2014.09.11,00:44:18.740,1.29234,1.2923,1.5,7.35
2014.09.11,00:44:19.363,1.29235,1.29232,3.94,1
2014.09.11,00:44:19.718,1.29235,1.29232,1.42,1
2014.09.11,00:44:20.226,1.29236,1.29232,6.11,1
2014.09.11,00:44:21.481,1.29236,1.29232,6.86,1
2014.09.11,00:44:22.005,1.29235,1.29231,6.11,3.75
2014.09.11,00:44:25.707,1.29234,1.29231,1,1
2014.09.11,00:44:33.379,1.29234,1.29233,1.5,1
2014.09.11,00:44:33.581,1.29234,1.29231,1,3.75
2014.09.11,00:44:41.939,1.29233,1.29231,1,5.25
2014.09.11,00:44:43.055,1.29234,1.29231,1.5,4.5
2014.09.11,00:44:50.236,1.29235,1.29231,2.44,3.6
2014.09.11,00:44:59.306,1.29234,1.29231,1,4.5
2014.09.11,00:45:03.510,1.29235,1.29231,3.19,5.25
2014.09.11,00:45:04.019,1.29234,1.29231,1.5,1.5
2014.09.11,00:45:05.698,1.29233,1.29231,1,1
2014.09.11,00:45:06.204,1.29234,1.29231,1.5,1
2014.09.11,00:45:06.710,1.29233,1.29231,1,1
2014.09.11,00:45:07.342,1.29233,1.2923,1,7.5
2014.09.11,00:45:07.950,1.29233,1.29231,1.5,3
2014.09.11,00:45:08.472,1.29233,1.2923,1,13.5
2014.09.11,00:45:09.056,1.29233,1.29231,1.5,3
2014.09.11,00:45:09.596,1.29233,1.2923,1,7.5
2014.09.11,00:45:10.105,1.29233,1.29231,1.5,3
2014.09.11,00:45:10.919,1.29233,1.2923,1,7.5
2014.09.11,00:45:11.425,1.29234,1.29231,1.69,1.5
2014.09.11,00:45:11.930,1.29235,1.29231,2.81,2.85
2014.09.11,00:45:13.924,1.29236,1.29231,4.87,6.6
2014.09.11,00:45:14.076,1.29234,1.29231,1,6
2014.09.11,00:45:17.026,1.29232,1.2923,1,21
2014.09.11,00:45:17.381,1.29233,1.2923,1.5,14.62
2014.09.11,00:45:17.909,1.29233,1.29231,2.25,3
2014.09.11,00:45:19.037,1.29233,1.2923,1.5,7.5
2014.09.11,00:45:19.861,1.29233,1.29231,2.25,3
2014.09.11,00:45:20.405,1.29233,1.29232,1,1
2014.09.11,00:45:20.558,1.29235,1.29233,1,1
2014.09.11,00:45:21.077,1.29236,1.29232,2.44,1.5
2014.09.11,00:45:21.583,1.29235,1.29232,1,2.25
2014.09.11,00:45:22.099,1.29236,1.29232,3,2.25
2014.09.11,00:45:22.980,1.29236,1.29233,1,1
2014.09.11,00:45:23.739,1.29236,1.29232,1.5,3
2014.09.11,00:45:25.413,1.29235,1.29232,1,1.5
2014.09.11,00:45:25.953,1.29236,1.29232,2.25,1.5
2014.09.11,00:45:26.459,1.29235,1.29232,1,1.5
2014.09.11,00:45:38.509,1.29234,1.29232,1,1
2014.09.11,00:45:39.176,1.29234,1.29231,1,1.5
2014.09.11,00:45:40.303,1.29235,1.29232,3.37,1
2014.09.11,00:45:40.810,1.29236,1.29232,3,1.5
2014.09.11,00:45:41.324,1.29235,1.29232,1,1
2014.09.11,00:45:42.240,1.29236,1.29232,3.75,1
2014.09.11,00:45:43.986,1.29235,1.29232,1,1
2014.09.11,00:45:44.665,1.29236,1.29232,3.75,1
2014.09.11,00:45:45.740,1.29235,1.29232,1,1
2014.09.11,00:45:46.289,1.29236,1.29232,5.25,1
2014.09.11,00:45:46.643,1.29233,1.29232,1.5,1
2014.09.11,00:45:47.199,1.29233,1.2923,1.5,12.75
2014.09.11,00:45:47.988,1.29234,1.2923,3,9
2014.09.11,00:45:48.698,1.29234,1.29231,2.25,3
2014.09.11,00:45:49.317,1.29234,1.2923,2.25,8.25
2014.09.11,00:45:49.953,1.29234,1.29231,2.25,3
2014.09.11,00:45:50.495,1.29234,1.2923,2.25,14.25
2014.09.11,00:45:51.004,1.29234,1.29231,1,4.5
2014.09.11,00:46:23.443,1.29235,1.29231,6.19,5.25
2014.09.11,00:46:24.471,1.29233,1.29231,1,5.25
2014.09.11,00:46:25.423,1.29234,1.29231,1,3
2014.09.11,00:46:25.930,1.29233,1.29231,1,3.75
2014.09.11,00:46:25.982,1.29235,1.29231,3.75,1.5
2014.09.11,00:46:38.420,1.29235,1.29232,2.44,1
2014.09.11,00:46:40.438,1.29235,1.29231,2.06,6
2014.09.11,00:46:43.991,1.29235,1.29233,1.5,1.35
2014.09.11,00:46:44.532,1.29236,1.29232,5.62,1.87
2014.09.11,00:46:45.037,1.29236,1.29232,4.87,1.87
2014.09.11,00:46:45.643,1.29236,1.29232,4.87,1.5
2014.09.11,00:46:47.202,1.29236,1.29232,4.87,1.5
2014.09.11,00:46:48.264,1.29236,1.29232,4.87,1
2014.09.11,00:46:49.113,1.29236,1.29232,5.06,1
2014.09.11,00:46:50.430,1.29236,1.29232,3.56,1
2014.09.11,00:46:50.961,1.29236,1.29232,3.56,1
2014.09.11,00:46:51.474,1.29236,1.29233,2.81,1
2014.09.11,00:46:51.980,1.29235,1.29232,1.87,1.5
2014.09.11,00:46:53.116,1.29236,1.29232,7.31,1.5
2014.09.11,00:46:53.641,1.29235,1.29232,1,1.5
2014.09.11,00:46:54.291,1.29236,1.29232,7.31,1.5
2014.09.11,00:46:56.359,1.29235,1.29232,1.12,1.5
2014.09.11,00:46:57.384,1.29236,1.29232,7.31,1.5
2014.09.11,00:46:57.927,1.29235,1.29232,1,1.5
2014.09.11,00:46:58.556,1.29236,1.29232,7.31,1.5
2014.09.11,00:46:59.090,1.29235,1.29232,1,1.5
2014.09.11,00:47:00.259,1.29236,1.29232,7.69,1.5
2014.09.11,00:47:00.964,1.29235,1.29232,1,1.5
2014.09.11,00:47:01.478,1.29236,1.29232,7.69,1.5
2014.09.11,00:47:02.439,1.29236,1.29232,3.56,1.5
2014.09.11,00:47:02.947,1.29236,1.29232,3.94,1.5
2014.09.11,00:47:04.023,1.29236,1.29232,6.19,1.5
2014.09.11,00:47:06.127,1.29235,1.29232,2.81,1.5
2014.09.11,00:47:09.432,1.29235,1.29232,1.25,1.5
2014.09.11,00:47:19.787,1.29234,1.29232,1.25,1
2014.09.11,00:47:26.072,1.29236,1.29232,2.81,1
2014.09.11,00:47:26.708,1.29236,1.29232,8.06,1
2014.09.11,00:47:27.792,1.29236,1.29231,7.31,1
2014.09.11,00:47:33.327,1.29234,1.29231,1,3
2014.09.11,00:47:33.861,1.29235,1.29231,2.44,3
2014.09.11,00:47:34.636,1.29234,1.29231,1,2.25
2014.09.11,00:47:36.028,1.29235,1.29231,2.81,3.75
2014.09.11,00:47:41.823,1.29235,1.29231,3.19,2.25
2014.09.11,00:47:44.940,1.29235,1.29231,1.69,2.25
2014.09.11,00:47:45.042,1.29233,1.29231,1,1.5
2014.09.11,00:47:45.550,1.29234,1.2923,2.44,2.25
2014.09.11,00:47:47.558,1.29234,1.29231,6.19,1
2014.09.11,00:47:48.064,1.29234,1.2923,6.94,6.75
2014.09.11,00:47:53.533,1.29233,1.2923,1.25,3
2014.09.11,00:47:56.477,1.29233,1.29229,3.94,17.62
2014.09.11,00:47:56.999,1.29233,1.2923,1.25,1
2014.09.11,00:47:57.710,1.29233,1.29229,1.25,3.37
2014.09.11,00:47:58.486,1.29233,1.2923,1.25,1.12
2014.09.11,00:47:59.043,1.29233,1.29229,1.25,2.62
2014.09.11,00:48:00.470,1.29233,1.2923,1.25,1
2014.09.11,00:48:01.018,1.29233,1.29229,1.25,3.37
2014.09.11,00:48:01.736,1.29233,1.2923,1.25,1.12
2014.09.11,00:48:02.969,1.29233,1.29229,1.25,3.37
2014.09.11,00:48:03.820,1.29233,1.2923,1.25,1
2014.09.11,00:48:04.376,1.29233,1.29229,1.25,2.62
2014.09.11,00:48:04.900,1.29231,1.29229,1,17.62
2014.09.11,00:48:05.424,1.29232,1.2923,3.19,1.12
2014.09.11,00:48:06.087,1.29232,1.29229,5.44,16.87
2014.09.11,00:48:07.504,1.29234,1.29229,7.91,1.12
2014.09.11,00:48:08.007,1.29234,1.29229,6.94,1.87
2014.09.11,00:48:08.749,1.29234,1.29229,6.94,2.62
2014.09.11,00:48:09.904,1.29234,1.2923,8.44,1
2014.09.11,00:48:10.431,1.29233,1.29229,1.25,1.12
2014.09.11,00:48:10.937,1.29232,1.2923,1,1.12
2014.09.11,00:48:11.474,1.29232,1.29229,1.25,2.62
2014.09.11,00:48:12.339,1.29233,1.29229,6.19,1.87
2014.09.11,00:48:12.855,1.29231,1.29229,1,1.12
2014.09.11,00:48:13.418,1.29231,1.29229,1,1.37
2014.09.11,00:48:13.955,1.29233,1.29229,7.69,1.12
2014.09.11,00:48:14.580,1.29233,1.29229,7.69,1.37
2014.09.11,00:48:15.086,1.29231,1.29229,1,1.37
2014.09.11,00:48:15.605,1.29231,1.29229,1,1.12
2014.09.11,00:48:16.087,1.29232,1.29231,1.25,1
2014.09.11,00:48:17.105,1.29233,1.29231,1.5,1
2014.09.11,00:48:19.096,1.29234,1.29231,1,3.75
2014.09.11,00:48:23.235,1.29234,1.29232,1,1
2014.09.11,00:48:23.388,1.29239,1.29235,3.94,3
2014.09.11,00:48:23.894,1.29238,1.29236,1.25,1.12
2014.09.11,00:48:24.704,1.29238,1.29235,2.44,1.5
2014.09.11,00:48:24.857,1.29237,1.29233,2.44,3.37
2014.09.11,00:48:25.818,1.29236,1.29233,1.25,1
2014.09.11,00:48:28.886,1.29236,1.29232,1.25,1.5
2014.09.11,00:48:29.445,1.29236,1.29232,1.69,2.25
2014.09.11,00:48:31.511,1.29236,1.29233,1.69,1
2014.09.11,00:48:32.031,1.29236,1.29233,1.25,1
2014.09.11,00:48:32.689,1.29236,1.29232,1.25,1.5
2014.09.11,00:48:34.774,1.29236,1.29233,1.25,1
2014.09.11,00:48:35.281,1.29236,1.29232,1.69,1.5
2014.09.11,00:48:37.484,1.29236,1.29232,1.62,1.5
2014.09.11,00:48:37.972,1.29237,1.29234,5.44,1.37
2014.09.11,00:48:38.074,1.29237,1.29234,2.44,1.12
2014.09.11,00:48:38.591,1.29237,1.29234,2.44,1.87
2014.09.11,00:48:39.232,1.29237,1.29234,2.44,1.12
2014.09.11,00:48:40.202,1.29237,1.29235,2.44,3
2014.09.11,00:48:40.406,1.29239,1.29237,1.69,1.5
2014.09.11,00:48:40.509,1.29241,1.29237,2.81,2.25
2014.09.11,00:48:40.712,1.29239,1.29237,1,1.5
2014.09.11,00:48:41.019,1.29238,1.29235,3.94,1
2014.09.11,00:48:41.121,1.29236,1.29234,1,2.25
2014.09.11,00:48:41.274,1.29235,1.29231,2.06,4.5
2014.09.11,00:48:41.783,1.29235,1.29231,2.81,6
2014.09.11,00:48:44.884,1.29236,1.29232,3.94,1
2014.09.11,00:48:45.853,1.29235,1.29231,1.31,3
2014.09.11,00:48:47.723,1.29236,1.29231,3.56,5.25
2014.09.11,00:48:48.229,1.29235,1.29231,2.44,4.54
2014.09.11,00:48:48.843,1.29235,1.29231,2.44,4.54
2014.09.11,00:48:50.265,1.29235,1.29231,1.69,3.04
2014.09.11,00:49:01.400,1.29234,1.29231,1,1
2014.09.11,00:49:10.267,1.29235,1.29233,2.44,1
2014.09.11,00:49:10.419,1.29237,1.29235,1.5,1
2014.09.11,00:49:10.723,1.29236,1.29233,1,4.5
2014.09.11,00:49:10.976,1.29237,1.29235,2.44,1
2014.09.11,00:49:12.103,1.29238,1.29235,1,1
2014.09.11,00:49:34.761,1.29238,1.29236,1,1
2014.09.11,00:49:35.776,1.29238,1.29235,1,2.25
2014.09.11,00:49:36.283,1.29238,1.29236,1,1
2014.09.11,00:49:37.143,1.29237,1.29235,1,1.5
2014.09.11,00:49:37.396,1.29236,1.29233,2.25,1
2014.09.11,00:49:37.902,1.29236,1.29232,4.5,1.5
2014.09.11,00:49:38.463,1.29235,1.29232,1,1.5
2014.09.11,00:49:53.952,1.29235,1.29231,1.54,1.5
2014.09.11,00:49:56.191,1.29236,1.29231,6.22,1
2014.09.11,00:49:56.928,1.29235,1.29231,1.05,1
2014.09.11,00:49:57.467,1.29236,1.29231,6.22,1
2014.09.11,00:49:58.130,1.29235,1.29231,1.05,1
2014.09.11,00:49:58.649,1.29236,1.29231,6.22,1
2014.09.11,00:49:59.448,1.29235,1.29231,1.05,1
2014.09.11,00:49:59.957,1.29236,1.29231,7.31,1
2014.09.11,00:50:00.580,1.29235,1.29231,1.12,3.75
2014.09.11,00:50:01.331,1.29236,1.29231,7.31,1
2014.09.11,00:50:01.844,1.29236,1.29232,6.56,1
2014.09.11,00:50:02.355,1.29235,1.29232,1.12,3
2014.09.11,00:50:02.861,1.29236,1.29232,3.56,1.5
2014.09.11,00:50:03.368,1.29235,1.29232,1.12,1.5
2014.09.11,00:50:03.882,1.29236,1.29233,3.56,1
2014.09.11,00:50:04.389,1.29235,1.29232,1.12,2.25
2014.09.11,00:50:05.175,1.29236,1.29232,4.31,2.25
2014.09.11,00:50:06.493,1.29236,1.29233,2.44,1
2014.09.11,00:50:07.035,1.29235,1.29233,1,1
2014.09.11,00:50:07.288,1.29237,1.29232,5.44,2.57
2014.09.11,00:50:07.794,1.29237,1.29233,4.5,2.96
2014.09.11,00:50:08.299,1.29237,1.29233,4.5,2.96
2014.09.11,00:50:08.400,1.29237,1.29233,3,2.25
2014.09.11,00:50:14.717,1.29237,1.29232,3,1.5
2014.09.11,00:50:15.528,1.29237,1.29231,6.75,5.44
2014.09.11,00:50:16.045,1.29237,1.29232,5.25,1.5
2014.09.11,00:50:17.266,1.29236,1.29232,1,2.44
2014.09.11,00:50:19.986,1.29237,1.29232,7.69,1.5
2014.09.11,00:50:20.190,1.29235,1.29233,1,1
2014.09.11,00:50:20.695,1.29236,1.29233,1,1
2014.09.11,00:50:21.201,1.29237,1.29233,6.94,1
2014.09.11,00:50:23.322,1.29237,1.29232,4.69,1.25
2014.09.11,00:50:23.828,1.29237,1.29233,1.69,1
2014.09.11,00:50:28.056,1.29236,1.29233,1,1
2014.09.11,00:50:28.637,1.29236,1.29232,1.5,2.25
2014.09.11,00:50:29.160,1.29236,1.29233,1.5,1
2014.09.11,00:50:30.740,1.29236,1.29232,2.25,3
2014.09.11,00:50:37.287,1.29235,1.29232,1,3
2014.09.11,00:50:37.879,1.29236,1.29232,3,3
2014.09.11,00:50:42.271,1.29236,1.29233,1.5,1
2014.09.11,00:50:46.997,1.29236,1.29232,2.25,2.25
2014.09.11,00:50:55.380,1.29237,1.29232,1,3
2014.09.11,00:50:55.886,1.29237,1.29233,1.5,1.5
2014.09.11,00:51:02.093,1.29235,1.29233,1,1
2014.09.11,00:51:02.600,1.29236,1.29233,1.5,1
2014.09.11,00:51:03.108,1.29237,1.29233,2.25,1
2014.09.11,00:51:04.504,1.29237,1.29235,1,1.5
2014.09.11,00:51:04.807,1.29238,1.29236,3.75,2.5
2014.09.11,00:51:05.162,1.29239,1.29237,1,1
2014.09.11,00:51:05.668,1.2924,1.29236,1.5,3
2014.09.11,00:51:08.728,1.29239,1.29236,1,2.25
2014.09.11,00:51:13.068,1.29238,1.29236,1,1.5
2014.09.11,00:51:13.271,1.2924,1.29236,3,1
2014.09.11,00:51:13.322,1.29237,1.29235,1,2.25
2014.09.11,00:51:13.778,1.29236,1.29232,1.5,3.19
2014.09.11,00:51:14.285,1.29235,1.29232,1,3.19
2014.09.11,00:51:15.522,1.29236,1.29232,3,2.44
2014.09.11,00:51:16.028,1.29236,1.29233,3,1
2014.09.11,00:51:17.016,1.29235,1.29233,1,1
2014.09.11,00:51:17.523,1.29236,1.29233,3,1
2014.09.11,00:51:20.355,1.29236,1.29232,2.25,2.25
2014.09.11,00:51:23.363,1.29236,1.29233,1,3
2014.09.11,00:51:23.467,1.29236,1.29235,1,1
2014.09.11,00:51:23.873,1.29236,1.29233,1,1.5
2014.09.11,00:51:37.261,1.29236,1.29234,1,1
2014.09.11,00:51:38.517,1.29236,1.29235,1,1
2014.09.11,00:51:38.618,1.29238,1.29236,1,1
2014.09.11,00:51:39.124,1.29239,1.29237,1,1
2014.09.11,00:51:40.278,1.29238,1.29236,1,1
2014.09.11,00:51:40.329,1.29237,1.29235,1,1.12
2014.09.11,00:51:40.834,1.29238,1.29236,2.25,1
2014.09.11,00:51:41.493,1.29237,1.29236,1,1
2014.09.11,00:51:41.950,1.29236,1.29234,1.5,2.25
2014.09.11,00:51:42.464,1.29236,1.29233,1.5,1.5
2014.09.11,00:51:47.224,1.29236,1.29235,1,1
2014.09.11,00:51:47.275,1.29238,1.29236,1,1.5
2014.09.11,00:51:47.782,1.29238,1.29237,1,1.5
2014.09.11,00:51:49.184,1.29237,1.29235,1,3
2014.09.11,00:51:49.690,1.29237,1.29236,1,1
2014.09.11,00:51:50.195,1.29238,1.29236,1,1.5
2014.09.11,00:51:50.704,1.29239,1.29236,1,1
2014.09.11,00:52:00.919,1.29238,1.29236,1,1
2014.09.11,00:52:05.236,1.29237,1.29236,1,1
2014.09.11,00:52:07.757,1.29237,1.29236,1,1
2014.09.11,00:52:08.398,1.29237,1.29235,1,2.25
2014.09.11,00:52:09.013,1.29237,1.29236,1,1
2014.09.11,00:52:09.620,1.29237,1.29235,1.5,1.5
2014.09.11,00:52:09.773,1.29235,1.29233,1,1.5
2014.09.11,00:52:10.279,1.29235,1.29234,1,1
2014.09.11,00:52:10.634,1.29238,1.29235,3.19,1.5
2014.09.11,00:52:11.142,1.29237,1.29235,1,6.37
2014.09.11,00:52:11.549,1.29237,1.29235,1,4.5
2014.09.11,00:52:14.145,1.29239,1.29237,1.69,1
2014.09.11,00:52:14.247,1.29237,1.29235,1,3
2014.09.11,00:52:14.704,1.29236,1.29234,1,1
2014.09.11,00:52:14.856,1.29235,1.29232,1,6.19
2014.09.11,00:52:14.908,1.29237,1.29234,1,1
2014.09.11,00:52:15.059,1.29237,1.29232,1,3.19
2014.09.11,00:52:16.915,1.29237,1.29233,1,1
2014.09.11,00:52:19.332,1.29237,1.29234,1,1.5
2014.09.11,00:52:19.990,1.29236,1.29234,1,1.5
2014.09.11,00:52:20.547,1.29236,1.29235,1,1
2014.09.11,00:52:21.054,1.29236,1.29234,1,1
2014.09.11,00:52:22.483,1.29235,1.29234,1,1
2014.09.11,00:52:22.989,1.29236,1.29234,1,1
2014.09.11,00:52:23.900,1.29236,1.29233,1,2.25
2014.09.11,00:52:24.700,1.29237,1.29233,1.5,1.5
2014.09.11,00:52:25.206,1.29237,1.29234,1,1
2014.09.11,00:52:29.318,1.29237,1.29233,2.25,3.19
2014.09.11,00:52:29.419,1.29235,1.29233,1,3.19
2014.09.11,00:52:30.891,1.29236,1.29234,1,3
2014.09.11,00:52:31.196,1.29239,1.29237,1,1
2014.09.11,00:52:31.500,1.29238,1.29236,1,1.5
2014.09.11,00:52:40.054,1.29237,1.29236,1,1
2014.09.11,00:52:40.206,1.29237,1.29234,1,3.81
2014.09.11,00:52:40.712,1.29238,1.29234,3,3.81
2014.09.11,00:52:42.510,1.29238,1.29234,1.25,3.81
2014.09.11,00:52:46.612,1.29237,1.29234,1,2.68
2014.09.11,00:52:47.148,1.29237,1.29235,1,1.5
2014.09.11,00:52:47.653,1.29237,1.29234,1,2.31
2014.09.11,00:53:09.505,1.29237,1.29234,1,4.93
2014.09.11,00:53:10.066,1.29238,1.29234,4.31,6.43
2014.09.11,00:53:13.038,1.29238,1.29236,1,1.5
2014.09.11,00:53:13.291,1.29241,1.29238,4.69,1
2014.09.11,00:53:13.446,1.29239,1.29237,1,2.25
2014.09.11,00:53:13.650,1.29242,1.29239,2.44,2.72
2014.09.11,00:53:13.701,1.29242,1.2924,1,2.25
2014.09.11,00:53:15.040,1.29242,1.29241,1,1
2014.09.11,00:53:16.031,1.29242,1.2924,1,1
2014.09.11,00:53:19.810,1.29243,1.2924,1,2.25
