Time,Ask,Bid,AskVolume,BidVolume,
2014.09.11,00:00:00.355,1.61992,1.61976,1.07,2.51
2014.09.11,00:00:00.557,1.61994,1.61976,2.02,1.84
2014.09.11,00:00:00.659,1.61993,1.61977,1.2,1.01
2014.09.11,00:00:00.965,1.61993,1.61978,1.37,1.5
2014.09.11,00:00:01.473,1.61995,1.61979,3.26,1.07
2014.09.11,00:00:02.294,1.61995,1.61979,1.95,1.07
2014.09.11,00:00:03.649,1.61995,1.61979,1.76,1.15
2014.09.11,00:00:08.861,1.61996,1.61983,3.34,1
2014.09.11,00:00:09.165,1.61999,1.61987,2.25,1.07
2014.09.11,00:00:09.368,1.62002,1.61987,1.29,1.07
2014.09.11,00:00:10.379,1.62002,1.61987,1.57,1.07
2014.09.11,00:00:10.885,1.62001,1.61987,1,1.07
2014.09.11,00:00:13.366,1.62001,1.61987,1.1,1.1
2014.09.11,00:00:13.930,1.62001,1.61987,1,1.07
2014.09.11,00:00:14.474,1.62001,1.61987,1.1,1
2014.09.11,00:00:16.182,1.62001,1.61987,3,1.07
2014.09.11,00:00:16.385,1.62001,1.61986,1.69,1
2014.09.11,00:00:16.487,1.61998,1.61984,1.39,1.65
2014.09.11,00:00:16.842,1.62001,1.61984,1.76,1.09
2014.09.11,00:00:16.893,1.61997,1.61984,1,1.09
2014.09.11,00:00:16.995,1.61999,1.61984,1.1,1.09
2014.09.11,00:00:17.603,1.61999,1.61985,1.66,1.1
2014.09.11,00:00:17.704,1.61998,1.61985,1.66,1
2014.09.11,00:00:17.856,1.61998,1.61983,1.74,1.1
2014.09.11,00:00:17.958,1.61998,1.61986,1.57,1
2014.09.11,00:00:18.013,1.61999,1.61986,1,1
2014.09.11,00:00:18.064,1.62002,1.61988,1.76,1
2014.09.11,00:00:18.469,1.62,1.61986,1.2,1.31
2014.09.11,00:00:18.722,1.62001,1.61984,2.21,1.65
2014.09.11,00:00:18.824,1.61998,1.61983,1.19,2.4
2014.09.11,00:00:18.926,1.62,1.61984,2.21,1.2
2014.09.11,00:00:18.977,1.62001,1.61986,2.21,1
2014.09.11,00:00:19.028,1.62002,1.61986,1.66,1.1
2014.09.11,00:00:19.079,1.62002,1.61988,1.66,1
2014.09.11,00:00:20.113,1.62003,1.61988,1.76,1.1
2014.09.11,00:00:30.481,1.62004,1.61994,1.01,1
2014.09.11,00:00:30.533,1.62006,1.61994,1.69,1
2014.09.11,00:00:30.635,1.62008,1.61993,1.65,1.1
2014.09.11,00:00:30.939,1.62006,1.61992,1.19,1.09
2014.09.11,00:00:31.243,1.62006,1.61994,1.19,1
2014.09.11,00:00:31.344,1.62009,1.61994,1.84,1.12
2014.09.11,00:00:32.335,1.62008,1.61994,1.19,1.31
2014.09.11,00:00:33.046,1.62008,1.61994,1.26,1.39
2014.09.11,00:00:33.199,1.62008,1.61998,1.19,1.5
2014.09.11,00:00:33.437,1.62012,1.61999,1.19,1.1
2014.09.11,00:00:33.488,1.62012,1.62001,1.19,1.07
2014.09.11,00:00:33.539,1.62016,1.62002,2.44,1.32
2014.09.11,00:00:33.640,1.62016,1.62002,1,2.51
2014.09.11,00:00:33.743,1.6202,1.62004,1.32,1.1
2014.09.11,00:00:33.794,1.6202,1.62006,1.22,1.1
2014.09.11,00:00:33.845,1.62021,1.62006,1.29,1.09
2014.09.11,00:00:34.200,1.62022,1.6201,1.76,1
2014.09.11,00:00:34.707,1.62023,1.62011,1.19,1
2014.09.11,00:00:35.011,1.62023,1.62013,1.19,1
2014.09.11,00:00:36.476,1.62025,1.62013,1.19,1
2014.09.11,00:00:41.337,1.62025,1.62015,1.19,1
2014.09.11,00:00:41.388,1.62029,1.62015,1.56,1.5
2014.09.11,00:00:41.440,1.6203,1.62017,3.19,1
2014.09.11,00:00:41.491,1.6203,1.62017,1.69,1.5
2014.09.11,00:00:41.593,1.62029,1.62017,1.19,1.57
2014.09.11,00:00:41.903,1.62029,1.62019,1.19,1.5
2014.09.11,00:00:42.410,1.62029,1.62019,1.19,1.65
2014.09.11,00:00:43.081,1.62032,1.62019,1.19,1.65
2014.09.11,00:00:46.376,1.62031,1.62019,1.19,1.65
2014.09.11,00:00:46.956,1.62031,1.62021,1.19,1
2014.09.11,00:00:48.671,1.62033,1.62021,1.19,1
2014.09.11,00:00:50.987,1.62032,1.62021,1.19,1
2014.09.11,00:00:52.363,1.62032,1.62022,1.19,1
2014.09.11,00:00:53.292,1.62033,1.62022,1.19,1
2014.09.11,00:00:53.445,1.62035,1.62024,1.46,1.5
2014.09.11,00:00:53.952,1.62035,1.62023,1.36,1
2014.09.11,00:00:54.258,1.62033,1.62022,1.19,1
2014.09.11,00:00:54.881,1.62033,1.6202,1.19,1.95
2014.09.11,00:00:55.236,1.62031,1.6202,1.19,1.2
2014.09.11,00:00:55.541,1.62031,1.62022,1.19,1
2014.09.11,00:00:57.205,1.62032,1.62022,1.19,1
2014.09.11,00:00:57.712,1.62032,1.62021,1.29,1
2014.09.11,00:00:59.529,1.6203,1.62021,1.19,1
2014.09.11,00:01:02.124,1.62031,1.62021,1.19,1
2014.09.11,00:01:03.133,1.62032,1.62021,1.29,1
2014.09.11,00:01:03.641,1.62032,1.6202,1.29,1.5
2014.09.11,00:01:06.313,1.62031,1.6202,1.19,1.5
2014.09.11,00:01:16.130,1.6203,1.6202,1.19,1.5
2014.09.11,00:01:17.461,1.62032,1.6202,1.69,1.5
2014.09.11,00:01:18.552,1.62031,1.6202,1.19,1.5
2014.09.11,00:01:21.545,1.62032,1.6202,1.19,1.5
2014.09.11,00:01:22.704,1.62033,1.62021,1.19,1
2014.09.11,00:01:23.248,1.62033,1.62022,1.19,1
2014.09.11,00:01:23.793,1.62033,1.62021,1.76,1
2014.09.11,00:01:25.510,1.62032,1.62021,1.01,1
2014.09.11,00:01:29.570,1.62032,1.62019,1.76,1.5
2014.09.11,00:01:29.925,1.6203,1.62019,1.3,1.5
2014.09.11,00:01:30.026,1.62032,1.62019,1.76,1.5
2014.09.11,00:01:33.432,1.62032,1.62017,2.14,1.69
2014.09.11,00:01:33.888,1.62032,1.62021,1.74,1
2014.09.11,00:01:35.437,1.62032,1.6202,1.3,1
2014.09.11,00:01:37.323,1.62032,1.62019,1.3,1
2014.09.11,00:01:37.867,1.62031,1.62018,1.01,1.5
2014.09.11,00:01:38.435,1.62031,1.62017,1.01,1.5
2014.09.11,00:01:39.315,1.62032,1.62017,2.51,1
2014.09.11,00:01:39.620,1.6203,1.62017,1.19,1
2014.09.11,00:01:42.492,1.62031,1.62017,1.29,1.25
2014.09.11,00:01:44.950,1.62031,1.62017,1.94,1.25
2014.09.11,00:01:45.527,1.62031,1.62017,1.34,1.25
2014.09.11,00:01:46.906,1.62031,1.62019,1.36,1
2014.09.11,00:01:47.882,1.62032,1.62019,2.21,2.25
2014.09.11,00:01:49.058,1.62032,1.6202,2.89,1
2014.09.11,00:01:53.720,1.62032,1.62019,2.89,1
2014.09.11,00:01:55.253,1.62031,1.62019,1.01,1
2014.09.11,00:01:55.786,1.62032,1.62019,1.84,1
2014.09.11,00:02:00.448,1.62032,1.62018,2.21,1.5
2014.09.11,00:02:00.985,1.62032,1.62019,2.14,1.5
2014.09.11,00:02:01.533,1.62031,1.62019,1.19,1.5
2014.09.11,00:02:02.055,1.62031,1.62018,1.29,2.25
2014.09.11,00:02:07.601,1.62032,1.62018,2.14,2.32
2014.09.11,00:02:08.696,1.62031,1.62018,1.29,2.25
2014.09.11,00:02:09.278,1.62031,1.62019,1.36,1
2014.09.11,00:02:09.786,1.62031,1.62018,1.36,1
2014.09.11,00:02:11.197,1.62031,1.62017,1.36,1.69
2014.09.11,00:02:11.708,1.6203,1.62017,1.29,1
2014.09.11,00:02:12.316,1.6203,1.62018,1.01,1
2014.09.11,00:02:12.822,1.62031,1.62017,1.36,1.69
2014.09.11,00:02:13.329,1.6203,1.62017,1.36,1
2014.09.11,00:02:13.683,1.62032,1.62017,1.34,1
2014.09.11,00:02:14.696,1.62032,1.62018,2.51,1
2014.09.11,00:02:15.199,1.62032,1.62018,1.39,1
2014.09.11,00:02:15.301,1.62033,1.6202,1.31,1
2014.09.11,00:02:15.352,1.62034,1.6202,1.25,1.25
2014.09.11,00:02:15.453,1.62036,1.62021,1.76,2.44
2014.09.11,00:02:15.757,1.62037,1.62026,1.25,1
2014.09.11,00:02:15.909,1.62041,1.62026,1.29,2.44
2014.09.11,00:02:17.091,1.62041,1.62026,1.46,3.94
2014.09.11,00:02:18.014,1.62041,1.62026,1.32,3.94
2014.09.11,00:02:18.826,1.62041,1.62027,1.26,1.19
2014.09.11,00:02:24.768,1.62041,1.62028,2.14,1.19
2014.09.11,00:02:26.459,1.62041,1.62027,1.76,1.69
2014.09.11,00:02:27.326,1.62041,1.62028,1.36,1.25
2014.09.11,00:02:27.377,1.62041,1.6203,1.17,1
2014.09.11,00:02:27.888,1.62041,1.6203,1.07,1.69
2014.09.11,00:02:28.840,1.62042,1.6203,1.2,1.69
2014.09.11,00:02:30.102,1.62043,1.6203,2.62,1.69
2014.09.11,00:02:30.604,1.62043,1.62032,1.95,1.25
2014.09.11,00:02:30.908,1.62045,1.62032,3.56,1.25
2014.09.11,00:02:31.216,1.62043,1.62032,1.2,1.25
2014.09.11,00:02:31.926,1.62043,1.62032,2.25,1.69
2014.09.11,00:02:35.119,1.62041,1.62028,1.32,1.69
2014.09.11,00:02:35.626,1.62041,1.62028,1.97,1.19
2014.09.11,00:02:36.081,1.62041,1.62027,1.97,2.06
2014.09.11,00:02:36.943,1.62041,1.62028,1.3,1
2014.09.11,00:02:37.146,1.62042,1.62029,1.5,1.69
2014.09.11,00:02:37.652,1.62043,1.62031,2.06,1
2014.09.11,00:02:38.261,1.62041,1.62031,1.07,1
2014.09.11,00:02:38.788,1.62043,1.62032,1.5,1
2014.09.11,00:02:39.722,1.62044,1.62032,2.81,1
2014.09.11,00:02:40.229,1.62043,1.62031,1.5,1.5
2014.09.11,00:02:40.735,1.62043,1.62033,1.2,1
2014.09.11,00:02:41.260,1.62044,1.62033,2.81,1
2014.09.11,00:02:47.571,1.62043,1.62034,1,1
2014.09.11,00:02:48.391,1.62044,1.62034,1,1.5
2014.09.11,00:02:51.891,1.62047,1.62034,2.14,1.5
2014.09.11,00:02:53.732,1.62048,1.62034,2.25,1.69
2014.09.11,00:02:54.037,1.62048,1.62037,1.31,1.75
2014.09.11,00:02:54.088,1.62048,1.62037,1.29,1
2014.09.11,00:02:54.139,1.6205,1.62037,1.26,1.25
2014.09.11,00:02:54.190,1.62051,1.6204,2.51,1
2014.09.11,00:02:54.292,1.62053,1.6204,2.21,1
2014.09.11,00:02:54.444,1.62051,1.6204,1.31,1
2014.09.11,00:02:54.951,1.62052,1.6204,1.19,1.5
2014.09.11,00:02:55.256,1.62055,1.62044,1.19,1
2014.09.11,00:02:55.460,1.62058,1.62046,1.26,1
2014.09.11,00:02:55.969,1.62058,1.62047,1.39,1
2014.09.11,00:02:56.527,1.6206,1.62047,2.51,1.5
2014.09.11,00:02:58.578,1.62061,1.62047,2.89,1.69
2014.09.11,00:02:59.084,1.62061,1.62047,1.57,2.44
2014.09.11,00:03:00.075,1.62062,1.62049,1,1.25
2014.09.11,00:03:00.735,1.62063,1.62049,1.34,1.69
2014.09.11,00:03:01.049,1.62062,1.62049,1.39,1
2014.09.11,00:03:01.861,1.62063,1.62049,2.44,1.69
2014.09.11,00:03:02.369,1.62064,1.62049,1.76,1.69
2014.09.11,00:03:02.673,1.62065,1.62055,1.5,1.25
2014.09.11,00:03:02.826,1.62069,1.62057,2.14,1
2014.09.11,00:03:03.689,1.62069,1.62057,1.27,1
2014.09.11,00:03:04.403,1.62071,1.62058,3.64,1
2014.09.11,00:03:04.555,1.62071,1.62059,1.2,1.25
2014.09.11,00:03:04.657,1.62071,1.62061,1,1.19
2014.09.11,00:03:04.961,1.62072,1.62066,1,1.25
2014.09.11,00:03:05.664,1.62078,1.62065,5.51,1.19
2014.09.11,00:03:06.880,1.62077,1.62065,1.27,1.19
2014.09.11,00:03:07.963,1.62077,1.62065,1.2,1.25
2014.09.11,00:03:08.421,1.62078,1.62067,1.1,1
2014.09.11,00:03:10.142,1.62079,1.62068,1.09,1.5
2014.09.11,00:03:15.009,1.6208,1.62068,1.37,1.69
2014.09.11,00:03:15.111,1.6208,1.62068,1.07,1.69
2014.09.11,00:03:16.133,1.62081,1.62068,1.01,1.69
2014.09.11,00:03:16.654,1.62082,1.62068,2.59,1.69
2014.09.11,00:03:19.005,1.6208,1.62068,1.32,1.69
2014.09.11,00:03:19.360,1.62081,1.6207,2.25,1
2014.09.11,00:03:19.887,1.62081,1.6207,2.25,1
2014.09.11,00:03:21.543,1.62081,1.62069,1.76,1.25
2014.09.11,00:03:21.948,1.62081,1.62068,1.25,2.44
2014.09.11,00:03:22.519,1.62081,1.62069,1.36,1
2014.09.11,00:03:25.744,1.6208,1.62069,1.57,1.25
2014.09.11,00:03:25.948,1.6208,1.62069,1.2,1.25
2014.09.11,00:03:26.049,1.62081,1.62069,3,1.25
2014.09.11,00:03:26.456,1.62081,1.62069,1.84,1
2014.09.11,00:03:26.557,1.6208,1.62069,1.3,1
2014.09.11,00:03:27.064,1.62079,1.62068,1.17,1.69
2014.09.11,00:03:27.418,1.62079,1.6207,1.17,1
2014.09.11,00:03:27.956,1.62079,1.6207,1.1,1
2014.09.11,00:03:29.115,1.62081,1.62068,2.51,1.5
2014.09.11,00:03:29.627,1.62081,1.62068,1.84,1.5
2014.09.11,00:03:30.468,1.62081,1.62068,2.59,1.5
2014.09.11,00:03:30.974,1.62078,1.62068,1,1.5
2014.09.11,00:03:31.584,1.62078,1.62069,1.25,1
2014.09.11,00:03:31.685,1.62077,1.62067,1,1
2014.09.11,00:03:32.192,1.62079,1.62066,2.14,1.25
2014.09.11,00:03:32.699,1.62079,1.62066,1.39,1.5
2014.09.11,00:03:33.892,1.62079,1.62066,2.14,1
2014.09.11,00:03:34.401,1.62076,1.62066,1,1
2014.09.11,00:03:35.588,1.62078,1.62066,1.19,1
2014.09.11,00:03:36.682,1.62079,1.62067,1.39,1
2014.09.11,00:03:37.189,1.62079,1.62068,1.36,1
2014.09.11,00:03:38.506,1.6208,1.62067,2.89,1.5
2014.09.11,00:03:38.961,1.62075,1.62067,4.5,1
2014.09.11,00:03:39.012,1.62075,1.62065,4.57,1.5
2014.09.11,00:03:39.063,1.62068,1.62065,3.75,1
2014.09.11,00:03:39.114,1.62066,1.6206,1,1
2014.09.11,00:03:39.216,1.62064,1.62062,1,1.5
2014.09.11,00:03:39.318,1.62064,1.62055,1,1
2014.09.11,00:03:40.186,1.62068,1.62055,1.69,1
2014.09.11,00:03:40.692,1.62069,1.62056,6.19,1.5
2014.09.11,00:03:41.526,1.6207,1.62056,2.14,1.25
2014.09.11,00:03:42.277,1.6207,1.62056,1.39,1.5
2014.09.11,00:03:43.397,1.6207,1.62056,2.14,1.69
2014.09.11,00:03:50.299,1.62067,1.62056,4.69,1
2014.09.11,00:03:50.350,1.62067,1.62054,4.69,1.57
2014.09.11,00:03:50.503,1.62065,1.62052,1.01,1
2014.09.11,00:03:50.656,1.62064,1.62049,2.51,3.71
2014.09.11,00:03:51.775,1.62063,1.62049,1.69,3.64
2014.09.11,00:03:52.306,1.62063,1.62049,1.76,3.64
2014.09.11,00:03:56.221,1.62063,1.6205,1.76,1
2014.09.11,00:03:57.187,1.62063,1.6205,1.01,1
2014.09.11,00:03:57.805,1.62063,1.62049,1.01,1.57
2014.09.11,00:03:58.341,1.62062,1.62049,1.09,1
2014.09.11,00:03:58.859,1.62062,1.62048,2.59,1
2014.09.11,00:03:59.592,1.62061,1.62048,1.39,1
2014.09.11,00:04:00.191,1.62059,1.62045,1.25,4.01
2014.09.11,00:04:00.801,1.62059,1.62045,1.69,2.51
2014.09.11,00:04:02.087,1.62059,1.62048,1.69,1
2014.09.11,00:04:02.189,1.62061,1.62048,1.39,1.69
2014.09.11,00:04:03.102,1.62062,1.62048,5.59,1.5
2014.09.11,00:04:04.250,1.62063,1.62048,2.51,2.44
2014.09.11,00:04:06.657,1.62061,1.62048,1,1.76
2014.09.11,00:04:11.263,1.62061,1.62048,1.2,1.19
2014.09.11,00:04:11.568,1.62061,1.62048,1.76,1.25
2014.09.11,00:04:11.720,1.62059,1.62046,1.07,1.19
2014.09.11,00:04:12.228,1.62059,1.62046,1,1.19
2014.09.11,00:04:12.651,1.62059,1.62045,1.29,1.69
2014.09.11,00:04:12.703,1.62058,1.62045,1.22,1.69
2014.09.11,00:04:13.059,1.62055,1.62042,1,1.76
2014.09.11,00:04:13.161,1.62052,1.62042,1,1
2014.09.11,00:04:13.365,1.62052,1.62038,1.84,1.19
2014.09.11,00:04:13.416,1.62049,1.62037,1.1,1.19
2014.09.11,00:04:13.467,1.62049,1.62035,1.01,2.14
2014.09.11,00:04:13.620,1.62046,1.62035,1,1.56
2014.09.11,00:04:15.256,1.62046,1.62037,1,1.19
2014.09.11,00:04:15.768,1.62047,1.62035,1.5,1.76
2014.09.11,00:04:16.384,1.62047,1.62035,1.5,1.01
2014.09.11,00:04:18.545,1.62047,1.62034,1.5,1.76
2014.09.11,00:04:23.167,1.62046,1.62035,1,1.19
2014.09.11,00:04:23.700,1.62048,1.62035,3.19,1.69
2014.09.11,00:04:23.802,1.62048,1.62035,1.4,1.69
2014.09.11,00:04:24.309,1.62048,1.62035,1.65,1.69
2014.09.11,00:04:25.206,1.62048,1.62035,1.65,1.19
2014.09.11,00:04:25.257,1.62045,1.62035,1,1.19
2014.09.11,00:04:26.168,1.62048,1.62035,1.17,1.19
2014.09.11,00:04:26.699,1.62048,1.62034,1.57,1.19
2014.09.11,00:04:27.003,1.62049,1.62037,3,1.19
2014.09.11,00:04:27.509,1.62048,1.62037,1.2,1.19
2014.09.11,00:04:28.070,1.62048,1.62037,1.57,1.19
2014.09.11,00:04:28.600,1.62048,1.62038,1.57,1.19
2014.09.11,00:04:29.490,1.62048,1.62038,1.07,1.19
2014.09.11,00:04:29.694,1.62049,1.62036,1.09,1.19
2014.09.11,00:04:30.251,1.62049,1.62036,1.84,1.19
2014.09.11,00:04:30.598,1.62049,1.62035,3.26,1.25
2014.09.11,00:04:31.105,1.62048,1.62034,3.26,1.19
2014.09.11,00:04:31.656,1.62048,1.62034,1.84,1.19
2014.09.11,00:04:32.165,1.62048,1.62034,1.76,1.25
2014.09.11,00:04:32.673,1.62048,1.62034,1.76,1.25
2014.09.11,00:04:32.982,1.62048,1.62034,1.57,1.69
2014.09.11,00:04:36.131,1.62048,1.62034,1.76,1.19
2014.09.11,00:04:37.412,1.62048,1.62034,1.76,1
2014.09.11,00:04:37.920,1.62047,1.62033,1.76,1.25
2014.09.11,00:04:39.283,1.62047,1.62031,2.44,2.06
2014.09.11,00:04:39.740,1.62045,1.6203,1.01,1.25
2014.09.11,00:04:42.368,1.62044,1.62029,2.51,1.25
2014.09.11,00:04:43.028,1.62042,1.62028,1.29,1.31
2014.09.11,00:04:43.079,1.62039,1.62027,1,1.69
2014.09.11,00:04:43.232,1.62039,1.62025,1.07,1.69
2014.09.11,00:04:43.333,1.62039,1.62025,1.32,1.25
2014.09.11,00:04:43.840,1.62039,1.62026,1.32,1
2014.09.11,00:04:44.456,1.62038,1.62026,1.29,1
2014.09.11,00:04:44.967,1.62038,1.62025,1.36,1.25
2014.09.11,00:04:55.434,1.62038,1.62025,1.1,1.19
2014.09.11,00:04:55.941,1.62039,1.62025,1.01,1.69
2014.09.11,00:04:56.499,1.62039,1.62025,1.09,1.69
2014.09.11,00:04:57.036,1.62039,1.62025,1.15,1.19
2014.09.11,00:04:57.376,1.6204,1.62027,1.5,1.69
2014.09.11,00:04:57.528,1.62043,1.62031,2.21,1.5
2014.09.11,00:04:57.832,1.62045,1.6203,1.26,2.51
2014.09.11,00:04:58.541,1.62044,1.62031,1.32,1.19
2014.09.11,00:04:59.244,1.62045,1.62031,1.84,1.19
2014.09.11,00:04:59.782,1.62045,1.62031,1.84,1.25
2014.09.11,00:05:00.605,1.62045,1.62032,1.09,1
2014.09.11,00:05:01.452,1.62045,1.62032,1.3,1
2014.09.11,00:05:04.706,1.62045,1.6203,2.51,1.69
2014.09.11,00:05:05.213,1.62044,1.6203,1.76,1.69
2014.09.11,00:05:05.720,1.62044,1.6203,1.32,2.44
2014.09.11,00:05:06.255,1.62044,1.6203,1.25,2.59
2014.09.11,00:05:07.555,1.62044,1.6203,1.09,2.44
2014.09.11,00:05:15.378,1.62046,1.6203,5.14,2.51
2014.09.11,00:05:15.936,1.62045,1.6203,1.31,1.84
2014.09.11,00:05:19.168,1.62045,1.62032,1.36,1
2014.09.11,00:05:19.675,1.62045,1.62032,1.19,1.25
2014.09.11,00:05:24.207,1.62046,1.62032,1.46,1
2014.09.11,00:05:26.411,1.62046,1.62031,2.14,1.25
2014.09.11,00:05:27.145,1.62046,1.62031,1.46,1.01
2014.09.11,00:05:27.666,1.62046,1.62031,1.46,2.14
2014.09.11,00:05:28.619,1.62047,1.62032,1.84,1.19
2014.09.11,00:05:29.757,1.62047,1.62033,2.14,1.25
2014.09.11,00:05:29.963,1.62047,1.62033,1.01,1.01
2014.09.11,00:05:30.064,1.62047,1.62034,1.07,1.19
2014.09.11,00:05:30.166,1.62048,1.62034,1.25,3.56
2014.09.11,00:05:30.572,1.62051,1.62039,1.57,1.19
2014.09.11,00:05:30.877,1.62055,1.62043,2.14,1.25
2014.09.11,00:05:31.131,1.62056,1.62045,1.95,1.19
2014.09.11,00:05:31.386,1.62057,1.62045,1.12,1.19
2014.09.11,00:05:31.873,1.62058,1.62044,2.51,1.25
2014.09.11,00:05:33.257,1.62058,1.62044,2.32,1.69
2014.09.11,00:05:35.572,1.62058,1.62044,3.07,1.69
2014.09.11,00:05:37.687,1.62058,1.62044,2.89,1.19
2014.09.11,00:05:38.560,1.62057,1.62044,1.07,1.19
2014.09.11,00:05:38.870,1.62056,1.62042,2.21,1.69
2014.09.11,00:05:38.972,1.62055,1.62041,1.29,1.69
2014.09.11,00:05:39.891,1.62055,1.62041,1.76,1.69
2014.09.11,00:05:40.467,1.62055,1.62041,2.14,1.25
2014.09.11,00:05:41.160,1.62055,1.62041,2.14,1.19
2014.09.11,00:05:44.923,1.62055,1.62042,1.76,1.19
2014.09.11,00:05:46.042,1.62054,1.62042,1.07,1.19
2014.09.11,00:05:49.997,1.62054,1.62041,1.07,1.69
2014.09.11,00:05:52.898,1.62054,1.62041,1.5,1.19
2014.09.11,00:05:55.914,1.62054,1.62042,2.25,1.19
2014.09.11,00:05:56.928,1.62054,1.6204,2.25,1.19
2014.09.11,00:05:58.098,1.62054,1.62041,2.44,1.19
2014.09.11,00:06:00.714,1.62052,1.62039,1.07,1.19
2014.09.11,00:06:01.557,1.62053,1.62039,3,1.19
2014.09.11,00:06:03.533,1.62053,1.62041,1.65,1.19
2014.09.11,00:06:06.213,1.62053,1.62041,1.09,1.25
2014.09.11,00:06:06.744,1.62051,1.62041,1,1.25
2014.09.11,00:06:10.824,1.62051,1.62041,1.1,1.19
2014.09.11,00:06:11.027,1.62051,1.6204,1.1,1.25
2014.09.11,00:06:11.936,1.62053,1.6204,2.51,1.69
2014.09.11,00:06:13.166,1.62052,1.6204,1.07,1.19
2014.09.11,00:06:13.675,1.62053,1.6204,2.51,1.19
2014.09.11,00:06:14.291,1.62053,1.6204,2.51,1.19
2014.09.11,00:06:14.795,1.62052,1.62041,1.07,1.19
2014.09.11,00:06:14.897,1.62053,1.62041,1.65,1.19
2014.09.11,00:06:15.959,1.62053,1.62039,1.65,1.19
2014.09.11,00:06:16.501,1.62053,1.62039,1.57,2.51
2014.09.11,00:06:18.010,1.62053,1.62039,1.65,1.19
2014.09.11,00:06:18.169,1.62053,1.62041,1.57,1.19
2014.09.11,00:06:21.085,1.62053,1.6204,1.5,1.29
2014.09.11,00:06:21.591,1.62052,1.62038,1.25,2.51
2014.09.11,00:06:22.250,1.62051,1.62038,1,1.76
2014.09.11,00:06:22.301,1.6205,1.62038,1.25,1.01
2014.09.11,00:06:22.607,1.62049,1.62036,1.65,1.69
2014.09.11,00:06:23.873,1.62048,1.62035,2.32,1.19
2014.09.11,00:06:24.621,1.62048,1.62035,1.65,1.19
2014.09.11,00:06:27.714,1.62049,1.62035,3.07,1.19
2014.09.11,00:06:28.887,1.62049,1.62037,3.07,1.19
2014.09.11,00:06:29.802,1.62046,1.62037,1,1.19
2014.09.11,00:06:30.869,1.62046,1.62037,1,1.19
2014.09.11,00:06:32.511,1.62046,1.62036,1,1.19
2014.09.11,00:06:33.958,1.62048,1.62036,1.57,1.19
2014.09.11,00:06:49.147,1.62048,1.62036,1.1,1.19
2014.09.11,00:06:50.808,1.62048,1.62036,1.1,1.19
2014.09.11,00:06:51.340,1.62049,1.62036,1.57,1.19
2014.09.11,00:06:52.591,1.62049,1.62036,1.1,1.19
2014.09.11,00:06:53.297,1.62049,1.62036,1.57,1.19
2014.09.11,00:06:53.602,1.62042,1.62034,1,1.19
2014.09.11,00:06:53.653,1.62042,1.62032,1.12,2.44
2014.09.11,00:06:53.806,1.6204,1.62029,1,2.51
2014.09.11,00:06:53.907,1.62043,1.62029,1.5,2.51
2014.09.11,00:06:54.465,1.62045,1.62029,2.51,2.51
2014.09.11,00:06:54.736,1.62045,1.62031,2.51,1.19
2014.09.11,00:06:55.242,1.62043,1.62031,1,1.19
2014.09.11,00:06:55.749,1.62042,1.62031,1,1.19
2014.09.11,00:06:57.073,1.62044,1.62031,1.69,1.19
2014.09.11,00:06:57.832,1.62044,1.62029,1.69,1.76
2014.09.11,00:06:59.207,1.62044,1.62028,1.32,1.76
2014.09.11,00:06:59.766,1.62042,1.62028,1.1,1.76
2014.09.11,00:07:03.584,1.62042,1.6203,1,1.19
2014.09.11,00:07:05.568,1.62042,1.62028,1,1.07
2014.09.11,00:07:06.156,1.62043,1.62028,1.1,1.07
2014.09.11,00:07:06.671,1.62041,1.62028,1,1.07
2014.09.11,00:07:09.720,1.6204,1.62027,1,1.69
2014.09.11,00:07:10.127,1.62038,1.6203,1,1
2014.09.11,00:07:10.178,1.62038,1.62028,1,1.25
2014.09.11,00:07:11.196,1.62037,1.62026,1,1.19
2014.09.11,00:07:11.723,1.62036,1.62026,1,1.19
2014.09.11,00:07:12.231,1.62036,1.62025,1,1.19
2014.09.11,00:07:13.098,1.62036,1.62024,1,1.69
2014.09.11,00:07:14.236,1.62037,1.62024,1.1,1.69
2014.09.11,00:07:17.768,1.62035,1.62024,1,1.69
2014.09.11,00:07:18.576,1.62035,1.62024,1,1.19
2014.09.11,00:07:25.228,1.62037,1.62024,1.25,1.29
2014.09.11,00:07:25.743,1.62038,1.62024,2.59,1.76
2014.09.11,00:07:26.343,1.62038,1.62024,2.59,1.69
2014.09.11,00:07:27.231,1.62038,1.62024,2.51,1.76
2014.09.11,00:07:29.535,1.62038,1.62024,1.1,1.69
2014.09.11,00:07:30.097,1.62038,1.62024,1.1,1.69
2014.09.11,00:07:30.910,1.62038,1.62025,1.1,1.19
2014.09.11,00:07:34.809,1.62038,1.62024,1.1,1.76
2014.09.11,00:07:35.846,1.62039,1.62025,1.84,1.19
2014.09.11,00:07:37.322,1.62039,1.62025,2.51,1.19
2014.09.11,00:07:38.727,1.62039,1.62025,1.76,1.19
2014.09.11,00:07:40.351,1.62039,1.62025,2.51,1.19
2014.09.11,00:07:40.865,1.62039,1.62026,1.65,1.19
2014.09.11,00:07:41.779,1.62039,1.62026,1.5,1.19
2014.09.11,00:07:42.650,1.62039,1.62025,1.5,1.19
2014.09.11,00:07:44.855,1.62039,1.62025,1.65,1.19
2014.09.11,00:07:45.361,1.62039,1.62025,2.32,1.69
2014.09.11,00:07:45.959,1.62038,1.62025,1,1.69
2014.09.11,00:07:46.464,1.62038,1.62026,1,1.19
2014.09.11,00:07:47.352,1.62038,1.62025,1,1.76
2014.09.11,00:07:48.392,1.62038,1.62026,1,1.19
2014.09.11,00:07:49.636,1.62039,1.62026,1.1,1.19
2014.09.11,00:07:50.297,1.62041,1.62026,1.5,1.76
2014.09.11,00:07:51.850,1.62042,1.62027,1.01,1.84
2014.09.11,00:07:54.271,1.62042,1.62027,1.29,2.59
2014.09.11,00:07:56.068,1.62042,1.62027,1.1,1.65
2014.09.11,00:07:56.220,1.6204,1.62027,1,1.84
2014.09.11,00:07:56.776,1.6204,1.62027,1,1.76
2014.09.11,00:07:57.307,1.62041,1.62027,1,2.59
2014.09.11,00:07:57.935,1.62041,1.62027,1,2.44
2014.09.11,00:08:00.414,1.62041,1.62028,1,1
2014.09.11,00:08:03.737,1.6204,1.62026,1,3.26
2014.09.11,00:08:10.156,1.6204,1.62026,1.07,3.19
2014.09.11,00:08:11.047,1.6204,1.62026,1.1,3.26
2014.09.11,00:08:11.858,1.6204,1.62027,1.07,1.19
2014.09.11,00:08:12.650,1.6204,1.62027,1,1.19
2014.09.11,00:08:13.246,1.6204,1.62027,1.07,1.19
2014.09.11,00:08:13.805,1.62039,1.62026,1.95,1.69
2014.09.11,00:08:14.312,1.62039,1.62026,1.2,1.19
2014.09.11,00:08:14.851,1.62039,1.62025,1.2,1.69
2014.09.11,00:08:18.470,1.62038,1.62025,1.07,1.19
2014.09.11,00:08:21.116,1.62038,1.62024,1.39,1.69
2014.09.11,00:08:21.777,1.62038,1.62024,1.31,1.69
2014.09.11,00:08:22.716,1.62038,1.62024,1.46,1.69
2014.09.11,00:08:23.616,1.62038,1.62025,1.2,1.19
2014.09.11,00:08:25.905,1.62038,1.62025,1.5,1.19
2014.09.11,00:08:26.425,1.62038,1.62025,1.17,1.19
2014.09.11,00:08:31.472,1.62038,1.62024,1.09,1.19
2014.09.11,00:08:53.975,1.6204,1.62024,3.64,1.29
2014.09.11,00:09:04.626,1.62038,1.62025,1.87,1.29
2014.09.11,00:09:09.524,1.62039,1.62025,1.2,1.29
2014.09.11,00:09:10.818,1.62039,1.62025,1.39,1.76
2014.09.11,00:09:17.663,1.62039,1.62025,1.84,1.76
2014.09.11,00:09:18.230,1.62038,1.62025,1.17,1.69
2014.09.11,00:09:18.741,1.62038,1.62025,1.17,1.19
2014.09.11,00:09:21.640,1.62038,1.62025,1.17,1.25
2014.09.11,00:09:22.615,1.62038,1.62023,1.1,3.34
2014.09.11,00:09:23.336,1.62038,1.62023,1.07,3.26
2014.09.11,00:09:23.849,1.62038,1.62023,1.95,2.44
2014.09.11,00:09:34.975,1.62038,1.62024,2.14,1.69
2014.09.11,00:09:37.466,1.62038,1.62024,1.95,1.19
2014.09.11,00:09:46.937,1.62038,1.62024,1.15,1.19
2014.09.11,00:09:47.441,1.62038,1.62024,1.57,1.19
2014.09.11,00:09:47.961,1.62038,1.62024,1.57,1.69
2014.09.11,00:09:50.274,1.62038,1.62024,1.12,1.69
2014.09.11,00:10:00.607,1.62037,1.62024,1,1.69
2014.09.11,00:10:09.408,1.62038,1.62026,1.09,1.25
2014.09.11,00:10:09.511,1.62039,1.62028,1,1.17
2014.09.11,00:10:09.562,1.62041,1.62029,1,1.39
2014.09.11,00:10:09.665,1.62043,1.6203,1,1.56
2014.09.11,00:10:09.868,1.62046,1.62031,1.39,2.14
2014.09.11,00:10:10.072,1.62047,1.62032,2.62,1.19
2014.09.11,00:10:10.226,1.62048,1.62034,1.1,1.19
2014.09.11,00:10:10.480,1.62048,1.62034,1.5,1.94
2014.09.11,00:10:11.038,1.62048,1.62034,1,1.19
2014.09.11,00:10:11.545,1.62048,1.62033,1.17,1.69
2014.09.11,00:10:12.099,1.62048,1.62034,1.65,1.19
2014.09.11,00:10:12.666,1.62048,1.62037,1.17,1.31
2014.09.11,00:10:12.818,1.62053,1.62039,1.31,1.76
2014.09.11,00:10:13.072,1.62053,1.62042,1,1.69
2014.09.11,00:10:13.377,1.62053,1.62046,1,1.39
2014.09.11,00:10:14.016,1.62057,1.62046,1,1.39
2014.09.11,00:10:14.118,1.62059,1.62046,1,1.39
2014.09.11,00:10:14.627,1.6206,1.62047,1.76,1.19
2014.09.11,00:10:15.190,1.6206,1.62047,2.14,1.19
2014.09.11,00:10:15.393,1.6206,1.62047,2.14,1.19
2014.09.11,00:10:15.495,1.62057,1.62044,1.37,1.32
2014.09.11,00:10:15.547,1.62054,1.62042,1,2.81
2014.09.11,00:10:15.852,1.62051,1.62037,2.21,1.31
2014.09.11,00:10:15.903,1.62049,1.62035,1.87,1.94
2014.09.11,00:10:16.106,1.62048,1.62033,3.26,1.69
2014.09.11,00:10:16.615,1.62045,1.62032,1,2.89
2014.09.11,00:10:16.869,1.62043,1.62031,1,1.69
2014.09.11,00:10:16.971,1.6204,1.62029,1,1.25
2014.09.11,00:10:17.175,1.62039,1.62024,1.36,1.76
2014.09.11,00:10:17.276,1.62035,1.62023,1,1.94
2014.09.11,00:10:17.824,1.62037,1.62023,1.17,1.19
2014.09.11,00:10:18.130,1.62035,1.62021,1.36,1
2014.09.11,00:10:18.536,1.62033,1.62021,1.07,1
2014.09.11,00:10:18.689,1.6203,1.62015,2.14,1.29
2014.09.11,00:10:18.791,1.62027,1.62014,1.76,1.12
2014.09.11,00:10:18.892,1.62025,1.62011,1,4.69
2014.09.11,00:10:19.399,1.62027,1.62011,1.84,2.44
2014.09.11,00:10:20.297,1.62027,1.62013,1.07,1.69
2014.09.11,00:10:20.816,1.62027,1.62013,1.57,1.69
2014.09.11,00:10:22.094,1.62027,1.62015,1.57,1.19
2014.09.11,00:10:22.601,1.62027,1.62015,1.17,1.19
2014.09.11,00:10:23.311,1.62028,1.62016,1.57,1.19
2014.09.11,00:10:23.364,1.62028,1.62016,1.2,1.19
2014.09.11,00:10:23.415,1.62026,1.62018,1,1.19
2014.09.11,00:10:23.668,1.62029,1.62018,1,1.19
2014.09.11,00:10:24.023,1.62032,1.62019,1.84,1.19
2014.09.11,00:10:24.535,1.62033,1.62019,1.84,1.19
2014.09.11,00:10:25.194,1.62033,1.62019,1.65,1.19
2014.09.11,00:10:27.524,1.62033,1.6202,1.65,1.19
2014.09.11,00:10:28.486,1.62033,1.6202,1.65,1.19
2014.09.11,00:10:29.001,1.62033,1.6202,1.17,1.19
2014.09.11,00:10:29.507,1.62034,1.62022,1.12,1.19
2014.09.11,00:10:29.862,1.62036,1.62022,1.65,1.19
2014.09.11,00:10:30.396,1.62036,1.62023,1.84,1.19
2014.09.11,00:10:31.238,1.62036,1.62024,1.65,1.19
2014.09.11,00:10:34.819,1.62036,1.62023,1.2,1.19
2014.09.11,00:10:35.854,1.62036,1.62022,1.39,1.19
2014.09.11,00:10:35.906,1.62033,1.62022,1.1,1.19
2014.09.11,00:10:36.159,1.62033,1.62017,1.69,1.4
2014.09.11,00:10:36.515,1.62029,1.62016,1,1.29
2014.09.11,00:10:37.123,1.62029,1.62017,1,1.19
2014.09.11,00:10:38.237,1.62032,1.62019,1.76,1.19
2014.09.11,00:10:38.339,1.62033,1.6202,1.57,1.29
2014.09.11,00:10:38.441,1.62033,1.62022,1,1.19
2014.09.11,00:10:38.949,1.62034,1.62022,1.1,1.19
2014.09.11,00:10:45.675,1.62034,1.62021,1,1.76
2014.09.11,00:10:46.525,1.62035,1.62021,1.5,1.29
2014.09.11,00:10:47.553,1.62035,1.62021,1.07,1.69
2014.09.11,00:10:48.055,1.62035,1.62022,1.07,1.19
2014.09.11,00:10:49.487,1.62035,1.62022,1.32,1.19
2014.09.11,00:10:50.871,1.62036,1.62027,1.57,1
2014.09.11,00:10:50.974,1.62036,1.62027,1.1,2.06
2014.09.11,00:10:51.025,1.62038,1.62028,1,1.31
2014.09.11,00:10:51.076,1.62044,1.62028,1.36,2.06
2014.09.11,00:10:51.381,1.62045,1.6203,1.46,1.69
2014.09.11,00:10:51.685,1.62046,1.62035,1.2,1.19
2014.09.11,00:10:51.787,1.6205,1.62035,1.46,1.69
2014.09.11,00:10:52.294,1.6205,1.62035,2.44,1.69
2014.09.11,00:10:52.959,1.6205,1.62036,3,1.19
2014.09.11,00:10:53.518,1.6205,1.62036,1.17,1.19
2014.09.11,00:10:53.974,1.6205,1.62036,1.85,1.19
2014.09.11,00:10:54.481,1.6205,1.62036,1.17,1.19
2014.09.11,00:10:54.984,1.6205,1.62036,1.76,1.19
2014.09.11,00:10:56.102,1.6205,1.62036,1.57,1.19
2014.09.11,00:10:57.769,1.6205,1.62036,1.17,1.19
2014.09.11,00:10:58.276,1.62051,1.62037,1.09,1.25
2014.09.11,00:10:58.821,1.62052,1.62036,2.51,1.76
2014.09.11,00:10:59.330,1.62052,1.62038,1.76,1.69
2014.09.11,00:10:59.938,1.62049,1.62038,1,1.69
2014.09.11,00:11:00.715,1.62049,1.62038,1,1.69
2014.09.11,00:11:01.019,1.62051,1.62038,1.1,1.69
2014.09.11,00:11:01.789,1.62051,1.62038,3.75,1.19
2014.09.11,00:11:02.303,1.6205,1.62038,2.25,1.19
2014.09.11,00:11:02.822,1.62049,1.62038,1,1.19
2014.09.11,00:11:03.369,1.6205,1.62039,1,1.19
2014.09.11,00:11:03.572,1.62052,1.6204,1,1.69
2014.09.11,00:11:03.724,1.62054,1.62043,1.1,1.19
2014.09.11,00:11:04.231,1.62054,1.62043,1.07,1.19
2014.09.11,00:11:04.743,1.62054,1.62042,1.1,1.19
2014.09.11,00:11:05.328,1.62055,1.62042,1,1.69
2014.09.11,00:11:05.891,1.62055,1.62043,1.1,1.19
2014.09.11,00:11:09.145,1.62056,1.62043,1.65,1.19
2014.09.11,00:11:09.652,1.62057,1.62045,1.12,1.19
2014.09.11,00:11:10.162,1.62057,1.62045,1.27,1.19
2014.09.11,00:11:10.565,1.62058,1.62045,1.1,1.69
2014.09.11,00:11:10.666,1.62056,1.62045,1,1.69
2014.09.11,00:11:11.021,1.62058,1.62045,1.2,1.69
2014.09.11,00:11:12.160,1.62058,1.62045,1.95,1.69
2014.09.11,00:11:12.467,1.62058,1.62045,1.27,1.69
2014.09.11,00:11:12.874,1.62055,1.62047,1,1.19
2014.09.11,00:11:13.079,1.62057,1.62047,1.1,1.19
2014.09.11,00:11:13.976,1.62059,1.62047,2.77,1.19
2014.09.11,00:11:14.487,1.62059,1.62047,1.07,1.19
2014.09.11,00:11:14.994,1.62061,1.62048,2.44,1.19
2014.09.11,00:11:15.501,1.62061,1.62048,1.76,1.19
2014.09.11,00:11:15.705,1.62063,1.6205,4.31,1.25
2014.09.11,00:11:15.858,1.62063,1.62051,1.2,1.19
2014.09.11,00:11:15.960,1.62064,1.62051,2.06,1.19
2014.09.11,00:11:16.416,1.62063,1.62051,1.95,1.19
2014.09.11,00:11:16.974,1.62064,1.62052,3,1.25
2014.09.11,00:11:17.481,1.62063,1.62052,1.5,1.19
2014.09.11,00:11:17.989,1.62064,1.62052,1.57,1.19
2014.09.11,00:11:18.495,1.62063,1.62052,1.1,1.19
2014.09.11,00:11:18.849,1.62057,1.62046,1,2.21
2014.09.11,00:11:19.153,1.62057,1.62047,1.57,1.19
2014.09.11,00:11:19.508,1.62058,1.62047,1.17,1.19
2014.09.11,00:11:20.015,1.62058,1.62047,1.2,1.19
2014.09.11,00:11:20.548,1.62058,1.62046,1.2,1.19
2014.09.11,00:11:21.078,1.62061,1.62046,2.89,1.19
2014.09.11,00:11:21.603,1.62061,1.62047,1.2,1.19
2014.09.11,00:11:22.115,1.62061,1.62047,1.2,1.19
2014.09.11,00:11:22.623,1.62063,1.62049,1.84,1.01
2014.09.11,00:11:23.578,1.62064,1.6205,2.51,1.19
2014.09.11,00:11:24.783,1.62064,1.62049,1.76,2.44
2014.09.11,00:11:25.693,1.62063,1.62052,1.17,1.19
2014.09.11,00:11:26.149,1.62064,1.62052,1.1,1.19
2014.09.11,00:11:26.891,1.62064,1.62052,1.87,1.19
2014.09.11,00:11:27.434,1.62064,1.62051,1.27,1.19
2014.09.11,00:11:29.519,1.62064,1.62049,1.39,1.69
2014.09.11,00:11:30.603,1.62062,1.62049,1.19,1.2
2014.09.11,00:11:31.153,1.62063,1.62049,1.29,1.01
2014.09.11,00:11:32.609,1.62064,1.62048,2.14,2.14
2014.09.11,00:11:44.109,1.62063,1.62049,1.39,1.87
2014.09.11,00:11:44.160,1.6206,1.62049,1,1.87
2014.09.11,00:11:44.364,1.62059,1.62045,1.4,1.25
2014.09.11,00:11:44.516,1.62059,1.62047,1.4,1
2014.09.11,00:11:44.618,1.62059,1.62045,1.4,2.44
2014.09.11,00:11:45.125,1.62059,1.62045,1.76,1.69
2014.09.11,00:11:46.022,1.62059,1.62045,1.32,1.69
2014.09.11,00:11:52.552,1.62059,1.62045,1.26,1.69
2014.09.11,00:11:58.554,1.62059,1.62045,1.76,1.69
2014.09.11,00:11:59.285,1.62058,1.62047,1.3,1.5
2014.09.11,00:11:59.488,1.62055,1.62047,1.46,1
2014.09.11,00:11:59.539,1.62055,1.62041,1.46,1.25
2014.09.11,00:12:00.767,1.62056,1.62041,1.76,1.19
2014.09.11,00:12:01.750,1.62056,1.6204,2.51,2.44
2014.09.11,00:12:03.140,1.62056,1.6204,2.89,2.06
2014.09.11,00:12:05.388,1.62056,1.6204,3.64,2.81
2014.09.11,00:12:05.693,1.62054,1.6204,1.3,2.81
2014.09.11,00:12:08.253,1.62054,1.6204,1.07,2.06
2014.09.11,00:12:10.564,1.62054,1.6204,1.07,2.81
2014.09.11,00:12:12.585,1.62054,1.62042,1.07,1.19
2014.09.11,00:12:13.863,1.62056,1.62043,4.12,1.25
2014.09.11,00:12:14.868,1.62056,1.62043,3.45,1.19
2014.09.11,00:12:18.379,1.62056,1.62044,1.95,1.19
2014.09.11,00:12:19.285,1.62056,1.62044,1.27,1.19
2014.09.11,00:12:19.791,1.62056,1.62044,1.12,1.19
2014.09.11,00:12:21.905,1.62056,1.62045,1,1.19
2014.09.11,00:12:22.515,1.62056,1.62045,1.5,1.19
2014.09.11,00:12:23.182,1.62056,1.62045,1.17,1.19
2014.09.11,00:12:23.716,1.62056,1.62045,1.1,1.19
2014.09.11,00:12:25.020,1.62056,1.62043,1,1.19
2014.09.11,00:12:28.017,1.62056,1.62043,1.2,1.19
2014.09.11,00:12:28.524,1.62056,1.62045,1.2,1.25
2014.09.11,00:12:30.837,1.62056,1.62045,1.2,1.19
2014.09.11,00:12:32.537,1.62057,1.62045,1.12,1.19
2014.09.11,00:12:33.045,1.62057,1.62045,1.2,1.19
2014.09.11,00:12:33.551,1.62057,1.62046,1.2,1.19
2014.09.11,00:12:34.601,1.62059,1.62046,3.26,1.19
2014.09.11,00:12:35.150,1.6206,1.62048,3.26,1.25
2014.09.11,00:12:35.626,1.6206,1.62048,1.09,1.25
2014.09.11,00:12:36.131,1.6206,1.62048,2.51,1.25
2014.09.11,00:12:36.640,1.62058,1.62048,1.17,1.25
2014.09.11,00:12:39.736,1.6206,1.62047,4.01,1.19
2014.09.11,00:12:40.514,1.6206,1.62047,3.07,1.25
2014.09.11,00:12:42.123,1.6206,1.62048,3.07,1.19
2014.09.11,00:12:44.749,1.62061,1.62048,2.59,1.19
2014.09.11,00:12:45.622,1.62061,1.62048,1.36,1.25
2014.09.11,00:12:46.162,1.62061,1.62049,1.09,1.25
2014.09.11,00:12:48.227,1.62061,1.62049,1.17,1.19
2014.09.11,00:12:48.801,1.62061,1.62049,2.32,1.19
2014.09.11,00:12:49.055,1.62062,1.62049,1.32,1.19
2014.09.11,00:12:54.687,1.62063,1.6205,1.57,1.69
2014.09.11,00:12:55.299,1.62064,1.6205,3.52,1.69
2014.09.11,00:12:55.656,1.62064,1.62052,3.52,1.19
2014.09.11,00:12:57.091,1.62064,1.62051,3.52,1.19
2014.09.11,00:12:57.768,1.62064,1.62051,2.85,1.19
2014.09.11,00:12:58.476,1.62064,1.6205,2.85,1.69
2014.09.11,00:13:00.420,1.62064,1.6205,2.89,1.19
2014.09.11,00:13:00.953,1.62064,1.6205,2.21,1.19
2014.09.11,00:13:02.156,1.62064,1.62049,2.96,2.06
2014.09.11,00:13:03.409,1.62064,1.6205,2.96,1.19
2014.09.11,00:13:05.564,1.62064,1.6205,2.59,1.19
2014.09.11,00:13:06.767,1.62064,1.62049,2.59,1.69
2014.09.11,00:13:08.469,1.62064,1.6205,2.4,1.19
2014.09.11,00:13:09.355,1.62064,1.6205,3.07,1.19
2014.09.11,00:13:12.289,1.62064,1.6205,1.65,1.19
2014.09.11,00:13:12.613,1.62063,1.62049,1.25,1.25
2014.09.11,00:13:12.664,1.62063,1.62049,2.44,1.25
2014.09.11,00:13:14.286,1.62063,1.62049,1.57,1.69
2014.09.11,00:13:15.872,1.62062,1.62049,1.07,1.69
2014.09.11,00:13:18.024,1.62062,1.62049,2.44,1
2014.09.11,00:13:19.425,1.62063,1.62049,2.89,1.25
2014.09.11,00:13:25.312,1.62063,1.62049,1.39,1.5
2014.09.11,00:13:27.961,1.62063,1.62049,1.39,1.69
2014.09.11,00:13:28.620,1.62062,1.62049,1.19,1.12
2014.09.11,00:13:30.328,1.62064,1.62049,3.64,1.31
2014.09.11,00:13:30.834,1.62064,1.62052,1.2,1
2014.09.11,00:13:31.139,1.6207,1.62057,2.59,1.5
2014.09.11,00:13:31.443,1.62068,1.62054,1.84,1.19
2014.09.11,00:13:31.748,1.62067,1.62054,1.32,1.19
2014.09.11,00:13:32.001,1.62068,1.62054,1.84,1.19
2014.09.11,00:13:32.508,1.62067,1.62052,1.26,1.69
2014.09.11,00:13:32.963,1.62069,1.62056,1.2,1.69
2014.09.11,00:13:33.065,1.6207,1.62056,1.76,2.51
2014.09.11,00:13:33.571,1.6207,1.62056,1.32,2.44
2014.09.11,00:13:33.775,1.62071,1.62058,1.25,1.19
2014.09.11,00:13:34.755,1.62073,1.62059,2.51,1.19
2014.09.11,00:13:35.264,1.62073,1.62059,1.34,1.19
2014.09.11,00:13:39.602,1.62072,1.62059,1.32,1.19
2014.09.11,00:13:41.241,1.62072,1.62059,2.51,1.19
2014.09.11,00:13:41.551,1.62072,1.62059,1.69,1.19
2014.09.11,00:13:42.652,1.62072,1.62059,1.97,1.19
2014.09.11,00:13:42.704,1.62071,1.62058,2.25,1.31
2014.09.11,00:13:43.211,1.6207,1.62056,1.5,3.19
2014.09.11,00:13:43.746,1.62071,1.62056,1.57,2.44
2014.09.11,00:13:49.476,1.6207,1.62057,1.01,1.19
2014.09.11,00:14:01.118,1.62071,1.62057,1.19,2.51
2014.09.11,00:14:01.625,1.62071,1.62057,1.25,2.96
2014.09.11,00:14:03.832,1.62071,1.62059,1.1,1.69
2014.09.11,00:14:03.984,1.62075,1.62061,1.39,1.19
2014.09.11,00:14:05.140,1.62074,1.62064,1,1.37
2014.09.11,00:14:05.191,1.62078,1.62064,1.76,1.57
2014.09.11,00:14:05.546,1.62075,1.62063,1,2.44
2014.09.11,00:14:06.519,1.62075,1.62061,1.84,1.69
2014.09.11,00:14:08.491,1.62075,1.62061,2.51,1.69
2014.09.11,00:14:08.543,1.62075,1.62061,3.19,1.25
2014.09.11,00:14:09.051,1.62075,1.62061,2.51,1.25
2014.09.11,00:14:10.919,1.62075,1.62061,2.51,1.19
2014.09.11,00:14:18.168,1.62075,1.62061,1.84,1.19
2014.09.11,00:14:18.672,1.62075,1.62061,1.76,1.19
2014.09.11,00:14:22.384,1.62075,1.62061,1.76,1.69
2014.09.11,00:14:23.677,1.62075,1.62061,1.09,1.69
2014.09.11,00:14:24.353,1.62075,1.62061,1.76,1.69
2014.09.11,00:14:24.879,1.62075,1.62061,1.76,1.19
2014.09.11,00:14:29.388,1.62075,1.62061,1.15,1.19
2014.09.11,00:14:36.906,1.62075,1.62061,1.01,1.25
2014.09.11,00:14:37.414,1.62075,1.62061,1.84,1.25
2014.09.11,00:14:44.510,1.62075,1.62061,1.76,1.25
2014.09.11,00:14:45.229,1.62075,1.62061,1.84,1.25
2014.09.11,00:14:45.738,1.62075,1.6206,1.84,1.39
2014.09.11,00:14:48.341,1.62075,1.62059,2.51,2.89
2014.09.11,00:14:48.855,1.62075,1.62062,1,1.69
2014.09.11,00:14:49.192,1.62078,1.62066,1.19,1.07
2014.09.11,00:14:49.345,1.62081,1.62067,1.25,2.14
2014.09.11,00:14:49.957,1.62081,1.62067,1.25,1.39
2014.09.11,00:14:50.644,1.62084,1.62068,2.51,1.76
2014.09.11,00:14:51.455,1.62084,1.62068,2.51,1.31
2014.09.11,00:14:51.981,1.62081,1.62067,1,2.81
2014.09.11,00:14:52.526,1.62081,1.62067,1,2.06
2014.09.11,00:14:53.058,1.62081,1.62067,1.1,2.14
2014.09.11,00:14:53.579,1.62081,1.62068,1.07,1.69
2014.09.11,00:14:54.272,1.62083,1.62069,1.34,1.31
2014.09.11,00:14:54.374,1.62082,1.62069,1.3,1.31
2014.09.11,00:14:56.868,1.62081,1.62068,1.57,1.69
2014.09.11,00:14:57.173,1.62086,1.62069,3.94,2.81
2014.09.11,00:14:58.088,1.62086,1.62071,3.19,1.19
2014.09.11,00:14:58.664,1.62087,1.62071,2.89,1.76
2014.09.11,00:14:59.019,1.62087,1.62077,2.51,1
2014.09.11,00:14:59.071,1.62089,1.62077,1.65,1.12
2014.09.11,00:14:59.172,1.62091,1.62077,1,1.62
2014.09.11,00:14:59.223,1.62091,1.62081,1,2.25
2014.09.11,00:14:59.274,1.62093,1.62083,1,2.7
2014.09.11,00:14:59.325,1.62095,1.62087,1,1
2014.09.11,00:14:59.427,1.62098,1.62084,1.69,1.57
2014.09.11,00:14:59.477,1.62098,1.62084,2.44,1.76
2014.09.11,00:14:59.985,1.62096,1.62082,1.01,2.06
2014.09.11,00:15:00.290,1.62096,1.62082,1.76,2.06
2014.09.11,00:15:00.800,1.62094,1.62081,1.57,1.19
2014.09.11,00:15:01.308,1.62093,1.62081,1,1.19
2014.09.11,00:15:01.359,1.62093,1.62079,1.1,1.69
2014.09.11,00:15:01.562,1.62094,1.62079,1.36,1.25
2014.09.11,00:15:01.917,1.62091,1.62077,1,1.76
2014.09.11,00:15:02.222,1.62081,1.62073,1.5,1.5
2014.09.11,00:15:02.274,1.62081,1.62073,1.69,1
2014.09.11,00:15:02.483,1.6208,1.62073,1.39,1
2014.09.11,00:15:02.636,1.6208,1.62068,1.46,1
2014.09.11,00:15:02.738,1.6208,1.62065,1.46,1.57
2014.09.11,00:15:02.891,1.62081,1.6207,1.76,1.87
2014.09.11,00:15:03.195,1.62075,1.62063,1,1.5
2014.09.11,00:15:03.399,1.62073,1.62062,1,1.95
2014.09.11,00:15:03.704,1.62069,1.62056,1.25,3.45
2014.09.11,00:15:03.907,1.62067,1.62053,1,1.76
2014.09.11,00:15:04.212,1.62066,1.62053,1.07,1.19
2014.09.11,00:15:04.415,1.62066,1.62052,1.07,1.19
2014.09.11,00:15:05.175,1.62064,1.62051,1,3.56
2014.09.11,00:15:05.685,1.62065,1.62051,1.39,2.89
2014.09.11,00:15:06.392,1.62066,1.62052,1.64,1.19
2014.09.11,00:15:09.015,1.62066,1.62055,1,1.25
2014.09.11,00:15:09.295,1.62075,1.6206,3.07,1.25
2014.09.11,00:15:09.397,1.62075,1.62061,1.19,2.14
2014.09.11,00:15:09.498,1.62076,1.62061,1.76,2.14
2014.09.11,00:15:09.802,1.62078,1.62065,2.51,1.87
2014.09.11,00:15:11.500,1.62079,1.62065,1.19,2.62
2014.09.11,00:15:18.787,1.6208,1.62066,1.76,1
2014.09.11,00:15:18.838,1.62081,1.62066,1.29,2.21
2014.09.11,00:15:20.219,1.62084,1.62068,3.26,2.51
2014.09.11,00:15:22.222,1.62085,1.62069,2.44,3.34
2014.09.11,00:15:23.342,1.62086,1.6207,1.76,1.76
2014.09.11,00:15:24.856,1.62086,1.6207,2.51,2.89
2014.09.11,00:15:25.445,1.62085,1.6207,1.01,2.81
2014.09.11,00:15:25.958,1.62086,1.6207,2.51,2.14
2014.09.11,00:15:26.499,1.62085,1.6207,1.3,2.06
2014.09.11,00:15:27.078,1.62086,1.6207,2.51,2.14
2014.09.11,00:15:27.282,1.62086,1.62071,2.51,1.31
2014.09.11,00:15:27.943,1.62086,1.62071,1.84,2.51
2014.09.11,00:15:28.455,1.62086,1.62072,2.51,1.56
2014.09.11,00:15:30.145,1.62086,1.62072,2.51,2.06
2014.09.11,00:15:32.355,1.62087,1.62072,2.44,1.56
2014.09.11,00:15:32.988,1.62087,1.62072,1.4,1.56
2014.09.11,00:15:33.390,1.62086,1.62072,1.07,1.56
2014.09.11,00:15:36.389,1.62087,1.62072,1.76,1.56
2014.09.11,00:15:36.693,1.62086,1.6207,1.84,1.62
2014.09.11,00:15:41.068,1.62085,1.6207,1.39,1.56
2014.09.11,00:15:42.091,1.62086,1.6207,1.36,1.74
2014.09.11,00:15:43.309,1.62084,1.6207,1.19,1.74
2014.09.11,00:15:50.291,1.62084,1.6207,1.25,2.21
2014.09.11,00:15:51.748,1.62085,1.6207,1.19,2.21
2014.09.11,00:15:54.492,1.62083,1.6207,1.19,1.12
2014.09.11,00:15:54.998,1.62083,1.6207,1.76,1.37
2014.09.11,00:16:00.292,1.62083,1.62069,2.59,1.25
2014.09.11,00:16:00.393,1.6208,1.62068,1.19,1.1
2014.09.11,00:16:00.697,1.62076,1.62067,1.07,1
2014.09.11,00:16:01.912,1.62076,1.6206,1.69,1.84
2014.09.11,00:16:02.686,1.62076,1.6206,1.19,1.34
2014.09.11,00:16:03.192,1.62074,1.6206,1.19,1.15
2014.09.11,00:16:03.700,1.62074,1.6206,1.76,1.1
2014.09.11,00:16:04.005,1.6207,1.62057,1.29,4.69
2014.09.11,00:16:04.208,1.62067,1.62053,1.5,1.57
2014.09.11,00:16:04.715,1.62067,1.62053,1.25,1.76
2014.09.11,00:16:05.221,1.62067,1.62053,1.25,1.09
2014.09.11,00:16:05.323,1.62066,1.62053,1.19,1.17
2014.09.11,00:16:05.833,1.62066,1.62053,1.19,1.1
2014.09.11,00:16:06.394,1.62067,1.62053,1.19,1.1
2014.09.11,00:16:07.516,1.62066,1.62053,1.25,1.29
2014.09.11,00:16:10.543,1.62066,1.62053,1.25,1.1
2014.09.11,00:16:11.051,1.62066,1.62052,1.76,1.01
2014.09.11,00:16:11.608,1.62066,1.62052,1.76,1.29
2014.09.11,00:16:15.507,1.62066,1.62052,1.76,1.1
2014.09.11,00:16:16.620,1.62066,1.62051,1.29,1.64
2014.09.11,00:16:17.747,1.62066,1.6205,1.01,2.89
2014.09.11,00:16:18.405,1.62068,1.62052,3.34,2.21
2014.09.11,00:16:18.925,1.62068,1.62052,2.51,2.89
2014.09.11,00:16:22.968,1.62068,1.62052,1.69,2.21
2014.09.11,00:16:24.048,1.62068,1.62052,1.69,2.21
2014.09.11,00:16:29.379,1.62068,1.62053,1.19,3.56
2014.09.11,00:16:29.684,1.6207,1.62057,1.25,1.17
2014.09.11,00:16:29.988,1.62074,1.62059,1.69,2.25
2014.09.11,00:16:30.495,1.62074,1.62061,1.69,1.07
2014.09.11,00:16:30.952,1.62075,1.62063,1.19,1.07
2014.09.11,00:16:31.459,1.62076,1.62063,1.19,1.57
2014.09.11,00:16:32.066,1.62076,1.62063,1.19,1.17
2014.09.11,00:16:38.462,1.62076,1.62062,2.44,1.09
2014.09.11,00:16:38.969,1.62075,1.62062,1.19,1.17
2014.09.11,00:16:42.184,1.62074,1.62062,1.19,1.17
2014.09.11,00:16:44.272,1.62076,1.62062,1.69,1.17
2014.09.11,00:16:48.087,1.62074,1.62062,1.19,1.17
2014.09.11,00:16:48.682,1.62074,1.62062,1.19,1.57
2014.09.11,00:16:49.194,1.62074,1.62063,1.19,1.07
2014.09.11,00:16:49.702,1.62075,1.62063,1.19,1.45
2014.09.11,00:16:50.315,1.62077,1.62065,1.19,1.65
2014.09.11,00:16:50.417,1.62079,1.62065,3.56,1.84
2014.09.11,00:16:51.075,1.62079,1.62067,1.19,1
2014.09.11,00:16:51.584,1.6208,1.62067,1.19,1
2014.09.11,00:16:51.685,1.6208,1.62068,1.19,1.57
2014.09.11,00:16:52.619,1.6208,1.62068,1.19,1.17
2014.09.11,00:16:53.241,1.62081,1.62068,1.19,1.17
2014.09.11,00:16:56.826,1.62082,1.62068,1.69,1.09
2014.09.11,00:16:57.913,1.62081,1.62067,1.19,1.47
2014.09.11,00:16:59.551,1.62081,1.62066,1.19,1.84
2014.09.11,00:17:00.376,1.62081,1.62066,1.19,1.46
2014.09.11,00:17:00.681,1.62083,1.62067,3.26,2.51
2014.09.11,00:17:03.835,1.62083,1.62067,2.51,2.51
2014.09.11,00:17:03.886,1.62082,1.62067,1.19,2.14
2014.09.11,00:17:04.594,1.62081,1.62067,1.25,2.21
2014.09.11,00:17:04.899,1.62081,1.62067,1.69,2.21
2014.09.11,00:17:06.319,1.62081,1.62068,1.69,1.2
2014.09.11,00:17:06.471,1.62091,1.62081,1.39,1
2014.09.11,00:17:06.573,1.62093,1.6208,2,1.29
2014.09.11,00:17:06.624,1.62095,1.62081,1.94,1.67
2014.09.11,00:17:06.726,1.62098,1.62083,2.06,1.09
2014.09.11,00:17:06.828,1.62096,1.62084,1.31,1.07
2014.09.11,00:17:07.031,1.62096,1.62083,1.12,1.3
2014.09.11,00:17:07.133,1.62099,1.62085,3.26,2.14
2014.09.11,00:17:07.235,1.621,1.62087,1.19,1.09
2014.09.11,00:17:07.336,1.62101,1.62088,1.31,1.17
2014.09.11,00:17:07.539,1.62104,1.62088,3.41,2.51
2014.09.11,00:17:07.742,1.62104,1.62091,3.19,1.57
2014.09.11,00:17:07.844,1.62106,1.62093,1.69,1
2014.09.11,00:17:07.996,1.62107,1.62095,1.94,1
2014.09.11,00:17:08.250,1.62108,1.62093,1.01,1.26
2014.09.11,00:17:08.759,1.62109,1.62096,3.26,1.5
2014.09.11,00:17:09.062,1.62108,1.62093,1.09,2.81
2014.09.11,00:17:09.620,1.62108,1.62093,1.76,1.31
2014.09.11,00:17:10.127,1.62107,1.62093,2.14,1.25
2014.09.11,00:17:10.178,1.62105,1.62091,1.29,1.76
2014.09.11,00:17:10.685,1.62104,1.62091,1.29,1
2014.09.11,00:17:15.024,1.62104,1.62089,1.66,1.26
2014.09.11,00:17:17.058,1.62103,1.62089,1.29,1.01
2014.09.11,00:17:19.255,1.62104,1.62088,1.46,1.84
2014.09.11,00:17:19.560,1.62104,1.62088,1.46,2.21
2014.09.11,00:17:20.991,1.62104,1.62088,1.36,2.59
2014.09.11,00:17:23.766,1.62105,1.62088,5.21,3.26
2014.09.11,00:17:26.080,1.62105,1.62088,2.96,4.01
2014.09.11,00:17:27.205,1.62103,1.62089,1.19,1.09
2014.09.11,00:17:27.771,1.62103,1.62089,1.29,1.01
2014.09.11,00:17:28.281,1.62104,1.62089,1.36,1.1
2014.09.11,00:17:30.417,1.62103,1.62089,1.29,1.01
2014.09.11,00:17:31.615,1.62102,1.62089,1.19,1.1
2014.09.11,00:17:32.705,1.62104,1.62089,2.06,1.2
2014.09.11,00:17:35.799,1.62103,1.62089,1.46,1.25
2014.09.11,00:17:36.844,1.62105,1.62089,4.69,1.25
2014.09.11,00:17:37.352,1.62105,1.62089,3.26,1.32
2014.09.11,00:17:37.856,1.62103,1.62089,1.01,1.01
2014.09.11,00:17:41.212,1.62103,1.62089,1.01,1.76
2014.09.11,00:17:45.122,1.62104,1.62089,1.76,1.69
2014.09.11,00:17:46.224,1.62104,1.62089,1.36,1.76
2014.09.11,00:17:46.530,1.62116,1.62102,2.14,1.1
2014.09.11,00:17:46.885,1.62116,1.62104,1.39,1.5
2014.09.11,00:17:46.936,1.62119,1.62104,2.21,1.5
2014.09.11,00:17:47.444,1.62119,1.62104,1.39,1.76
2014.09.11,00:17:48.152,1.6212,1.62104,1.84,3.71
2014.09.11,00:17:49.223,1.6212,1.62106,2.21,1
2014.09.11,00:17:49.578,1.6212,1.62107,1.01,1.19
2014.09.11,00:17:50.323,1.62119,1.62107,1,1.69
2014.09.11,00:17:50.576,1.62118,1.62104,3.26,1.25
2014.09.11,00:17:51.084,1.62118,1.62105,1.31,1
2014.09.11,00:17:51.641,1.62119,1.62105,1.29,1.19
2014.09.11,00:17:53.870,1.62119,1.62105,3.19,1
2014.09.11,00:17:53.971,1.62117,1.62102,2.06,1.76
2014.09.11,00:17:54.281,1.62115,1.62102,1.29,1
2014.09.11,00:17:59.086,1.62115,1.62101,2.89,1.25
2014.09.11,00:17:59.594,1.62114,1.62102,1.19,1.57
2014.09.11,00:17:59.897,1.62114,1.621,1.29,1.76
2014.09.11,00:18:00.404,1.62113,1.62101,1.19,1
2014.09.11,00:18:00.937,1.62113,1.621,1.19,1.01
2014.09.11,00:18:01.454,1.62113,1.621,1.69,1.57
2014.09.11,00:18:02.087,1.62113,1.621,1.29,1.5
2014.09.11,00:18:03.413,1.62113,1.621,1.76,1.5
2014.09.11,00:18:03.921,1.62113,1.62101,1.19,1
2014.09.11,00:18:04.326,1.62115,1.62101,1.36,1
2014.09.11,00:18:04.934,1.62115,1.62101,1.19,1.07
2014.09.11,00:18:05.503,1.62115,1.62102,1.19,1.65
2014.09.11,00:18:06.313,1.62118,1.62102,2.51,1.84
2014.09.11,00:18:06.822,1.62118,1.62104,1.76,1
2014.09.11,00:18:07.329,1.62118,1.62103,1.76,1.1
2014.09.11,00:18:07.871,1.62118,1.62103,1.76,1.07
2014.09.11,00:18:08.405,1.62119,1.62104,4.39,1.25
2014.09.11,00:18:08.911,1.62119,1.62104,3.71,1.69
2014.09.11,00:18:10.440,1.62119,1.62105,2.96,1
2014.09.11,00:18:10.943,1.62119,1.62106,2.81,1
2014.09.11,00:18:12.940,1.62118,1.62106,1.39,1
2014.09.11,00:18:15.152,1.62119,1.62106,1.39,1
2014.09.11,00:18:16.124,1.62119,1.62105,1.39,1.25
2014.09.11,00:18:16.631,1.62118,1.62104,1.26,1.69
2014.09.11,00:18:17.164,1.62117,1.62104,1.29,1.5
2014.09.11,00:18:19.198,1.62117,1.62103,1.29,1.69
2014.09.11,00:18:20.049,1.62115,1.62103,1.19,1.5
2014.09.11,00:18:20.567,1.62115,1.62103,1.19,1.65
2014.09.11,00:18:21.074,1.62116,1.62103,1.31,1.65
2014.09.11,00:18:21.660,1.62116,1.62103,1.31,1.57
2014.09.11,00:18:26.886,1.62116,1.62102,1.31,1.76
2014.09.11,00:18:30.965,1.62116,1.62105,1.34,1.37
2014.09.11,00:18:31.473,1.62119,1.62106,1.29,1
2014.09.11,00:18:31.828,1.62119,1.62109,1.19,4.5
2014.09.11,00:18:31.980,1.62121,1.6211,2.59,1
2014.09.11,00:18:32.183,1.62121,1.62112,1.19,1
2014.09.11,00:18:32.387,1.62125,1.62111,1.69,1
2014.09.11,00:18:33.400,1.62123,1.62111,1.19,1
2014.09.11,00:18:33.932,1.62124,1.6211,2.14,1.57
2014.09.11,00:18:35.656,1.62123,1.62109,1.19,2.25
2014.09.11,00:18:36.263,1.62123,1.62111,1.19,1.17
2014.09.11,00:18:36.973,1.62123,1.62111,1.19,1.1
2014.09.11,00:18:37.581,1.62123,1.62111,1.19,1.07
2014.09.11,00:18:38.341,1.62123,1.62111,1.19,1
2014.09.11,00:18:39.557,1.62123,1.62111,1.19,1.17
2014.09.11,00:18:40.081,1.62123,1.62111,1.19,1.1
2014.09.11,00:18:41.403,1.62124,1.62111,1.19,1
2014.09.11,00:18:41.709,1.62122,1.62111,1.19,1
2014.09.11,00:18:41.920,1.62124,1.62111,1.29,1
2014.09.11,00:18:42.235,1.62122,1.62111,1.19,1.1
2014.09.11,00:18:42.741,1.62123,1.62111,1.19,1
2014.09.11,00:18:45.171,1.62123,1.62111,1.19,2.25
2014.09.11,00:18:45.323,1.62126,1.62113,2.51,1
2014.09.11,00:18:46.540,1.62127,1.62113,1.26,2.06
2014.09.11,00:18:50.857,1.62128,1.62113,1.39,1.57
2014.09.11,00:18:53.043,1.62127,1.62113,1.29,1.76
2014.09.11,00:18:54.643,1.62128,1.62113,2.14,1.76
2014.09.11,00:18:57.831,1.62129,1.62113,3.26,2.51
2014.09.11,00:19:00.684,1.62127,1.62115,1.12,1.19
2014.09.11,00:19:01.647,1.62127,1.62114,1.12,1.69
2014.09.11,00:19:02.600,1.62127,1.62114,1.2,1.69
2014.09.11,00:19:03.894,1.62127,1.62114,1.2,1.69
2014.09.11,00:19:04.644,1.62127,1.62117,1,1.19
2014.09.11,00:19:05.151,1.62129,1.62117,1.55,1.19
2014.09.11,00:19:06.897,1.62128,1.62117,1.2,1.25
2014.09.11,00:19:07.557,1.62128,1.62118,1.12,1.19
2014.09.11,00:19:08.793,1.6213,1.62118,1.95,1.19
2014.09.11,00:19:10.547,1.62128,1.62118,1,1.19
2014.09.11,00:19:10.598,1.62128,1.62116,1.69,1.25
2014.09.11,00:19:10.700,1.62127,1.62113,1.12,1.12
2014.09.11,00:19:10.953,1.62125,1.6211,1.1,2.32
2014.09.11,00:19:11.257,1.62125,1.62111,1.19,2.14
2014.09.11,00:19:11.562,1.62127,1.62111,1.39,1.39
2014.09.11,00:19:12.067,1.62128,1.62112,5.51,2.89
2014.09.11,00:19:12.590,1.62128,1.62112,5.14,2.89
2014.09.11,00:19:12.691,1.62128,1.62112,5.14,3.64
2014.09.11,00:19:14.864,1.62127,1.62113,1.76,1.01
2014.09.11,00:19:16.583,1.62127,1.62113,1.36,1.19
2014.09.11,00:19:21.001,1.62129,1.62114,1.69,1.84
2014.09.11,00:19:21.154,1.62129,1.62114,1.19,2.59
2014.09.11,00:19:23.120,1.6213,1.62115,3.26,1.62
2014.09.11,00:19:24.125,1.6213,1.62115,3.26,1.62
2014.09.11,00:19:28.282,1.62129,1.62116,1.76,1
2014.09.11,00:19:28.737,1.62128,1.62113,1.46,1.12
2014.09.11,00:19:29.142,1.62128,1.62113,1.19,1.95
2014.09.11,00:19:30.024,1.62128,1.62113,1.26,1.29
2014.09.11,00:19:31.815,1.62128,1.62115,1.26,1
2014.09.11,00:19:36.613,1.62129,1.62115,2.51,1
2014.09.11,00:19:38.830,1.62128,1.62115,1.19,1
2014.09.11,00:19:40.133,1.62126,1.62112,2.06,1.62
2014.09.11,00:19:40.639,1.62126,1.62111,1.46,1.76
2014.09.11,00:19:41.326,1.62127,1.62113,1.25,1.09
2014.09.11,00:19:41.934,1.62129,1.62112,1.84,1.01
2014.09.11,00:19:42.440,1.62128,1.62112,1.29,2.51
2014.09.11,00:19:48.845,1.62127,1.62113,1.94,1.19
2014.09.11,00:19:49.564,1.62128,1.62114,4.76,1.76
2014.09.11,00:19:49.717,1.6213,1.62114,6.19,2.89
2014.09.11,00:19:50.857,1.6213,1.62115,6.19,1.01
2014.09.11,00:19:51.060,1.62128,1.62114,1.69,1.32
2014.09.11,00:19:51.367,1.62126,1.62112,1.69,1.25
2014.09.11,00:19:51.670,1.62126,1.62113,1.69,1.07
2014.09.11,00:19:51.925,1.62129,1.62115,1.31,2.7
2014.09.11,00:19:52.440,1.6213,1.62117,4.69,1.01
2014.09.11,00:19:53.152,1.6213,1.62117,4.69,1.32
2014.09.11,00:19:53.254,1.6213,1.62116,4.69,1.84
2014.09.11,00:19:54.068,1.6213,1.62116,4.69,2.59
2014.09.11,00:19:54.677,1.62131,1.62116,4.69,2.59
2014.09.11,00:19:55.388,1.62131,1.62116,4.69,1.84
2014.09.11,00:20:01.866,1.62131,1.62118,4.69,1
2014.09.11,00:20:14.670,1.62131,1.62119,4.69,1
2014.09.11,00:20:20.323,1.62131,1.62117,6.19,1.07
2014.09.11,00:20:20.577,1.6213,1.62116,1.39,1.1
2014.09.11,00:20:20.627,1.62127,1.62116,1,1.1
2014.09.11,00:20:21.845,1.6213,1.62116,1.29,1.01
2014.09.11,00:20:22.402,1.6213,1.62116,1.31,1.09
2014.09.11,00:20:22.930,1.6213,1.62116,1.39,1.01
2014.09.11,00:20:27.300,1.6213,1.62115,6.94,2.89
2014.09.11,00:20:28.406,1.6213,1.62114,6.26,3.56
2014.09.11,00:20:28.912,1.6213,1.62116,5.44,1.57
2014.09.11,00:20:29.014,1.62129,1.62115,1.69,1.84
2014.09.11,00:20:29.522,1.62128,1.62115,1.31,1.76
2014.09.11,00:20:30.030,1.62129,1.62115,2.44,1.76
2014.09.11,00:20:33.489,1.62129,1.62116,2.81,1.2
2014.09.11,00:20:36.498,1.62129,1.62116,2.81,1.17
2014.09.11,00:20:37.808,1.62129,1.62116,2.81,1.1
2014.09.11,00:20:39.410,1.62129,1.62116,2.81,1.07
2014.09.11,00:20:40.726,1.62128,1.62117,1,1.1
2014.09.11,00:20:42.007,1.6213,1.62116,2.81,2.44
2014.09.11,00:20:42.109,1.6213,1.62116,1.69,2.51
2014.09.11,00:20:42.523,1.62131,1.62118,1.31,1.32
2014.09.11,00:20:43.326,1.62132,1.62119,1.37,1.26
2014.09.11,00:20:43.427,1.62134,1.6212,1.5,1.19
2014.09.11,00:20:43.934,1.62134,1.6212,1.5,2.14
2014.09.11,00:20:44.441,1.62134,1.62121,1.5,1.32
2014.09.11,00:20:45.036,1.62135,1.62121,1.12,2.51
2014.09.11,00:20:49.248,1.62135,1.62122,1.12,1.29
2014.09.11,00:20:50.952,1.62135,1.62122,1.37,1.69
2014.09.11,00:21:01.396,1.62133,1.62122,1,1.76
2014.09.11,00:21:01.447,1.62133,1.62122,1.75,1.29
2014.09.11,00:21:01.567,1.62134,1.62119,2.51,3.26
2014.09.11,00:21:01.669,1.62135,1.62121,1.76,1.69
2014.09.11,00:21:02.125,1.62135,1.62124,1.26,1
2014.09.11,00:21:02.327,1.62135,1.62121,1.39,2.44
2014.09.11,00:21:02.581,1.62136,1.62121,1.34,3.26
2014.09.11,00:21:06.573,1.62136,1.62121,1.01,2.96
2014.09.11,00:21:07.311,1.62136,1.62124,1.01,1
2014.09.11,00:21:09.382,1.62136,1.62122,1,1.2
2014.09.11,00:21:09.635,1.62137,1.62124,1.46,1
2014.09.11,00:21:10.141,1.62138,1.62125,1.56,1.5
2014.09.11,00:21:10.452,1.62138,1.62127,1.19,1
2014.09.11,00:21:10.503,1.62138,1.62125,1.19,2.25
2014.09.11,00:21:10.706,1.6214,1.62127,1.39,1
2014.09.11,00:21:11.212,1.6214,1.62125,1.19,3.19
2014.09.11,00:21:11.769,1.6214,1.62128,1.19,1
2014.09.11,00:21:12.125,1.62142,1.62128,1.39,1.25
2014.09.11,00:21:12.227,1.62143,1.62129,1.57,1.01
2014.09.11,00:21:12.279,1.62143,1.62131,1.57,1.25
2014.09.11,00:21:12.583,1.62149,1.62134,2.89,1.19
2014.09.11,00:21:13.345,1.6215,1.62136,3.19,1
2014.09.11,00:21:13.396,1.6215,1.62136,2.44,1
2014.09.11,00:21:17.430,1.6215,1.62136,1.69,1.19
2014.09.11,00:21:18.466,1.6215,1.62136,1.84,1.25
2014.09.11,00:21:19.440,1.6215,1.62136,1.84,1.25
2014.09.11,00:21:20.013,1.6215,1.62136,1.69,1.25
2014.09.11,00:21:20.421,1.6215,1.62136,1.69,1.09
2014.09.11,00:21:20.979,1.6215,1.62136,1.19,3.19
2014.09.11,00:21:21.131,1.62151,1.62137,1.31,1.84
2014.09.11,00:21:21.334,1.62153,1.62137,2.14,2.51
2014.09.11,00:21:22.346,1.62154,1.6214,4.01,1.19
2014.09.11,00:21:22.600,1.62154,1.62141,1,1.25
2014.09.11,00:21:23.106,1.62155,1.62141,1.69,1.09
2014.09.11,00:21:23.446,1.62155,1.62142,1.25,1.69
2014.09.11,00:21:24.155,1.62155,1.62143,1.25,1.09
2014.09.11,00:21:24.670,1.62155,1.62143,1,1.76
2014.09.11,00:21:25.177,1.62155,1.62144,1,1.76
2014.09.11,00:21:28.924,1.62157,1.62145,1,1.36
2014.09.11,00:21:32.537,1.62157,1.62146,1,1.69
2014.09.11,00:21:32.994,1.62157,1.62144,1.12,1.07
2014.09.11,00:21:33.501,1.62156,1.62145,1,1.36
2014.09.11,00:21:34.008,1.62155,1.62146,1,1.25
2014.09.11,00:21:34.211,1.62157,1.62145,1,1
2014.09.11,00:21:34.719,1.62156,1.62142,1,2.25
2014.09.11,00:21:35.225,1.62156,1.62142,1.19,2.32
2014.09.11,00:21:37.244,1.62156,1.62142,1.25,1.76
2014.09.11,00:21:38.265,1.62156,1.62142,1.69,1.76
2014.09.11,00:21:38.367,1.62157,1.62143,1,2.59
2014.09.11,00:21:38.468,1.62157,1.62145,1,1.19
2014.09.11,00:21:40.372,1.62157,1.62145,1,1.01
2014.09.11,00:21:47.557,1.62157,1.62146,1,1.25
2014.09.11,00:21:49.495,1.62158,1.62146,2.44,1.25
2014.09.11,00:21:50.413,1.62157,1.62146,1,1.25
2014.09.11,00:21:52.102,1.62158,1.62146,1.5,1.76
2014.09.11,00:21:52.479,1.6216,1.62147,1,1.09
2014.09.11,00:21:52.783,1.6216,1.6215,1,1.25
2014.09.11,00:21:53.290,1.62161,1.6215,1,1.29
2014.09.11,00:21:54.606,1.62161,1.62148,1.07,1.69
2014.09.11,00:21:55.122,1.62161,1.62148,1.65,1.19
2014.09.11,00:21:55.561,1.62161,1.62148,1.95,1.19
2014.09.11,00:21:56.023,1.6216,1.62146,1.09,1.69
2014.09.11,00:21:57.103,1.62161,1.62145,3.64,3.26
2014.09.11,00:21:59.632,1.62158,1.62145,2.04,1.39
2014.09.11,00:21:59.734,1.62156,1.62142,2.14,1.55
2014.09.11,00:21:59.836,1.62156,1.62142,2.89,1.39
2014.09.11,00:22:00.197,1.62156,1.62141,1.31,3.26
2014.09.11,00:22:00.709,1.62156,1.62142,1.19,1.32
2014.09.11,00:22:00.912,1.62157,1.62142,1.19,2.14
2014.09.11,00:22:01.896,1.62158,1.62144,1.69,1.47
2014.09.11,00:22:02.414,1.62158,1.62144,1.19,1.47
2014.09.11,00:22:02.819,1.62158,1.62144,1.25,2.21
2014.09.11,00:22:03.325,1.6216,1.62146,1.76,1.76
2014.09.11,00:22:03.630,1.62162,1.62153,1.65,2.62
2014.09.11,00:22:03.884,1.62162,1.62153,1,1.65
2014.09.11,00:22:03.986,1.62162,1.6215,1,1.84
2014.09.11,00:22:04.496,1.62164,1.62149,1.19,3.64
2014.09.11,00:22:05.012,1.62164,1.62149,2.81,2.51
2014.09.11,00:22:05.613,1.62164,1.62149,3.64,1.76
2014.09.11,00:22:06.142,1.62164,1.62149,2.89,1.76
2014.09.11,00:22:10.337,1.62162,1.62148,1,1.36
2014.09.11,00:22:11.462,1.62163,1.62148,1.56,1.39
2014.09.11,00:22:12.274,1.62162,1.62149,1.19,1.09
2014.09.11,00:22:12.781,1.62162,1.62148,1.29,1.76
2014.09.11,00:22:17.166,1.62162,1.62148,2.06,1.19
2014.09.11,00:22:17.689,1.62162,1.62148,2.14,2.14
2014.09.11,00:22:18.209,1.62163,1.62149,1.66,1.66
2014.09.11,00:22:18.734,1.62163,1.62149,1.29,1.66
2014.09.11,00:22:19.350,1.62165,1.62156,1.32,1
2014.09.11,00:22:19.451,1.62168,1.62155,1.5,1
2014.09.11,00:22:19.553,1.62167,1.62155,1.19,1
2014.09.11,00:22:19.858,1.62165,1.62151,1.69,1.39
2014.09.11,00:22:20.390,1.62165,1.62149,3.64,3.26
2014.09.11,00:22:20.912,1.62164,1.62149,1.19,1.76
2014.09.11,00:22:21.014,1.62164,1.6215,1.19,1.32
2014.09.11,00:22:21.562,1.62164,1.62149,1.19,2.51
2014.09.11,00:22:22.092,1.62164,1.62149,1.19,1.84
2014.09.11,00:22:27.353,1.62163,1.62149,1,1.39
2014.09.11,00:22:28.573,1.62163,1.62149,1.19,1.39
2014.09.11,00:22:33.115,1.62163,1.62149,1,1.39
2014.09.11,00:22:34.204,1.62163,1.62149,1.19,1.84
2014.09.11,00:22:36.928,1.62163,1.62149,1.19,2.51
2014.09.11,00:22:38.879,1.62162,1.62149,1.19,2.32
2014.09.11,00:22:38.981,1.62161,1.62148,1.19,1.84
2014.09.11,00:22:39.488,1.62162,1.62148,1.69,1.84
2014.09.11,00:22:39.999,1.62162,1.62148,1.69,1.84
2014.09.11,00:22:40.509,1.62163,1.62149,1.69,1.25
2014.09.11,00:22:41.270,1.62163,1.62149,1.69,1.32
2014.09.11,00:22:41.882,1.62163,1.6215,1.19,1.2
2014.09.11,00:22:42.394,1.62164,1.6215,1.19,1.46
2014.09.11,00:22:44.350,1.62164,1.6215,1.19,2.14
2014.09.11,00:22:44.502,1.62164,1.6215,1.19,1.46
2014.09.11,00:22:44.795,1.62164,1.6215,1.69,1.76
2014.09.11,00:22:44.897,1.62164,1.6215,1.69,1.25
2014.09.11,00:22:45.701,1.62164,1.6215,1.69,1.09
2014.09.11,00:22:46.376,1.62164,1.6215,1.76,1.01
2014.09.11,00:22:47.799,1.62164,1.6215,1.39,1
2014.09.11,00:22:48.936,1.62164,1.6215,1.84,1.25
2014.09.11,00:22:54.505,1.62164,1.6215,1.69,1.76
2014.09.11,00:22:55.103,1.62164,1.6215,1.76,1.84
2014.09.11,00:22:55.868,1.62164,1.6215,1.29,1.57
2014.09.11,00:22:56.325,1.62164,1.62154,1.19,1
2014.09.11,00:22:56.579,1.62167,1.62154,1.76,1
2014.09.11,00:22:59.292,1.62167,1.62153,1.76,1.39
2014.09.11,00:23:03.774,1.62167,1.62155,1.19,1
2014.09.11,00:23:04.283,1.62168,1.62155,1.69,1
2014.09.11,00:23:04.951,1.62167,1.62155,1.25,1
2014.09.11,00:23:07.580,1.62167,1.62155,1.09,1.5
2014.09.11,00:23:08.189,1.62167,1.62156,1.09,1
2014.09.11,00:23:08.697,1.62167,1.62155,1.09,1
2014.09.11,00:23:09.450,1.62167,1.62155,1.09,1
2014.09.11,00:23:10.012,1.62167,1.62154,1.01,1
2014.09.11,00:23:11.469,1.62167,1.62154,1.19,1.25
2014.09.11,00:23:11.978,1.62168,1.62155,1.19,1
2014.09.11,00:23:13.868,1.62168,1.62157,1.19,1
2014.09.11,00:23:13.972,1.62168,1.62155,1.19,1.1
2014.09.11,00:23:15.990,1.62168,1.62154,1.19,3.26
2014.09.11,00:23:16.552,1.62168,1.62154,1.19,3.34
2014.09.11,00:23:16.603,1.6217,1.62157,1.64,1
2014.09.11,00:23:16.705,1.62171,1.62159,1.66,1
2014.09.11,00:23:16.807,1.62173,1.62158,1.69,1.26
2014.09.11,00:23:17.314,1.62173,1.62158,1.19,2.89
2014.09.11,00:23:17.921,1.62173,1.62159,1.19,1.25
2014.09.11,00:23:21.797,1.62173,1.6216,1.19,1
2014.09.11,00:23:22.202,1.62174,1.62161,1.19,1.07
2014.09.11,00:23:23.024,1.62175,1.62161,1.19,1.17
2014.09.11,00:23:24.110,1.62174,1.62161,1.19,1.17
2014.09.11,00:23:25.638,1.62174,1.62161,1.19,1
2014.09.11,00:23:28.638,1.62175,1.62161,1.69,1.25
2014.09.11,00:23:29.759,1.62175,1.62161,1.69,1.09
2014.09.11,00:23:31.242,1.62175,1.62161,1.69,1.25
2014.09.11,00:23:32.413,1.62174,1.62161,1.29,1
2014.09.11,00:23:33.219,1.62177,1.62162,1.84,1.19
2014.09.11,00:23:34.660,1.62177,1.62161,3.26,1.69
2014.09.11,00:23:35.188,1.62175,1.62161,1.17,1.69
2014.09.11,00:23:35.694,1.62176,1.62163,1.39,1.25
2014.09.11,00:23:36.201,1.62177,1.62163,3.26,1.25
2014.09.11,00:23:36.772,1.62176,1.62163,1.39,1.25
2014.09.11,00:23:37.279,1.62177,1.62164,1.76,1
2014.09.11,00:23:40.646,1.62176,1.62162,2.02,1.19
2014.09.11,00:23:40.697,1.62175,1.62162,1.2,1.19
2014.09.11,00:23:41.103,1.62176,1.62163,1.57,1.25
2014.09.11,00:23:41.670,1.62176,1.62163,1.95,1.25
2014.09.11,00:23:42.179,1.62176,1.62163,1.45,1.25
2014.09.11,00:23:44.073,1.62176,1.62163,2.14,1.69
2014.09.11,00:23:44.905,1.62176,1.62163,1.39,1.69
2014.09.11,00:23:45.159,1.62176,1.62163,1.76,1
2014.09.11,00:23:49.153,1.62176,1.62163,1.76,1.69
2014.09.11,00:23:50.674,1.62176,1.62163,1.76,1.25
2014.09.11,00:23:57.141,1.62176,1.62163,1.29,1.31
2014.09.11,00:23:58.445,1.62177,1.62164,1.46,1
2014.09.11,00:24:02.595,1.62177,1.62164,1.09,1.69
2014.09.11,00:24:03.781,1.62177,1.62164,1.09,1
2014.09.11,00:24:12.300,1.62177,1.62164,1.1,1.39
2014.09.11,00:24:13.328,1.62177,1.62164,1,1.29
2014.09.11,00:24:15.419,1.62177,1.62165,1,2.06
2014.09.11,00:24:19.661,1.62177,1.62165,1,2.06
2014.09.11,00:24:21.071,1.62176,1.62166,1,1.56
2014.09.11,00:24:21.572,1.62175,1.62166,1,1.56
2014.09.11,00:24:24.399,1.62177,1.62166,1.5,1.62
2014.09.11,00:24:24.705,1.62175,1.62163,1,3.56
2014.09.11,00:24:28.787,1.62176,1.62163,1.25,2.89
2014.09.11,00:24:32.948,1.62177,1.62163,1.29,1.39
2014.09.11,00:24:33.490,1.62176,1.62163,4.69,1.62
2014.09.11,00:24:36.604,1.62176,1.62163,6.34,1.37
2014.09.11,00:24:37.370,1.62176,1.62163,5.51,1
2014.09.11,00:24:37.877,1.62177,1.62163,1.84,1.25
2014.09.11,00:24:38.429,1.62177,1.62164,1.29,1
2014.09.11,00:24:38.936,1.62178,1.62164,3.56,1
2014.09.11,00:24:41.982,1.62175,1.62163,1.56,1.17
2014.09.11,00:24:42.153,1.62174,1.6216,1.19,1.76
2014.09.11,00:24:42.509,1.62173,1.6216,1.3,1.69
2014.09.11,00:24:42.610,1.62175,1.6216,1.19,1.76
2014.09.11,00:24:43.117,1.62174,1.6216,1.94,1.19
2014.09.11,00:24:43.220,1.62174,1.62163,1.94,1
2014.09.11,00:24:43.321,1.62174,1.6216,1.94,1.19
2014.09.11,00:24:44.104,1.62175,1.62161,4.57,1.19
2014.09.11,00:24:45.937,1.62175,1.62161,4.5,1.19
2014.09.11,00:24:47.408,1.62175,1.62162,4.69,1.19
2014.09.11,00:24:48.438,1.62175,1.62161,4.65,1.19
2014.09.11,00:24:51.938,1.62174,1.62161,1.01,1.19
2014.09.11,00:24:52.446,1.62174,1.62161,1.01,1.25
2014.09.11,00:24:57.815,1.62174,1.6216,1.39,1.57
2014.09.11,00:25:00.664,1.62175,1.6216,6.26,1.29
2014.09.11,00:25:06.441,1.62172,1.6216,1,1
2014.09.11,00:25:07.150,1.62172,1.6216,1,1.07
2014.09.11,00:25:07.457,1.6217,1.62159,1,1.76
2014.09.11,00:25:07.558,1.62171,1.62159,1.37,1.25
2014.09.11,00:25:08.065,1.62172,1.62158,6.26,1.1
2014.09.11,00:25:10.455,1.62172,1.62158,6.26,1.1
2014.09.11,00:25:10.990,1.62172,1.62158,7.01,1.1
2014.09.11,00:25:12.756,1.62171,1.62158,1.39,1
2014.09.11,00:25:13.848,1.62172,1.62158,7.01,1.1
2014.09.11,00:25:14.359,1.62171,1.62157,1.31,1.57
2014.09.11,00:25:15.141,1.62171,1.62157,1.31,1.57
2014.09.11,00:25:16.575,1.62171,1.62157,1.12,1.26
2014.09.11,00:25:17.759,1.62171,1.62158,1,1.29
2014.09.11,00:25:19.462,1.62171,1.62158,4.87,1.19
2014.09.11,00:25:22.169,1.6217,1.62156,1.69,1.76
2014.09.11,00:25:22.254,1.6217,1.62156,5.44,1.76
2014.09.11,00:25:22.407,1.62169,1.62154,1.76,1.84
2014.09.11,00:25:23.799,1.62167,1.62154,1.31,1.32
2014.09.11,00:25:24.365,1.62167,1.62154,1.69,1.01
2014.09.11,00:25:24.637,1.62168,1.62156,2.04,1
2014.09.11,00:25:24.890,1.6217,1.62156,6.19,1.36
2014.09.11,00:25:27.976,1.6217,1.62156,6.26,1.1
2014.09.11,00:25:28.430,1.6217,1.62158,5.51,1
2014.09.11,00:25:29.013,1.6217,1.62158,6.26,1
2014.09.11,00:25:29.623,1.62171,1.62158,5.51,2.44
2014.09.11,00:25:30.130,1.62171,1.62158,5.25,3.19
2014.09.11,00:25:31.832,1.62171,1.62158,4.5,2.44
2014.09.11,00:25:32.342,1.62172,1.62158,1.87,2.44
2014.09.11,00:25:34.495,1.62172,1.62158,2.14,2.44
2014.09.11,00:25:35.611,1.62172,1.62158,2.89,2.44
2014.09.11,00:25:35.814,1.62172,1.62158,2.14,3.19
2014.09.11,00:25:43.251,1.62172,1.62159,2.89,1
2014.09.11,00:25:43.808,1.62172,1.62159,2.14,1.19
2014.09.11,00:25:48.214,1.62172,1.62159,2.89,1
2014.09.11,00:25:49.516,1.62172,1.62159,2.14,1.25
2014.09.11,00:25:49.821,1.62171,1.62157,4.76,2.51
2014.09.11,00:25:50.567,1.62171,1.62158,4.57,1.19
2014.09.11,00:25:51.531,1.62171,1.62157,4.57,1.76
2014.09.11,00:25:53.630,1.62171,1.62157,4.69,2.44
2014.09.11,00:25:56.939,1.62171,1.62158,4.5,1.19
2014.09.11,00:26:02.053,1.62172,1.62159,5.7,1.25
2014.09.11,00:26:07.694,1.62171,1.62157,1.09,2.44
2014.09.11,00:26:09.066,1.62171,1.62158,1.46,1
2014.09.11,00:26:15.976,1.62171,1.6216,1.01,1
2014.09.11,00:26:16.027,1.62172,1.6216,1.01,1
2014.09.11,00:26:16.079,1.62172,1.62166,1.76,1
2014.09.11,00:26:16.180,1.62173,1.62164,4.5,1.87
2014.09.11,00:26:16.231,1.62177,1.62164,2,2.06
2014.09.11,00:26:16.333,1.62177,1.62166,1.25,1
2014.09.11,00:26:16.880,1.62178,1.62166,1.25,1.25
2014.09.11,00:26:17.855,1.62178,1.62167,1.25,1
2014.09.11,00:26:18.636,1.62179,1.62166,5.51,1.25
2014.09.11,00:26:18.788,1.62177,1.62163,1.76,1.32
2014.09.11,00:26:19.294,1.62175,1.62161,2.21,1.69
2014.09.11,00:26:19.598,1.62172,1.62161,1,1.19
2014.09.11,00:26:20.390,1.62172,1.62161,1,1.25
2014.09.11,00:26:23.419,1.62173,1.6216,2.81,1.1
2014.09.11,00:26:24.801,1.62171,1.6216,4.69,1
2014.09.11,00:26:27.426,1.62172,1.6216,2.14,1
2014.09.11,00:26:31.836,1.62171,1.6216,1.31,1
2014.09.11,00:26:36.566,1.62173,1.6216,2,1.07
2014.09.11,00:26:37.073,1.62174,1.62162,7.39,1
2014.09.11,00:26:39.549,1.62173,1.62162,1.5,1
2014.09.11,00:26:40.435,1.62173,1.62161,1.01,1.25
2014.09.11,00:26:41.240,1.62174,1.62161,3.34,1.19
2014.09.11,00:26:41.875,1.62174,1.62162,2.06,1.25
2014.09.11,00:26:44.358,1.62174,1.62161,1.87,1.69
2014.09.11,00:26:44.866,1.62173,1.62161,1,1.69
2014.09.11,00:26:48.525,1.62173,1.62163,1,1
2014.09.11,00:26:48.829,1.62173,1.62164,1.75,1
2014.09.11,00:26:51.627,1.62173,1.62164,1.5,1
2014.09.11,00:26:53.075,1.62173,1.62167,1,2.02
2014.09.11,00:26:53.228,1.62178,1.62172,6,1.07
2014.09.11,00:26:53.330,1.62178,1.62171,5.25,1.5
2014.09.11,00:26:53.432,1.62178,1.62168,4.69,1
2014.09.11,00:26:53.534,1.62177,1.62166,1.01,1.1
2014.09.11,00:26:54.828,1.62176,1.62165,1.01,1
2014.09.11,00:26:55.351,1.62176,1.62164,1.09,1.5
2014.09.11,00:26:59.517,1.62175,1.62164,1.29,1.5
2014.09.11,00:27:00.796,1.62175,1.62164,1.01,1.5
2014.09.11,00:27:02.463,1.62175,1.62164,1.32,1.5
2014.09.11,00:27:11.676,1.62175,1.62162,1.36,1.5
2014.09.11,00:27:12.701,1.62175,1.62162,2.14,1.69
2014.09.11,00:27:14.494,1.62174,1.62162,1.69,1.69
2014.09.11,00:27:14.747,1.62174,1.62162,1.84,1.69
2014.09.11,00:27:20.403,1.62174,1.62164,1.09,1
2014.09.11,00:27:23.465,1.62174,1.62163,1.09,1
2014.09.11,00:27:27.925,1.62174,1.62163,1.32,1
2014.09.11,00:27:38.700,1.62175,1.62163,1.84,1.25
2014.09.11,00:27:41.283,1.62175,1.62163,1.26,1
2014.09.11,00:27:42.771,1.62176,1.62163,1.01,1
2014.09.11,00:27:44.996,1.62177,1.62163,5.06,1
2014.09.11,00:27:45.814,1.62175,1.62163,1.3,1
2014.09.11,00:27:46.907,1.62176,1.62163,2.51,1
2014.09.11,00:27:48.800,1.62176,1.62163,1.84,1
2014.09.11,00:27:50.135,1.62176,1.62163,1.69,1
2014.09.11,00:27:51.923,1.62176,1.62162,1.76,1.5
2014.09.11,00:27:58.317,1.62176,1.62162,1.34,1.5
2014.09.11,00:28:00.340,1.62176,1.62162,1.76,1.5
2014.09.11,00:28:00.862,1.62176,1.62163,1.76,1
2014.09.11,00:28:11.500,1.62176,1.62163,1.34,1.69
2014.09.11,00:28:12.319,1.62174,1.62162,1,1.69
2014.09.11,00:28:12.824,1.62177,1.62164,3.26,1
2014.09.11,00:28:17.573,1.62176,1.62164,1.36,1
2014.09.11,00:28:18.079,1.62176,1.62163,2.59,1
2014.09.11,00:28:18.585,1.62176,1.62164,1.26,1
2014.09.11,00:28:19.132,1.62177,1.62164,3.64,1
2014.09.11,00:28:22.249,1.62177,1.62162,3.64,1.69
2014.09.11,00:28:24.446,1.62177,1.62162,2.89,1.69
2014.09.11,00:28:24.811,1.62174,1.62162,1.31,1
2014.09.11,00:28:25.317,1.62175,1.62161,4.01,1.25
2014.09.11,00:28:25.823,1.62175,1.62161,3.26,1.19
2014.09.11,00:28:26.361,1.62175,1.62161,2.51,1.19
2014.09.11,00:28:31.524,1.62175,1.62161,2.51,1
2014.09.11,00:28:32.042,1.62176,1.62162,2.51,1
2014.09.11,00:28:32.588,1.62175,1.62161,1.26,1
2014.09.11,00:28:33.748,1.62175,1.62161,1.69,1.25
2014.09.11,00:28:34.078,1.62175,1.62161,1.09,1.25
2014.09.11,00:28:35.610,1.62175,1.62162,1.09,1
2014.09.11,00:28:36.119,1.62175,1.62161,1.09,1.25
2014.09.11,00:28:37.886,1.62175,1.62165,1.09,1
2014.09.11,00:28:38.394,1.62178,1.62165,1.31,1.16
2014.09.11,00:28:38.957,1.62179,1.62165,1.19,1.01
2014.09.11,00:28:40.198,1.62179,1.62165,1.19,1.09
2014.09.11,00:28:42.289,1.62179,1.62165,1.29,1.01
2014.09.11,00:28:42.594,1.62179,1.62165,1.19,2.51
2014.09.11,00:28:43.098,1.62179,1.62165,1.19,1.25
2014.09.11,00:28:44.288,1.62178,1.62165,1.19,1.1
2014.09.11,00:28:48.589,1.62178,1.62164,3.64,1.1
2014.09.11,00:28:51.185,1.62179,1.62164,2.96,1
2014.09.11,00:28:51.784,1.62179,1.62166,2.21,1
2014.09.11,00:28:53.013,1.6218,1.62166,2.06,1.69
2014.09.11,00:28:53.678,1.6218,1.62166,1.87,1.69
2014.09.11,00:28:54.184,1.6218,1.62171,1,1
2014.09.11,00:28:54.438,1.62187,1.62173,2.51,1.69
2014.09.11,00:28:54.794,1.62186,1.62176,1.12,1.69
2014.09.11,00:28:55.199,1.62187,1.62173,5.44,1.69
2014.09.11,00:28:55.302,1.62186,1.62173,1.31,1.07
2014.09.11,00:28:55.808,1.62186,1.62173,1.31,1
2014.09.11,00:28:56.359,1.62186,1.62173,1.31,1.17
2014.09.11,00:28:56.927,1.62186,1.62173,1.31,1.1
2014.09.11,00:28:57.891,1.62187,1.62173,6.19,1.09
2014.09.11,00:28:58.797,1.62186,1.62173,1.56,1.2
2014.09.11,00:29:05.320,1.62185,1.62173,2.06,1.1
2014.09.11,00:29:06.959,1.62185,1.62173,1.31,1
2014.09.11,00:29:13.366,1.62185,1.62173,1.39,1
2014.09.11,00:29:15.149,1.62186,1.62172,3.71,1
2014.09.11,00:29:15.354,1.62185,1.6217,1.39,1.69
2014.09.11,00:29:16.186,1.62184,1.6217,1.01,1.01
2014.09.11,00:29:16.699,1.62184,1.6217,1.39,1
2014.09.11,00:29:18.495,1.62184,1.6217,1.76,1
2014.09.11,00:29:19.183,1.62184,1.6217,1.26,1
2014.09.11,00:29:20.900,1.62184,1.6217,1.76,1
2014.09.11,00:29:22.332,1.62184,1.62171,1.29,1
2014.09.11,00:29:22.537,1.62181,1.62167,5.25,2.59
2014.09.11,00:29:22.589,1.62181,1.62167,6.19,1.69
2014.09.11,00:29:23.045,1.62175,1.62166,4.5,1.01
2014.09.11,00:29:23.552,1.62175,1.62165,4.5,1
2014.09.11,00:29:24.060,1.62178,1.62165,1.39,1
2014.09.11,00:29:24.691,1.62178,1.62164,1.39,2.51
2014.09.11,00:29:32.006,1.62177,1.62164,1.46,1
2014.09.11,00:29:33.283,1.62177,1.62164,1.46,1.25
2014.09.11,00:29:36.591,1.62178,1.62164,1.84,1
2014.09.11,00:29:37.607,1.62178,1.62164,2.59,1.25
2014.09.11,00:29:38.622,1.62178,1.62164,1.76,1.25
2014.09.11,00:29:39.203,1.62178,1.62164,1.84,1.69
2014.09.11,00:29:39.912,1.6218,1.62165,2.96,1.69
2014.09.11,00:29:40.419,1.62182,1.62167,1.76,2.44
2014.09.11,00:29:40.726,1.62184,1.6217,1.46,2.44
2014.09.11,00:29:41.801,1.62185,1.62171,1.26,1.19
2014.09.11,00:29:42.624,1.62186,1.62171,2.59,1.19
2014.09.11,00:29:43.916,1.62185,1.62171,1.01,1.19
2014.09.11,00:29:45.138,1.62185,1.62171,1.76,1.25
2014.09.11,00:29:45.240,1.62183,1.62171,1.32,1.25
2014.09.11,00:29:45.443,1.62184,1.62171,1.84,1.25
2014.09.11,00:29:46.152,1.62183,1.62168,1.39,2.44
2014.09.11,00:29:54.145,1.62184,1.62168,3.64,1.76
2014.09.11,00:29:54.752,1.62182,1.62168,1.25,1.69
2014.09.11,00:29:59.150,1.62184,1.62168,5.59,1.76
2014.09.11,00:30:00.475,1.62184,1.62168,6.64,1.84
2014.09.11,00:30:00.830,1.62184,1.6217,5.51,1
2014.09.11,00:30:01.336,1.62185,1.62169,2.51,2.51
2014.09.11,00:30:01.541,1.62184,1.62169,1.26,1.57
2014.09.11,00:30:01.948,1.62182,1.62167,2.51,1.87
2014.09.11,00:30:02.455,1.62181,1.62166,1.01,2.44
2014.09.11,00:30:03.525,1.62181,1.62166,1.76,1.5
2014.09.11,00:30:04.158,1.6218,1.62166,1.36,1.69
2014.09.11,00:30:05.179,1.62179,1.62165,1.25,1.69
2014.09.11,00:30:06.151,1.62179,1.62165,1.69,1.69
2014.09.11,00:30:07.656,1.62179,1.62167,1.29,1
2014.09.11,00:30:08.163,1.62179,1.62165,1.29,1.76
2014.09.11,00:30:08.467,1.6218,1.62164,1.36,2.14
2014.09.11,00:30:08.988,1.6218,1.62164,1.76,2.14
2014.09.11,00:30:11.717,1.6218,1.62165,1.84,1.76
2014.09.11,00:30:12.265,1.6218,1.62165,1.76,1.01
2014.09.11,00:30:12.774,1.6218,1.62165,2.44,1
2014.09.11,00:30:14.123,1.6218,1.62164,2.51,2.14
2014.09.11,00:30:14.638,1.62179,1.62164,1.36,1.95
2014.09.11,00:30:17.369,1.62179,1.62164,1.36,2.14
2014.09.11,00:30:17.883,1.62179,1.62165,1.36,1.12
2014.09.11,00:30:18.660,1.62179,1.62167,1.36,1
2014.09.11,00:30:21.924,1.62179,1.62167,1.19,1.1
2014.09.11,00:30:22.686,1.62179,1.62165,1.19,1.32
2014.09.11,00:30:23.195,1.6218,1.62165,2.59,1.12
2014.09.11,00:30:23.826,1.62177,1.62164,1.25,1.95
2014.09.11,00:30:25.134,1.62176,1.62164,1.19,1.5
2014.09.11,00:30:26.293,1.62176,1.62164,1.25,1.5
2014.09.11,00:30:27.917,1.62175,1.62164,1.19,1.1
2014.09.11,00:30:28.445,1.62175,1.62165,1.19,1
2014.09.11,00:30:28.971,1.62176,1.62164,1.19,1.5
2014.09.11,00:30:34.908,1.62176,1.62165,1.19,1
2014.09.11,00:30:36.704,1.62176,1.62166,1.19,1.5
2014.09.11,00:30:37.514,1.62176,1.62165,1.19,1.12
2014.09.11,00:30:38.048,1.62176,1.62165,1.25,1.12
2014.09.11,00:30:41.224,1.62175,1.62165,1.25,1
2014.09.11,00:30:42.266,1.62175,1.62165,1.19,1
2014.09.11,00:30:52.851,1.62177,1.62165,1.25,1.12
2014.09.11,00:30:53.445,1.62177,1.62166,1.25,1
2014.09.11,00:30:53.952,1.62177,1.62165,1.25,1.12
2014.09.11,00:30:54.104,1.62175,1.62163,1.19,2.32
2014.09.11,00:30:54.610,1.62175,1.62163,1.39,1
2014.09.11,00:30:55.280,1.62173,1.62163,1.19,1
2014.09.11,00:30:55.540,1.62173,1.62161,1.19,1
2014.09.11,00:30:56.363,1.62173,1.6216,1.19,2.51
2014.09.11,00:30:56.869,1.62172,1.62161,1.19,1
2014.09.11,00:30:57.377,1.62172,1.62161,1.19,1.17
2014.09.11,00:30:58.369,1.62172,1.62161,1.19,1
2014.09.11,00:31:00.739,1.62172,1.62161,1.25,1
2014.09.11,00:31:01.129,1.62174,1.62162,1.25,1.5
2014.09.11,00:31:01.180,1.62174,1.62166,1.25,1
2014.09.11,00:31:02.229,1.62175,1.62166,1.25,1
2014.09.11,00:31:03.394,1.62175,1.62164,1.25,1.12
2014.09.11,00:31:03.496,1.62175,1.62165,1.25,1.07
2014.09.11,00:31:04.005,1.62175,1.62165,1.25,1
2014.09.11,00:31:13.121,1.62175,1.62163,1.19,1.2
2014.09.11,00:31:13.324,1.62175,1.62161,1.19,1.57
2014.09.11,00:31:13.678,1.62175,1.6216,3.26,1.09
2014.09.11,00:31:14.134,1.62172,1.62159,1.25,3.26
2014.09.11,00:31:15.327,1.62172,1.62159,1.19,3.26
2014.09.11,00:31:16.780,1.62172,1.62159,1.19,2.59
2014.09.11,00:31:18.812,1.62172,1.62158,1.19,1.39
2014.09.11,00:31:19.775,1.62172,1.62159,1.25,1
2014.09.11,00:31:20.780,1.62171,1.62159,1.19,1
2014.09.11,00:31:21.291,1.62171,1.62158,1.19,1.09
2014.09.11,00:31:24.116,1.62171,1.62159,1.19,1
2014.09.11,00:31:24.554,1.62168,1.62157,1.25,1.07
2014.09.11,00:31:25.060,1.62168,1.62156,1.25,1.09
2014.09.11,00:31:26.759,1.62167,1.62156,1.25,1.17
2014.09.11,00:31:30.879,1.62167,1.62156,1.19,1.17
2014.09.11,00:31:31.718,1.62166,1.62153,1.25,2.32
2014.09.11,00:31:32.682,1.62165,1.62153,1.19,2.32
2014.09.11,00:31:34.280,1.62166,1.62153,1.69,3.26
2014.09.11,00:31:34.891,1.62167,1.62153,1.69,2.14
2014.09.11,00:31:35.425,1.62167,1.62153,3.19,1.95
2014.09.11,00:31:36.421,1.62166,1.62153,1.19,1.95
2014.09.11,00:31:39.183,1.62165,1.62153,1.19,1.95
2014.09.11,00:31:41.188,1.62164,1.62153,2.44,1.87
2014.09.11,00:31:41.713,1.62164,1.62152,2.44,1.2
2014.09.11,00:31:41.866,1.62164,1.62153,2.44,1.2
2014.09.11,00:31:43.835,1.62164,1.62154,2.44,1.07
2014.09.11,00:31:45.406,1.62163,1.62154,1.25,1.07
2014.09.11,00:31:45.608,1.62166,1.62153,1.19,1.2
2014.09.11,00:31:50.508,1.62166,1.62153,1.69,1.2
2014.09.11,00:31:53.135,1.62166,1.62153,3.19,1.2
2014.09.11,00:31:53.685,1.62166,1.62152,3.19,1.52
2014.09.11,00:31:54.210,1.62166,1.62153,3.19,1.45
2014.09.11,00:31:54.750,1.62166,1.62152,2.44,1.95
2014.09.11,00:31:55.865,1.62164,1.62152,1.19,1.95
2014.09.11,00:31:56.371,1.62164,1.62152,1.19,2.02
2014.09.11,00:31:57.458,1.62166,1.62152,3.94,2.02
2014.09.11,00:32:00.173,1.62164,1.62152,1.25,2.21
2014.09.11,00:32:05.534,1.62163,1.6215,1.25,4.31
2014.09.11,00:32:22.398,1.62163,1.62151,1.19,2.62
2014.09.11,00:32:22.602,1.62165,1.62152,1.25,1.15
2014.09.11,00:32:24.323,1.62165,1.62152,1.69,1.71
2014.09.11,00:32:28.879,1.62164,1.62152,1.25,2.21
2014.09.11,00:32:29.932,1.62165,1.62152,1.69,1.52
2014.09.11,00:32:30.983,1.62164,1.62151,2.44,3.56
2014.09.11,00:32:36.621,1.62166,1.62151,1.69,2.81
2014.09.11,00:32:37.127,1.62166,1.62153,1.25,1.57
2014.09.11,00:32:37.638,1.62167,1.62153,2.44,2.21
2014.09.11,00:32:38.144,1.62167,1.62154,1.25,1.37
2014.09.11,00:32:41.704,1.62166,1.62154,1.25,1.37
2014.09.11,00:32:47.231,1.62166,1.62153,1.69,1.57
2014.09.11,00:32:50.118,1.62165,1.62152,2.44,2.21
2014.09.11,00:32:52.335,1.62166,1.62154,1.69,1.37
2014.09.11,00:32:54.827,1.62166,1.62152,1.25,3.64
2014.09.11,00:32:55.845,1.62165,1.62154,1.19,1.47
2014.09.11,00:32:57.944,1.62166,1.62154,1.25,1.37
2014.09.11,00:33:04.368,1.62167,1.62155,1.25,1.12
2014.09.11,00:33:04.882,1.62167,1.62153,1.69,2.06
2014.09.11,00:33:05.686,1.62166,1.62155,1,1
2014.09.11,00:33:06.806,1.62166,1.62153,1.69,1.5
2014.09.11,00:33:07.008,1.62166,1.62155,1.69,1
2014.09.11,00:33:07.879,1.62166,1.62154,1.76,1
2014.09.11,00:33:10.306,1.62166,1.62151,2.51,2.14
2014.09.11,00:33:11.507,1.62166,1.62151,1.76,2.21
2014.09.11,00:33:11.813,1.62164,1.6215,1.25,5.06
2014.09.11,00:33:12.496,1.62164,1.62151,1.25,2.14
2014.09.11,00:33:13.019,1.62165,1.6215,1.19,1.67
2014.09.11,00:33:13.768,1.62166,1.62152,3.26,1.2
2014.09.11,00:33:14.285,1.62165,1.62152,1.25,1.2
2014.09.11,00:33:14.920,1.62165,1.62152,1.25,1.12
2014.09.11,00:33:15.597,1.62165,1.62152,3.19,1.31
2014.09.11,00:33:16.290,1.62165,1.62152,1.69,1.2
2014.09.11,00:33:18.407,1.62164,1.6215,2.44,2.14
2014.09.11,00:33:18.915,1.62165,1.6215,2.44,2.89
2014.09.11,00:33:19.523,1.62165,1.62152,1.69,1.2
2014.09.11,00:33:20.029,1.62165,1.62152,1.25,1.2
2014.09.11,00:33:20.898,1.62166,1.62152,2.44,1.31
2014.09.11,00:33:21.444,1.62165,1.62152,1,2.06
2014.09.11,00:33:21.952,1.62164,1.62153,1,1.12
2014.09.11,00:33:27.682,1.62164,1.6215,1,1.74
2014.09.11,00:33:28.188,1.62163,1.62149,1,4.01
2014.09.11,00:33:28.289,1.62163,1.62149,1,3.64
2014.09.11,00:33:35.346,1.62164,1.6215,1,1.74
2014.09.11,00:33:35.448,1.62161,1.62149,1,3.64
2014.09.11,00:33:35.652,1.6216,1.62149,1.25,1.2
2014.09.11,00:33:35.704,1.62159,1.62149,3.75,1.07
2014.09.11,00:33:35.756,1.62158,1.62146,1.12,1.2
2014.09.11,00:33:35.857,1.62155,1.62144,1,1.09
2014.09.11,00:33:35.959,1.62155,1.62141,1,1.76
2014.09.11,00:33:36.062,1.62152,1.62139,1,1.26
2014.09.11,00:33:36.366,1.6215,1.62138,1.76,1
2014.09.11,00:33:36.468,1.62146,1.62136,1,1
2014.09.11,00:33:36.721,1.62144,1.62132,1.5,2.25
2014.09.11,00:33:36.772,1.62141,1.62132,1,1.5
2014.09.11,00:33:37.026,1.62141,1.62127,1.69,1.19
2014.09.11,00:33:38.393,1.6214,1.62126,1.76,2.14
2014.09.11,00:33:39.360,1.6214,1.62126,1.32,2.14
2014.09.11,00:33:40.305,1.62136,1.62126,1,1.39
2014.09.11,00:33:40.406,1.62138,1.62126,1.2,1.39
2014.09.11,00:33:40.912,1.62138,1.62126,1.15,1.39
2014.09.11,00:33:42.777,1.62138,1.62126,1.15,1.39
2014.09.11,00:33:44.744,1.62139,1.62126,1.76,1.39
2014.09.11,00:33:45.769,1.62139,1.62126,1.3,1.2
2014.09.11,00:33:48.141,1.62138,1.62124,1.36,2.06
2014.09.11,00:33:51.348,1.62137,1.62124,1.76,1.69
2014.09.11,00:33:51.856,1.62135,1.62123,1.32,1.31
2014.09.11,00:33:52.008,1.62133,1.62121,1.57,1.31
2014.09.11,00:33:52.059,1.62133,1.62121,1.69,1.12
2014.09.11,00:33:52.111,1.62133,1.6212,1.01,1.5
2014.09.11,00:33:52.162,1.62131,1.6212,1.32,1
2014.09.11,00:33:52.365,1.62129,1.62117,1.29,1
2014.09.11,00:33:52.466,1.62127,1.62115,1.19,1
2014.09.11,00:33:52.770,1.62123,1.62114,1.29,1.5
2014.09.11,00:33:52.972,1.62118,1.62106,1.69,2.51
2014.09.11,00:33:53.024,1.62118,1.62105,1.76,1.26
2014.09.11,00:33:53.075,1.62118,1.62102,1.76,1.76
2014.09.11,00:33:53.430,1.62116,1.621,1.07,1.36
2014.09.11,00:33:53.987,1.62116,1.621,1.2,1.39
2014.09.11,00:33:54.509,1.62115,1.62101,1.01,1.76
2014.09.11,00:33:55.026,1.62115,1.621,1.32,1.29
2014.09.11,00:33:55.536,1.62115,1.621,1.25,1.29
2014.09.11,00:33:55.892,1.62116,1.621,1.76,1.29
2014.09.11,00:33:56.402,1.62116,1.621,1.19,1.34
2014.09.11,00:33:57.411,1.62119,1.62101,1.5,2.89
2014.09.11,00:33:57.760,1.62119,1.62103,1.34,1.26
2014.09.11,00:33:58.605,1.62121,1.62104,4.01,1.76
2014.09.11,00:33:59.115,1.62122,1.62106,1.76,1.32
2014.09.11,00:33:59.430,1.62122,1.62104,2.51,1.76
2014.09.11,00:33:59.938,1.62121,1.62105,1.36,1.19
2014.09.11,00:34:01.785,1.62122,1.62106,2.51,1.29
2014.09.11,00:34:03.616,1.62122,1.62105,1.17,1.01
2014.09.11,00:34:04.122,1.6212,1.62105,1,1.01
2014.09.11,00:34:04.629,1.62121,1.62105,1.01,1.01
2014.09.11,00:34:06.028,1.62121,1.62106,1.25,1.32
2014.09.11,00:34:06.535,1.62121,1.62105,1.01,1.01
2014.09.11,00:34:07.547,1.62122,1.62108,1.19,1
2014.09.11,00:34:08.054,1.62123,1.62109,2.51,1.01
2014.09.11,00:34:09.208,1.62119,1.62106,1.19,1.76
2014.09.11,00:34:09.719,1.62119,1.62105,1.19,1.69
2014.09.11,00:34:09.922,1.62121,1.62106,1.19,1.34
2014.09.11,00:34:15.455,1.62123,1.62107,1,1.34
2014.09.11,00:34:16.674,1.62123,1.62108,1.57,1.29
2014.09.11,00:34:17.324,1.62123,1.62108,1.87,1.39
2014.09.11,00:34:20.244,1.62123,1.62108,2.21,1.19
2014.09.11,00:34:21.871,1.62123,1.62108,2.89,1.19
2014.09.11,00:34:22.381,1.62123,1.62109,1.39,1.19
2014.09.11,00:34:23.071,1.62124,1.62109,1.76,1.19
2014.09.11,00:34:23.251,1.62124,1.62106,1.76,2.14
2014.09.11,00:34:23.352,1.62123,1.62107,1.26,1.26
2014.09.11,00:34:24.376,1.62123,1.62106,1.26,2.51
2014.09.11,00:34:25.457,1.62123,1.62107,1.29,1.39
2014.09.11,00:34:26.049,1.62122,1.62108,1.25,1.31
2014.09.11,00:34:26.151,1.62122,1.62108,1.25,2.14
2014.09.11,00:34:26.455,1.62124,1.62112,1,1.19
2014.09.11,00:34:26.658,1.62128,1.62112,2.51,1.76
2014.09.11,00:34:27.064,1.62128,1.62114,1,1.36
2014.09.11,00:34:27.470,1.62131,1.62118,1.84,1.69
2014.09.11,00:34:27.572,1.62132,1.62118,1,1.84
2014.09.11,00:34:27.674,1.62135,1.62118,2.21,2.51
2014.09.11,00:34:27.876,1.62135,1.6212,1.01,1.19
2014.09.11,00:34:28.383,1.62136,1.62121,1.84,1.69
2014.09.11,00:34:29.195,1.62136,1.62122,1.09,1.19
2014.09.11,00:34:31.178,1.62138,1.62123,1.29,2.14
2014.09.11,00:34:34.468,1.62138,1.62123,1.1,1.26
2014.09.11,00:34:37.292,1.62138,1.62123,1.19,2.51
2014.09.11,00:34:38.317,1.62138,1.62123,1,1.39
2014.09.11,00:34:39.379,1.62138,1.62123,1.69,1.39
2014.09.11,00:34:45.325,1.62138,1.62123,1.25,1.84
2014.09.11,00:34:52.131,1.6214,1.62124,1.76,1.26
2014.09.11,00:34:57.653,1.62141,1.62124,3.64,1.76
2014.09.11,00:34:58.548,1.62141,1.62124,3.64,2.14
2014.09.11,00:34:59.005,1.62141,1.62125,3.64,1.01
2014.09.11,00:34:59.563,1.62141,1.62126,1.39,1.46
2014.09.11,00:35:00.375,1.62141,1.62125,3.64,1.19
2014.09.11,00:35:00.934,1.6214,1.62125,1.76,1.19
2014.09.11,00:35:03.346,1.6214,1.62125,1.26,1.69
2014.09.11,00:35:04.776,1.6214,1.62125,1.32,1.19
2014.09.11,00:35:07.843,1.6214,1.62125,2.51,1.25
2014.09.11,00:35:17.273,1.6214,1.62125,1.3,1.19
2014.09.11,00:35:17.577,1.62143,1.62134,1,1.19
2014.09.11,00:35:17.881,1.62143,1.62136,1,1.36
2014.09.11,00:35:17.984,1.62151,1.62136,1.29,1.36
2014.09.11,00:35:18.388,1.62152,1.62138,1.3,1.69
2014.09.11,00:35:18.490,1.62153,1.62139,1.65,2.44
2014.09.11,00:35:19.469,1.62155,1.6214,1.5,1.19
2014.09.11,00:35:21.255,1.62156,1.6214,1.97,1.31
2014.09.11,00:35:21.785,1.62156,1.6214,1.69,1.31
2014.09.11,00:35:22.287,1.62156,1.62141,1.5,1.19
2014.09.11,00:35:28.034,1.62157,1.62141,1.76,1.69
2014.09.11,00:35:28.807,1.62157,1.62141,1.32,1.76
2014.09.11,00:35:29.326,1.62158,1.62143,1.34,1.25
2014.09.11,00:35:29.377,1.62158,1.62145,1.34,1
2014.09.11,00:35:29.892,1.62158,1.62143,1.01,1.19
2014.09.11,00:35:30.406,1.62158,1.62143,1.76,1.69
2014.09.11,00:35:34.037,1.62158,1.62144,1.76,1.19
2014.09.11,00:35:37.420,1.62159,1.62144,1.17,1.19
2014.09.11,00:35:37.623,1.62159,1.62142,1.26,3.26
2014.09.11,00:35:38.613,1.62159,1.62143,1.76,1.29
2014.09.11,00:35:40.151,1.62158,1.62143,1.3,1.69
2014.09.11,00:35:40.252,1.6216,1.62145,1.76,1.19
2014.09.11,00:35:40.758,1.62159,1.62145,1.32,1.19
2014.09.11,00:35:41.252,1.6216,1.62145,1.84,1.19
2014.09.11,00:35:41.626,1.62159,1.62143,2.44,1.69
2014.09.11,00:35:42.947,1.62159,1.62143,1.09,1.69
2014.09.11,00:35:48.229,1.62159,1.62146,1.17,1.19
2014.09.11,00:35:48.778,1.62159,1.62146,1.07,1.19
2014.09.11,00:35:51.077,1.62159,1.62144,1.32,1.19
2014.09.11,00:35:51.382,1.62161,1.62143,2.51,2.51
2014.09.11,00:35:51.915,1.6216,1.62143,1.76,1.76
2014.09.11,00:35:53.240,1.6216,1.62145,1.76,1.19
2014.09.11,00:35:56.388,1.62159,1.62145,1.3,1.69
2014.09.11,00:35:56.918,1.62159,1.62146,1.07,1.19
2014.09.11,00:35:58.369,1.62159,1.62145,1.32,1.69
2014.09.11,00:35:59.217,1.6216,1.62145,1.76,1.19
2014.09.11,00:36:00.416,1.62159,1.62145,1.22,1.19
2014.09.11,00:36:00.923,1.6216,1.62145,1.69,1.19
2014.09.11,00:36:01.470,1.62159,1.62144,1.76,1.19
2014.09.11,00:36:02.014,1.62158,1.62144,1.76,1
2014.09.11,00:36:02.524,1.62158,1.62142,1.84,1.69
2014.09.11,00:36:02.827,1.62157,1.62142,2.44,2.06
2014.09.11,00:36:04.910,1.62157,1.62142,1.84,2.06
2014.09.11,00:36:05.706,1.62156,1.62142,1.19,1.69
2014.09.11,00:36:10.178,1.62157,1.62142,1.84,1.69
2014.09.11,00:36:11.200,1.62156,1.62142,1.39,1.69
2014.09.11,00:36:13.041,1.62156,1.62144,1.36,1
2014.09.11,00:36:14.786,1.62156,1.62143,1.19,2.07
2014.09.11,00:36:14.939,1.62157,1.62145,1,1.75
2014.09.11,00:36:15.446,1.62157,1.62143,1.25,1.39
2014.09.11,00:36:18.986,1.62157,1.62143,1.09,1.19
2014.09.11,00:36:19.571,1.62157,1.62143,1.25,1.19
2014.09.11,00:36:24.140,1.62158,1.6214,1.01,2.89
2014.09.11,00:36:24.241,1.62157,1.6214,1.26,2.14
2014.09.11,00:36:24.545,1.62153,1.62139,1.69,1.31
2014.09.11,00:36:25.052,1.6215,1.62139,1,1.31
2014.09.11,00:36:25.427,1.6215,1.62136,1,1.69
2014.09.11,00:36:25.630,1.6215,1.62136,1.57,1.19
2014.09.11,00:36:27.454,1.62148,1.62135,1.1,1.19
2014.09.11,00:36:27.557,1.62148,1.62134,1.76,1.25
2014.09.11,00:36:29.641,1.62148,1.62133,1.26,1.25
2014.09.11,00:36:30.148,1.62147,1.62131,1.3,3.26
2014.09.11,00:36:30.674,1.62148,1.62131,1.26,2.51
2014.09.11,00:36:34.352,1.62147,1.62132,1.26,1.19
2014.09.11,00:36:35.550,1.62148,1.62132,1.69,1.19
2014.09.11,00:36:45.701,1.62146,1.62131,1.29,1.26
2014.09.11,00:36:46.615,1.62142,1.62131,1,1.19
2014.09.11,00:36:46.717,1.62145,1.6213,1.09,1.19
2014.09.11,00:36:48.676,1.62144,1.6213,1,1.19
2014.09.11,00:36:49.214,1.62143,1.6213,1,1.39
2014.09.11,00:36:51.086,1.62143,1.6213,1,1.76
2014.09.11,00:36:54.601,1.62143,1.6213,1.29,1.25
2014.09.11,00:36:56.311,1.6214,1.62126,1,2.14
2014.09.11,00:36:56.718,1.62137,1.62125,1,1.31
2014.09.11,00:36:58.608,1.62137,1.62126,1,1.19
2014.09.11,00:36:59.650,1.62137,1.62125,1,1.19
2014.09.11,00:37:02.857,1.62137,1.62125,1.17,1.19
2014.09.11,00:37:03.428,1.62137,1.62125,1.1,1.19
2014.09.11,00:37:05.262,1.62137,1.62124,1,1.19
2014.09.11,00:37:10.070,1.62137,1.62123,1.1,1.39
2014.09.11,00:37:17.692,1.62137,1.62121,1.01,2.14
2014.09.11,00:37:18.602,1.62136,1.62121,1,2.14
2014.09.11,00:37:18.957,1.62135,1.6212,1.07,1.39
2014.09.11,00:37:19.503,1.62135,1.6212,1,1.39
2014.09.11,00:37:19.961,1.62135,1.6212,1.69,1.19
2014.09.11,00:37:23.601,1.62136,1.6212,3.26,1.19
2014.09.11,00:37:24.114,1.62136,1.62121,1.84,1.19
2014.09.11,00:37:24.885,1.62136,1.6212,1.84,1.31
2014.09.11,00:37:29.007,1.62136,1.62121,1.36,1.29
2014.09.11,00:37:30.787,1.62136,1.62121,1.76,1.19
2014.09.11,00:37:32.739,1.62136,1.62121,1.39,1.19
2014.09.11,00:37:34.016,1.62136,1.6212,1.84,1.36
2014.09.11,00:37:34.992,1.62136,1.62122,1.84,1.19
2014.09.11,00:37:36.305,1.62136,1.62122,1.25,1.19
2014.09.11,00:37:43.333,1.62136,1.62123,1.69,1.25
2014.09.11,00:37:43.852,1.62136,1.62122,3.19,1.2
2014.09.11,00:37:49.185,1.62133,1.62121,1,1.17
2014.09.11,00:37:50.738,1.62135,1.62121,1.19,1.17
2014.09.11,00:37:51.769,1.62135,1.62121,1.69,1.17
2014.09.11,00:37:52.864,1.62134,1.62121,1.19,1.15
2014.09.11,00:37:52.966,1.62135,1.62121,1.19,1.15
2014.09.11,00:37:53.168,1.62136,1.62122,1.69,1.84
2014.09.11,00:37:53.674,1.62138,1.62123,2.89,1
2014.09.11,00:37:54.180,1.62138,1.62122,3.26,1.29
2014.09.11,00:37:54.332,1.62138,1.62125,1.01,1.29
2014.09.11,00:37:54.637,1.62138,1.62131,1,1.19
2014.09.11,00:37:54.688,1.62142,1.62131,1,1.19
2014.09.11,00:37:54.789,1.62145,1.62131,1.25,1.36
2014.09.11,00:37:55.549,1.62147,1.62132,2.06,1.29
2014.09.11,00:37:58.782,1.62147,1.62131,1.69,1.84
2014.09.11,00:37:59.289,1.62146,1.62131,1,1.84
2014.09.11,00:37:59.543,1.62147,1.62133,1,1.19
2014.09.11,00:37:59.950,1.62149,1.62133,1.01,2.51
2014.09.11,00:38:00.052,1.62147,1.62134,1,1.01
2014.09.11,00:38:00.508,1.62149,1.62134,1.69,1.01
2014.09.11,00:38:00.964,1.62149,1.62136,1.1,1.19
2014.09.11,00:38:01.724,1.6215,1.62136,1.76,1.29
2014.09.11,00:38:06.475,1.6215,1.62136,2.59,1.19
2014.09.11,00:38:07.484,1.6215,1.62136,2.51,1.29
2014.09.11,00:38:08.035,1.6215,1.62136,2.51,1.19
2014.09.11,00:38:08.605,1.6215,1.62136,2.51,1.29
2014.09.11,00:38:13.193,1.62147,1.62132,1.1,3.37
2014.09.11,00:38:13.447,1.62142,1.62129,2.44,1.01
2014.09.11,00:38:13.599,1.6214,1.62127,1.19,1.46
2014.09.11,00:38:14.106,1.62138,1.62124,1.01,1.29
2014.09.11,00:38:14.886,1.62138,1.62124,3.26,1.29
2014.09.11,00:38:15.191,1.62136,1.62122,1.19,1.57
2014.09.11,00:38:15.742,1.62136,1.62122,1.19,1.65
2014.09.11,00:38:16.398,1.62135,1.6212,1.69,2.06
2014.09.11,00:38:16.938,1.62135,1.62119,1.69,3.94
2014.09.11,00:38:21.522,1.62134,1.62119,1.25,2.59
2014.09.11,00:38:22.523,1.62134,1.62119,2.44,2.59
2014.09.11,00:38:22.827,1.62132,1.62118,2.44,1.64
2014.09.11,00:38:23.133,1.6213,1.62117,1.19,1.39
2014.09.11,00:38:23.390,1.62129,1.62115,1.32,1.25
2014.09.11,00:38:23.441,1.62127,1.62115,2.44,1
2014.09.11,00:38:23.950,1.62127,1.62113,2.51,1.31
2014.09.11,00:38:24.608,1.62127,1.62111,1.25,2.21
2014.09.11,00:38:25.596,1.62127,1.62111,3.26,1.84
2014.09.11,00:38:29.948,1.62126,1.6211,1.09,2.96
2014.09.11,00:38:30.569,1.62126,1.62115,1.09,1
2014.09.11,00:38:31.429,1.62127,1.62113,3.26,1.5
2014.09.11,00:38:32.570,1.62127,1.62111,1.39,4.09
2014.09.11,00:38:32.672,1.62129,1.62114,2.51,1.69
2014.09.11,00:38:34.535,1.62131,1.62115,1.84,1.84
2014.09.11,00:38:35.447,1.62133,1.62116,3.26,1.39
2014.09.11,00:38:35.750,1.62133,1.62118,1.57,2.21
2014.09.11,00:38:36.055,1.62136,1.62125,1,1.31
2014.09.11,00:38:36.258,1.62141,1.62128,2.14,1
2014.09.11,00:38:36.562,1.62142,1.62128,1.32,1.69
2014.09.11,00:38:36.815,1.62144,1.6213,1.95,1.29
2014.09.11,00:38:37.321,1.62145,1.62132,2.89,1
2014.09.11,00:38:37.831,1.62145,1.62132,1.76,1.19
2014.09.11,00:38:38.034,1.62145,1.62132,1.25,1.19
2014.09.11,00:38:38.755,1.62145,1.62132,1,1.25
2014.09.11,00:38:38.958,1.62145,1.62134,1,1
2014.09.11,00:38:40.426,1.62146,1.62134,1,1
2014.09.11,00:38:40.798,1.62148,1.62134,1.84,1.25
2014.09.11,00:38:41.309,1.62148,1.62134,1.84,1.25
2014.09.11,00:38:45.767,1.62148,1.62134,2.59,1.25
2014.09.11,00:38:47.069,1.62148,1.62134,1.84,1
2014.09.11,00:38:50.812,1.62148,1.62135,1.09,1
2014.09.11,00:38:51.319,1.62149,1.62135,1.26,1
2014.09.11,00:38:52.002,1.62149,1.62135,1.76,1.25
2014.09.11,00:38:52.748,1.62149,1.62134,1.69,2.06
2014.09.11,00:38:53.259,1.62149,1.62134,1.29,1.39
2014.09.11,00:38:54.122,1.6215,1.62134,4.01,1.01
2014.09.11,00:38:55.133,1.62149,1.62133,1.36,3.34
2014.09.11,00:38:55.640,1.62147,1.62134,1.09,1.19
2014.09.11,00:38:56.241,1.62148,1.62133,1.76,1.19
2014.09.11,00:38:59.524,1.62147,1.62133,1.09,1.25
2014.09.11,00:39:00.039,1.62149,1.62133,4.69,1.25
2014.09.11,00:39:00.616,1.62148,1.62133,1.34,1
2014.09.11,00:39:01.933,1.62148,1.62131,1.34,2.59
2014.09.11,00:39:02.693,1.62146,1.62132,1.25,1.32
2014.09.11,00:39:03.390,1.62147,1.62133,1.19,1
2014.09.11,00:39:04.052,1.62147,1.62133,1.69,1.19
2014.09.11,00:39:04.647,1.62144,1.62132,1.25,1.76
2014.09.11,00:39:06.033,1.62144,1.62132,1.29,1.5
2014.09.11,00:39:06.337,1.62142,1.62132,1.19,1.5
2014.09.11,00:39:06.489,1.6214,1.62129,1.19,1.1
2014.09.11,00:39:06.996,1.6214,1.62128,1.19,1
2014.09.11,00:39:07.502,1.62138,1.62125,1.25,2.96
2014.09.11,00:39:08.109,1.62138,1.62125,1.25,2.59
2014.09.11,00:39:08.628,1.62138,1.62125,1.19,1.4
2014.09.11,00:39:10.605,1.62138,1.62125,1.19,1.46
2014.09.11,00:39:11.120,1.62138,1.62125,1.19,1.39
2014.09.11,00:39:11.637,1.62137,1.62125,1.25,1.39
2014.09.11,00:39:12.777,1.62141,1.62125,1.84,2.06
2014.09.11,00:39:13.283,1.62141,1.62126,1.19,1.26
2014.09.11,00:39:13.892,1.62141,1.62125,1.29,3.64
2014.09.11,00:39:14.197,1.62142,1.62127,1.36,1.29
2014.09.11,00:39:14.990,1.62142,1.62126,1.09,1.36
2014.09.11,00:39:16.286,1.62143,1.62127,1.34,1.26
2014.09.11,00:39:17.062,1.62143,1.62127,1.84,1.84
2014.09.11,00:39:21.196,1.62143,1.62129,1.69,1.26
2014.09.11,00:39:22.320,1.62145,1.6213,1.39,1.19
2014.09.11,00:39:23.179,1.62145,1.62131,1.01,1.29
2014.09.11,00:39:24.302,1.62146,1.62132,1.09,1.19
2014.09.11,00:39:24.808,1.62146,1.62133,1.32,1.19
2014.09.11,00:39:27.402,1.62148,1.62133,3.19,1.19
2014.09.11,00:39:29.241,1.62148,1.62133,2.51,1.19
2014.09.11,00:39:33.407,1.62147,1.6213,1.26,3.64
2014.09.11,00:39:35.133,1.62147,1.62131,2.51,1.29
2014.09.11,00:39:39.548,1.62147,1.6213,1.76,3.64
2014.09.11,00:39:43.539,1.62147,1.6213,1.26,4.01
2014.09.11,00:39:48.114,1.62147,1.62131,1.76,1.26
2014.09.11,00:39:57.279,1.62145,1.6213,1,3.26
2014.09.11,00:39:59.848,1.62144,1.6213,1.01,2.44
2014.09.11,00:40:02.864,1.62144,1.6213,1.32,1.19
2014.09.11,00:40:03.901,1.62144,1.6213,1.25,1.19
2014.09.11,00:40:05.506,1.62144,1.6213,1.32,1.19
2014.09.11,00:40:06.406,1.62144,1.6213,1.01,1.19
2014.09.11,00:40:07.165,1.62144,1.62129,1.76,1.19
2014.09.11,00:40:07.672,1.62144,1.62128,1.84,2.21
2014.09.11,00:40:12.035,1.62145,1.62128,2.59,2.14
2014.09.11,00:40:12.187,1.62145,1.6213,2.44,1.32
2014.09.11,00:40:12.693,1.62143,1.62129,1,1.26
2014.09.11,00:40:13.098,1.62144,1.62131,1.69,1.26
2014.09.11,00:40:13.605,1.62147,1.62131,1.29,1.76
2014.09.11,00:40:14.225,1.62148,1.62132,2.51,1.29
2014.09.11,00:40:16.325,1.6215,1.62134,3.64,1.25
2014.09.11,00:40:16.857,1.62149,1.62135,1.36,1
2014.09.11,00:40:17.370,1.62149,1.62135,3.26,1
2014.09.11,00:40:18.029,1.62149,1.62135,2.51,1.69
2014.09.11,00:40:20.020,1.62149,1.62135,2.44,1.69
2014.09.11,00:40:22.115,1.6215,1.62136,1.25,2.59
2014.09.11,00:40:23.215,1.62153,1.62136,4.01,1.84
2014.09.11,00:40:23.742,1.6215,1.62136,1.1,1.29
2014.09.11,00:40:24.342,1.6215,1.62136,1.07,1.31
2014.09.11,00:40:24.849,1.62149,1.62136,1.07,1.31
2014.09.11,00:40:25.356,1.62149,1.62136,2.32,1.25
2014.09.11,00:40:25.862,1.62148,1.62134,1,2.06
2014.09.11,00:40:26.625,1.62148,1.62135,1,1.19
2014.09.11,00:40:28.858,1.62148,1.62135,1.07,1.19
2014.09.11,00:40:31.024,1.6215,1.62135,3.26,1.19
2014.09.11,00:40:31.621,1.6215,1.62135,2.59,1.19
2014.09.11,00:40:32.453,1.6215,1.62134,2.59,2.81
2014.09.11,00:40:33.737,1.62148,1.62134,1,2.81
2014.09.11,00:40:51.577,1.62148,1.62134,1.84,1.69
2014.09.11,00:40:52.948,1.62148,1.62134,1.76,1.76
2014.09.11,00:40:55.930,1.62149,1.62135,1.76,1.76
2014.09.11,00:40:59.891,1.62149,1.62135,1.57,1.39
2014.09.11,00:41:01.028,1.62149,1.62135,1.76,1.01
2014.09.11,00:41:01.534,1.62149,1.62135,1.76,1.25
2014.09.11,00:41:02.148,1.62149,1.62135,1.69,1.25
2014.09.11,00:41:21.536,1.62149,1.62134,1.76,1.19
2014.09.11,00:41:24.932,1.62148,1.62135,1.84,1.19
2014.09.11,00:41:25.236,1.62149,1.62135,1.1,1.29
2014.09.11,00:41:27.346,1.62149,1.62135,1.19,1.19
2014.09.11,00:41:32.565,1.62149,1.62135,1.09,1.69
2014.09.11,00:41:33.074,1.62149,1.62135,1.76,1.76
2014.09.11,00:41:36.696,1.62149,1.62135,1.76,1.25
2014.09.11,00:41:37.466,1.62149,1.62135,1.09,1.25
2014.09.11,00:41:37.979,1.6215,1.62136,1.76,1.25
2014.09.11,00:41:41.719,1.62148,1.62137,1.57,1
2014.09.11,00:41:43.329,1.62148,1.62137,1.07,1.25
2014.09.11,00:41:43.836,1.62148,1.62137,1.2,1.25
2014.09.11,00:41:44.445,1.62149,1.62137,1.84,1.25
2014.09.11,00:41:55.315,1.62148,1.62137,1,1.25
2014.09.11,00:42:05.630,1.62149,1.62137,1.69,1.25
2014.09.11,00:42:09.081,1.62149,1.62137,1.1,1.19
2014.09.11,00:42:12.381,1.62149,1.62137,1.01,1.25
2014.09.11,00:42:19.680,1.62149,1.62137,1.07,1
2014.09.11,00:42:21.114,1.62149,1.62137,1.1,1
2014.09.11,00:42:23.685,1.62149,1.62139,1.01,1
2014.09.11,00:42:23.991,1.62148,1.62136,1,2.21
2014.09.11,00:42:24.531,1.62148,1.62136,1,2.81
2014.09.11,00:42:27.617,1.62148,1.6214,1,1.85
2014.09.11,00:42:27.719,1.62151,1.62142,1,1.69
2014.09.11,00:42:27.821,1.62155,1.62142,2.32,1.69
2014.09.11,00:42:28.430,1.62156,1.62142,1.09,1.62
2014.09.11,00:42:28.936,1.62158,1.62144,4.76,1
2014.09.11,00:42:29.711,1.62157,1.62144,1.32,1
2014.09.11,00:42:30.218,1.62158,1.62144,3.26,1
2014.09.11,00:42:31.053,1.62155,1.62144,1,1
2014.09.11,00:42:39.830,1.62155,1.62144,1,1.19
2014.09.11,00:42:40.356,1.62156,1.62144,1.57,1.19
2014.09.11,00:42:40.963,1.62156,1.62143,1.25,1.39
2014.09.11,00:42:44.124,1.62156,1.62143,1.69,1.1
2014.09.11,00:42:47.145,1.62156,1.62143,2.14,1
2014.09.11,00:42:56.459,1.62155,1.62142,2.14,1.5
2014.09.11,00:43:04.143,1.62154,1.62141,1.62,1.5
2014.09.11,00:43:05.166,1.62153,1.62141,1.31,1
2014.09.11,00:43:05.820,1.62153,1.6214,1.31,1.76
2014.09.11,00:43:07.562,1.62153,1.62141,2.14,1
2014.09.11,00:43:10.670,1.62153,1.62141,2.06,2.25
2014.09.11,00:43:18.083,1.62153,1.62141,2.06,2.25
2014.09.11,00:43:20.126,1.62154,1.62142,2.14,1
2014.09.11,00:43:20.177,1.62154,1.62144,2.14,1
2014.09.11,00:43:20.584,1.62154,1.62142,2.14,1
2014.09.11,00:43:21.190,1.62152,1.62141,1.31,1
2014.09.11,00:43:37.900,1.62152,1.6214,1.31,2.51
2014.09.11,00:43:41.251,1.62152,1.62141,1.31,1
2014.09.11,00:43:53.660,1.62152,1.6214,1.31,2.81
2014.09.11,00:43:54.190,1.62152,1.6214,1.46,2.1
2014.09.11,00:43:59.238,1.62153,1.6214,1.46,3
2014.09.11,00:44:00.766,1.62153,1.6214,1.46,2.25
2014.09.11,00:44:02.784,1.62152,1.6214,1.25,2.44
2014.09.11,00:44:04.262,1.62152,1.6214,1.62,2.81
2014.09.11,00:44:05.533,1.62152,1.62141,1.62,1
2014.09.11,00:44:11.575,1.62152,1.6214,1.76,3
2014.09.11,00:44:13.623,1.62152,1.6214,1.31,3.19
2014.09.11,00:44:14.982,1.62152,1.62141,1.31,1
2014.09.11,00:44:18.624,1.62152,1.62141,1.31,1
2014.09.11,00:44:19.602,1.62152,1.62141,1.31,1.5
2014.09.11,00:44:25.889,1.62153,1.62139,2.06,1.69
2014.09.11,00:44:26.193,1.62151,1.62139,1.37,1.25
2014.09.11,00:44:26.497,1.62149,1.62137,1.29,1.5
2014.09.11,00:44:26.902,1.62149,1.62135,1.29,2.51
2014.09.11,00:44:27.660,1.62148,1.62137,1.25,1.5
2014.09.11,00:44:28.184,1.62148,1.62136,1.25,1.25
2014.09.11,00:44:28.714,1.62146,1.62136,1,1
2014.09.11,00:44:28.866,1.62145,1.62131,1.65,2.44
2014.09.11,00:44:29.221,1.62144,1.62129,1.32,2.96
2014.09.11,00:44:29.423,1.62144,1.62132,1.09,1
2014.09.11,00:44:29.525,1.62144,1.6213,1.09,1.25
2014.09.11,00:44:30.081,1.62142,1.6213,1,1.25
2014.09.11,00:44:30.536,1.6214,1.62127,1.19,1.25
2014.09.11,00:44:30.842,1.62136,1.62125,1.25,2.25
2014.09.11,00:44:30.894,1.62135,1.62124,1,1.1
2014.09.11,00:44:30.945,1.62135,1.62122,1.1,1.01
