Date,Time,Ask,Bid,AskVolume,BidVolume
11-09-2014,00:00:00.000,0.93698,0.93686,1.17,1.87
11-09-2014,00:00:01.027,0.93698,0.93685,1.17,1.1
11-09-2014,00:00:01.892,0.93698,0.93685,1.15,1
11-09-2014,00:00:02.401,0.93698,0.93685,1.17,1.1
11-09-2014,00:00:02.915,0.93698,0.93685,1.15,1
11-09-2014,00:00:03.423,0.93698,0.93685,1.27,1.2
11-09-2014,00:00:03.575,0.93698,0.93685,1.27,1.12
11-09-2014,00:00:06.567,0.93698,0.93685,1.15,1.12
11-09-2014,00:00:07.207,0.93698,0.93685,1.15,1.12
11-09-2014,00:00:07.512,0.93698,0.93685,1.15,1.12
11-09-2014,00:00:10.883,0.93698,0.93685,1.52,1
11-09-2014,00:00:12.606,0.93698,0.93685,1.52,1
11-09-2014,00:00:14.103,0.93698,0.93685,1.52,1
11-09-2014,00:00:14.635,0.93698,0.93685,1.1,1.17
11-09-2014,00:00:14.686,0.93698,0.93685,1.07,1.1
11-09-2014,00:00:15.193,0.93698,0.93685,1.2,1.1
11-09-2014,00:00:16.082,0.93698,0.93685,1.27,1
11-09-2014,00:00:16.590,0.93698,0.93685,1.07,1
11-09-2014,00:00:16.901,0.93698,0.93685,1.15,1
11-09-2014,00:00:23.188,0.93698,0.93685,1.15,1
11-09-2014,00:00:23.968,0.93698,0.93685,1.15,1
11-09-2014,00:00:25.589,0.93698,0.93685,1.15,1
11-09-2014,00:00:33.338,0.93698,0.93685,1.4,1.31
11-09-2014,00:00:33.847,0.93698,0.93685,1.4,1.25
11-09-2014,00:00:34.412,0.93698,0.93685,1.09,1.01
11-09-2014,00:00:34.920,0.93698,0.93685,1.4,1.25
11-09-2014,00:00:35.602,0.93698,0.93685,1.17,1.37
11-09-2014,00:00:36.116,0.93698,0.93685,1.17,1.47
11-09-2014,00:00:36.847,0.93698,0.93685,1.15,2.06
11-09-2014,00:00:37.644,0.93698,0.93685,1.84,1.31
11-09-2014,00:00:38.219,0.93698,0.93685,1.84,1.62
11-09-2014,00:00:41.134,0.93698,0.93685,1.84,1.62
11-09-2014,00:00:41.753,0.93698,0.93685,1.84,1.39
11-09-2014,00:00:42.060,0.93698,0.93685,2.96,1
11-09-2014,00:00:42.112,0.93695,0.93682,1.17,2.89
11-09-2014,00:00:42.669,0.93695,0.93682,1.1,2.59
11-09-2014,00:00:43.176,0.93695,0.93682,1.17,2.51
11-09-2014,00:00:43.971,0.93695,0.93682,1,2.59
11-09-2014,00:00:44.477,0.93695,0.93682,1.07,2.51
11-09-2014,00:00:45.286,0.93695,0.93682,1.55,2.51
11-09-2014,00:00:46.766,0.93695,0.93682,1.57,1.69
11-09-2014,00:00:47.273,0.93695,0.93682,1.47,1.84
11-09-2014,00:00:52.482,0.93695,0.93682,1.77,1.25
11-09-2014,00:00:53.597,0.93695,0.93682,1.77,1.25
11-09-2014,00:00:54.518,0.93695,0.93682,1.55,1.76
11-09-2014,00:00:57.000,0.93695,0.93682,1.2,1.76
11-09-2014,00:01:01.133,0.93695,0.93682,1.45,1.76
11-09-2014,00:01:02.125,0.93695,0.93683,1.45,1.19
11-09-2014,00:01:03.758,0.93695,0.93683,1.47,1.29
11-09-2014,00:01:12.600,0.93695,0.93683,1.47,1.29
11-09-2014,00:01:14.653,0.93695,0.93682,1.47,2.59
11-09-2014,00:01:17.003,0.93695,0.93682,1.55,2.51
11-09-2014,00:01:17.510,0.93695,0.93682,1.55,2.44
11-09-2014,00:01:21.787,0.93695,0.93682,1.55,2.51
11-09-2014,00:01:21.991,0.93695,0.93682,1.55,1.69
11-09-2014,00:01:22.503,0.93695,0.93682,1.52,1.69
11-09-2014,00:01:23.029,0.93695,0.93682,1.52,1.69
11-09-2014,00:01:23.539,0.93695,0.93682,1.52,1.69
11-09-2014,00:01:32.517,0.93695,0.93683,1.77,1
11-09-2014,00:01:33.556,0.93695,0.93683,1.46,1
11-09-2014,00:01:35.183,0.93695,0.93683,1.46,1
11-09-2014,00:01:44.860,0.93697,0.93683,1.09,1.27
11-09-2014,00:01:45.376,0.93697,0.93683,1.4,1.2
11-09-2014,00:01:45.886,0.93697,0.93683,1.46,1.27
11-09-2014,00:01:46.928,0.93697,0.93683,1.09,1.27
11-09-2014,00:01:53.577,0.93697,0.93683,1.84,1.46
11-09-2014,00:01:54.302,0.93697,0.93684,1.84,1
11-09-2014,00:01:55.556,0.93697,0.93684,1.46,1.12
11-09-2014,00:01:56.270,0.93697,0.93684,1.46,1.2
11-09-2014,00:01:58.372,0.93697,0.93684,1.84,1.12
11-09-2014,00:01:58.970,0.93697,0.93684,1.84,1.2
11-09-2014,00:02:00.600,0.93697,0.93684,2.21,1
11-09-2014,00:02:03.862,0.93697,0.93684,1.84,1
11-09-2014,00:02:06.662,0.93697,0.93683,1.84,1.69
11-09-2014,00:02:08.581,0.93697,0.93683,1.84,1.01
11-09-2014,00:02:09.188,0.93697,0.93683,2.21,1.1
11-09-2014,00:02:09.443,0.93694,0.93681,1.46,1.1
11-09-2014,00:02:09.747,0.93693,0.93681,1.4,1
11-09-2014,00:02:10.205,0.93693,0.93681,1.84,1
11-09-2014,00:02:10.612,0.93693,0.93679,2.59,1
11-09-2014,00:02:11.147,0.93692,0.93678,1.4,1.25
11-09-2014,00:02:14.651,0.93691,0.93678,1.71,1
11-09-2014,00:02:14.994,0.93688,0.93677,1.84,1
11-09-2014,00:02:15.299,0.93687,0.93673,1.15,1.76
11-09-2014,00:02:15.807,0.93687,0.93673,1.15,1.69
11-09-2014,00:02:16.348,0.93687,0.93673,1.77,1
11-09-2014,00:02:24.894,0.93686,0.93673,1.71,1.1
11-09-2014,00:02:25.403,0.93687,0.93673,2.21,1.1
11-09-2014,00:02:30.244,0.93685,0.93673,1.36,1
11-09-2014,00:02:30.752,0.93686,0.93673,1.46,1
11-09-2014,00:02:32.225,0.93686,0.93673,1.74,1.1
11-09-2014,00:02:33.935,0.93687,0.93673,2.21,1.25
11-09-2014,00:02:34.712,0.93687,0.93673,2.21,1.01
11-09-2014,00:02:37.995,0.93687,0.93673,2.21,1.76
11-09-2014,00:02:38.352,0.93683,0.93673,1.77,1
11-09-2014,00:02:38.708,0.93681,0.9367,1.09,1
11-09-2014,00:02:39.216,0.93681,0.9367,1.01,1
11-09-2014,00:02:39.723,0.93681,0.9367,1.32,1
11-09-2014,00:02:40.434,0.93681,0.93669,1.09,1
11-09-2014,00:02:40.957,0.93681,0.93669,1.31,1.57
11-09-2014,00:02:41.551,0.93681,0.93669,1.62,1.65
11-09-2014,00:02:42.068,0.93681,0.93669,1.31,1.65
11-09-2014,00:02:42.581,0.93681,0.93669,2.06,1.5
11-09-2014,00:02:47.285,0.93681,0.93669,2.21,1.5
11-09-2014,00:02:48.413,0.93681,0.93669,2.96,1.5
11-09-2014,00:02:48.718,0.93679,0.93667,2.21,1.5
11-09-2014,00:02:54.007,0.93676,0.93664,1.12,1.76
11-09-2014,00:02:54.684,0.93676,0.93664,1.31,1.65
11-09-2014,00:02:55.858,0.93676,0.93664,1.2,1.57
11-09-2014,00:03:00.061,0.93676,0.93664,1.07,1.5
11-09-2014,00:03:00.571,0.93676,0.93664,1.1,1.57
11-09-2014,00:03:01.194,0.93676,0.93664,1,1.57
11-09-2014,00:03:01.704,0.93676,0.93664,1.65,1
11-09-2014,00:03:02.009,0.93671,0.93661,1,1.1
11-09-2014,00:03:09.919,0.93671,0.9366,1,1.1
11-09-2014,00:03:10.427,0.93671,0.93659,1.1,1.76
11-09-2014,00:03:13.311,0.93671,0.93659,1.32,1.5
11-09-2014,00:03:15.021,0.93671,0.93659,1.84,1.5
11-09-2014,00:03:15.530,0.93671,0.93659,1.84,1.5
11-09-2014,00:03:19.036,0.93671,0.93659,1.39,1.57
11-09-2014,00:03:19.340,0.93671,0.93659,1.77,1
11-09-2014,00:03:20.452,0.93671,0.93659,1.77,1
11-09-2014,00:03:20.757,0.93669,0.93657,1.27,1
11-09-2014,00:03:21.061,0.93669,0.93657,2.96,1
11-09-2014,00:03:21.591,0.93669,0.93657,2.96,1
11-09-2014,00:03:23.938,0.93668,0.93657,1.36,1
11-09-2014,00:03:24.243,0.93669,0.93657,2.96,1
11-09-2014,00:03:24.923,0.93669,0.93657,2.21,1
11-09-2014,00:03:25.853,0.93669,0.93657,1.01,1.1
11-09-2014,00:03:26.360,0.93669,0.93657,1,1.17
11-09-2014,00:03:26.942,0.93669,0.93657,1.1,1.2
11-09-2014,00:03:27.449,0.93669,0.93657,1.1,1.76
11-09-2014,00:03:27.956,0.93669,0.93657,1,2.21
11-09-2014,00:03:29.173,0.93669,0.93657,1,2.21
11-09-2014,00:03:29.675,0.93669,0.93657,1,2.21
11-09-2014,00:03:31.167,0.93669,0.93657,1,2.21
11-09-2014,00:03:31.725,0.93672,0.93662,1.29,1
11-09-2014,00:03:32.232,0.93674,0.93662,1.46,1
11-09-2014,00:03:32.540,0.93674,0.93662,1.46,1
11-09-2014,00:03:33.792,0.93674,0.93662,1.71,1
11-09-2014,00:03:35.075,0.93674,0.93662,2.21,1
11-09-2014,00:03:35.481,0.93671,0.93659,1.55,2.06
11-09-2014,00:03:35.988,0.93669,0.93659,1,1.19
11-09-2014,00:03:36.463,0.93669,0.93657,1.07,2.06
11-09-2014,00:03:37.076,0.93669,0.93657,1.2,1.66
11-09-2014,00:03:37.593,0.93669,0.93657,1.17,2.06
11-09-2014,00:03:39.319,0.93669,0.93657,1.2,2.14
11-09-2014,00:03:40.046,0.93669,0.93657,1.17,2.06
11-09-2014,00:03:41.319,0.93669,0.93657,1.17,2.06
11-09-2014,00:03:41.828,0.93669,0.93657,1.1,2.89
11-09-2014,00:03:42.358,0.93669,0.93657,1.17,2.81
11-09-2014,00:03:42.920,0.93669,0.93657,1.1,2.89
11-09-2014,00:03:43.516,0.93669,0.93657,1.07,2.81
11-09-2014,00:03:44.057,0.93669,0.93657,1,2.81
11-09-2014,00:03:45.404,0.93669,0.93658,1.17,1.31
11-09-2014,00:03:48.189,0.93669,0.93658,1.17,2.06
11-09-2014,00:03:48.944,0.93669,0.93658,1.07,2.06
11-09-2014,00:03:49.540,0.93669,0.93659,1,1.62
11-09-2014,00:03:50.503,0.93669,0.93659,1,1.39
11-09-2014,00:03:51.934,0.93669,0.93659,1,1.31
11-09-2014,00:03:55.611,0.93669,0.93659,1.1,1.62
11-09-2014,00:04:09.623,0.93669,0.93661,1,1
11-09-2014,00:04:12.505,0.93672,0.9366,1.4,1.87
11-09-2014,00:04:12.701,0.93674,0.93662,1.4,1
11-09-2014,00:04:12.854,0.93677,0.93666,2.21,1
11-09-2014,00:04:13.110,0.93678,0.93665,1.46,1.87
11-09-2014,00:04:13.620,0.93678,0.93665,1.34,1
11-09-2014,00:04:14.535,0.93678,0.93665,1.84,1
11-09-2014,00:04:15.741,0.93678,0.93665,1.77,1
11-09-2014,00:04:18.811,0.93678,0.93664,2.21,1.69
11-09-2014,00:04:20.856,0.93678,0.93664,2.21,1.25
11-09-2014,00:04:21.367,0.93678,0.93664,2.21,1.25
11-09-2014,00:04:22.224,0.93678,0.93664,2.21,1.25
11-09-2014,00:04:22.747,0.93678,0.93664,2.21,1.25
11-09-2014,00:04:23.669,0.93678,0.93664,2.21,1.31
11-09-2014,00:04:24.202,0.93678,0.93664,1.46,1.2
11-09-2014,00:04:25.955,0.93678,0.93664,1.46,1
11-09-2014,00:04:28.086,0.93678,0.93664,2.96,1.01
11-09-2014,00:04:28.952,0.93677,0.93664,1.71,1
11-09-2014,00:04:29.561,0.93677,0.93664,1.46,1.1
11-09-2014,00:04:31.692,0.93678,0.93664,2.96,1
11-09-2014,00:04:32.301,0.93678,0.93664,2.96,1
11-09-2014,00:04:32.505,0.93675,0.93661,1.27,2.81
11-09-2014,00:04:33.013,0.93672,0.93661,1.1,1.5
11-09-2014,00:04:33.774,0.93672,0.9366,1.17,1.12
11-09-2014,00:04:37.961,0.93672,0.9366,1.25,1
11-09-2014,00:04:38.472,0.93672,0.9366,1.09,1
11-09-2014,00:04:39.132,0.93672,0.9366,1.09,1.37
11-09-2014,00:04:39.184,0.93672,0.93663,1.09,1.5
11-09-2014,00:04:39.286,0.93675,0.93661,1.84,1.84
11-09-2014,00:04:39.439,0.93676,0.93664,1.46,1
11-09-2014,00:04:41.702,0.93677,0.93664,2.21,1
11-09-2014,00:04:42.341,0.93677,0.93664,1.15,2.81
11-09-2014,00:04:42.393,0.93677,0.93664,1.15,2.81
11-09-2014,00:04:42.495,0.93677,0.93666,1.2,1
11-09-2014,00:04:45.227,0.93677,0.93666,1.17,1
11-09-2014,00:04:45.605,0.93677,0.93664,1.17,1.39
11-09-2014,00:04:51.620,0.93677,0.93664,1.2,1.46
11-09-2014,00:04:52.186,0.93677,0.93664,1.27,2.14
11-09-2014,00:05:01.558,0.93677,0.93665,1.07,1.19
11-09-2014,00:05:02.352,0.93677,0.93665,1.1,1.29
11-09-2014,00:05:02.856,0.93677,0.93664,1.1,2.96
11-09-2014,00:05:03.979,0.93677,0.93664,1.07,2.89
11-09-2014,00:05:04.487,0.93677,0.93664,1.1,2.96
11-09-2014,00:05:05.687,0.93677,0.93664,1.07,2.89
11-09-2014,00:05:06.510,0.93677,0.93664,1.07,3.26
11-09-2014,00:05:06.713,0.93679,0.93666,1,2.96
11-09-2014,00:05:06.966,0.93682,0.93669,1.84,1.47
11-09-2014,00:05:07.474,0.93682,0.9367,1.1,1.76
11-09-2014,00:05:08.591,0.93682,0.93671,1,1.76
11-09-2014,00:05:09.721,0.93682,0.9367,1,2.96
11-09-2014,00:05:10.576,0.93682,0.9367,1,2.21
11-09-2014,00:05:11.489,0.93682,0.93672,1,1.32
11-09-2014,00:05:11.997,0.93682,0.93672,1,1.01
11-09-2014,00:05:12.758,0.93682,0.93672,1,1.32
11-09-2014,00:05:13.062,0.93684,0.93673,1,1.1
11-09-2014,00:05:13.572,0.93686,0.93674,1.46,1.5
11-09-2014,00:05:14.281,0.93687,0.93674,1.4,1.87
11-09-2014,00:05:14.891,0.93687,0.93674,1.09,2.06
11-09-2014,00:05:15.398,0.93687,0.93674,1.09,2.06
11-09-2014,00:05:19.174,0.93687,0.93674,1.77,1.76
11-09-2014,00:05:19.733,0.93687,0.93675,1.46,1
11-09-2014,00:05:26.104,0.93687,0.93674,1.46,1.76
11-09-2014,00:05:26.666,0.93687,0.93674,1.4,1.69
11-09-2014,00:05:29.744,0.93687,0.93674,1.46,1.76
11-09-2014,00:05:29.846,0.93686,0.93674,1.71,1.5
11-09-2014,00:05:30.151,0.93682,0.93672,1.1,1
11-09-2014,00:05:30.253,0.93682,0.9367,1.1,1.01
11-09-2014,00:05:30.761,0.93682,0.9367,1.17,1.25
11-09-2014,00:05:32.584,0.93682,0.9367,1.4,1
11-09-2014,00:05:33.242,0.93682,0.9367,1.32,1
11-09-2014,00:05:33.749,0.93682,0.9367,1.46,1
11-09-2014,00:05:36.391,0.93682,0.9367,1.46,1
11-09-2014,00:05:36.908,0.93683,0.93671,1.71,1
11-09-2014,00:05:44.297,0.93683,0.93671,1.46,1
11-09-2014,00:05:44.999,0.93684,0.93671,2.21,1
11-09-2014,00:05:45.519,0.93684,0.93671,2.21,1
11-09-2014,00:05:54.192,0.93683,0.93671,1.39,1
11-09-2014,00:05:58.147,0.93683,0.93671,1.39,1
11-09-2014,00:06:04.761,0.93683,0.93671,1.2,1
11-09-2014,00:06:07.073,0.93683,0.93671,1.27,1
11-09-2014,00:06:07.593,0.93684,0.93671,2.96,1
11-09-2014,00:06:13.256,0.93683,0.93671,1.36,1
11-09-2014,00:06:13.845,0.93683,0.93671,1.34,1
11-09-2014,00:06:14.591,0.93683,0.93671,1.36,1
11-09-2014,00:06:15.186,0.93683,0.93671,1.36,1
11-09-2014,00:06:15.954,0.93683,0.93671,1.36,1
11-09-2014,00:06:18.766,0.93683,0.93671,1.34,1
11-09-2014,00:06:19.480,0.93683,0.93671,1.34,1
11-09-2014,00:06:20.419,0.93684,0.93671,3.71,1
11-09-2014,00:06:20.934,0.93684,0.93671,2.96,1
11-09-2014,00:06:25.142,0.93684,0.93671,2.96,1
11-09-2014,00:06:29.550,0.93684,0.93671,2.96,1
11-09-2014,00:06:32.510,0.93683,0.93671,1.39,1
11-09-2014,00:06:36.487,0.93683,0.9367,1.36,1.1
11-09-2014,00:06:38.366,0.93683,0.9367,1.34,1
11-09-2014,00:06:48.269,0.93683,0.9367,1.36,1.1
11-09-2014,00:06:52.069,0.93684,0.9367,2.21,1.25
11-09-2014,00:06:52.776,0.93684,0.9367,2.21,1.01
11-09-2014,00:06:53.293,0.93684,0.9367,2.21,1.25
11-09-2014,00:06:53.497,0.93684,0.9367,1.76,1.01
11-09-2014,00:06:54.308,0.93684,0.9367,1.46,1.39
11-09-2014,00:06:54.815,0.93685,0.93671,1.71,1.25
11-09-2014,00:07:04.159,0.93684,0.93671,1.46,1.1
11-09-2014,00:07:04.666,0.93684,0.93669,1.46,2.21
11-09-2014,00:07:07.751,0.93684,0.93669,1.46,2.96
11-09-2014,00:07:08.327,0.93684,0.9367,1.46,1.25
11-09-2014,00:07:09.657,0.93685,0.9367,2.21,1.69
11-09-2014,00:07:10.356,0.93685,0.9367,2.21,1.76
11-09-2014,00:07:10.740,0.93685,0.9367,2.21,1.84
11-09-2014,00:07:11.469,0.93685,0.93671,2.21,1.01
11-09-2014,00:07:12.010,0.93685,0.9367,1.46,2.96
11-09-2014,00:07:12.517,0.93685,0.9367,1.46,2.96
11-09-2014,00:07:13.023,0.93685,0.9367,1.46,1.84
11-09-2014,00:07:13.529,0.93685,0.9367,1.46,1.84
11-09-2014,00:07:13.883,0.93686,0.9367,3.71,1.84
11-09-2014,00:07:14.627,0.93686,0.9367,3.71,1.84
11-09-2014,00:07:15.139,0.93686,0.9367,3.71,1.84
11-09-2014,00:07:15.445,0.93686,0.93673,2.96,1
11-09-2014,00:07:16.423,0.93685,0.93673,1.46,1
11-09-2014,00:07:16.778,0.93685,0.93673,1.77,1
11-09-2014,00:07:17.320,0.93685,0.93673,1.77,1
11-09-2014,00:07:26.291,0.93685,0.93673,1.46,1
11-09-2014,00:07:26.819,0.93685,0.93673,1.46,1
11-09-2014,00:07:35.639,0.93685,0.93673,1.77,1
11-09-2014,00:07:35.845,0.93685,0.93673,1.77,1
11-09-2014,00:07:41.782,0.93684,0.93673,1.71,1
11-09-2014,00:07:44.744,0.93684,0.93673,2.21,1
11-09-2014,00:07:44.897,0.93684,0.93671,2.21,1
11-09-2014,00:07:49.797,0.93684,0.93671,1.77,1.25
11-09-2014,00:07:50.406,0.93684,0.93671,1.77,1.25
11-09-2014,00:07:50.508,0.93684,0.93671,1.77,1.25
11-09-2014,00:07:50.610,0.93684,0.93671,1.77,1.25
11-09-2014,00:07:51.015,0.93684,0.93671,2.21,1
11-09-2014,00:07:51.117,0.93684,0.93669,2.96,1.31
11-09-2014,00:07:51.625,0.93684,0.93669,2.21,1.31
11-09-2014,00:07:52.591,0.93683,0.93669,1.84,1.25
11-09-2014,00:07:57.220,0.93682,0.93668,2.21,1.39
11-09-2014,00:07:58.297,0.93682,0.93667,2.96,1.74
11-09-2014,00:08:00.013,0.93682,0.93667,2.21,1.66
11-09-2014,00:08:00.216,0.93682,0.93667,2.21,1.71
11-09-2014,00:08:00.723,0.93682,0.9367,1.36,1
11-09-2014,00:08:01.229,0.93684,0.9367,2.21,1.01
11-09-2014,00:08:02.035,0.93684,0.9367,2.21,1.09
11-09-2014,00:08:02.541,0.93684,0.9367,1.71,1.01
11-09-2014,00:08:03.539,0.93684,0.9367,1.64,1.32
11-09-2014,00:08:04.046,0.93685,0.9367,2.21,1.1
11-09-2014,00:08:07.439,0.93683,0.9367,1.01,1.09
11-09-2014,00:08:07.969,0.93683,0.9367,1.09,1.39
11-09-2014,00:08:08.475,0.93683,0.9367,1.17,2.14
11-09-2014,00:08:09.154,0.93683,0.9367,1,2.21
11-09-2014,00:08:09.699,0.93683,0.9367,1.07,2.14
11-09-2014,00:08:10.553,0.93683,0.9367,1,2.14
11-09-2014,00:08:11.061,0.93683,0.9367,1.17,2.14
11-09-2014,00:08:12.092,0.93685,0.9367,2.96,1.39
11-09-2014,00:08:13.683,0.93685,0.9367,2.96,1.34
11-09-2014,00:08:15.778,0.93685,0.93669,2.21,2.21
11-09-2014,00:08:16.370,0.93685,0.93669,2.14,2.21
11-09-2014,00:08:16.997,0.93685,0.93669,2.21,2.21
11-09-2014,00:08:19.111,0.93685,0.93669,2.21,2.21
11-09-2014,00:08:20.556,0.93685,0.93672,1.46,1
11-09-2014,00:08:22.927,0.93682,0.93672,1,1
11-09-2014,00:08:57.216,0.93682,0.93669,1.1,1.74
11-09-2014,00:09:03.214,0.93682,0.93669,1.17,1.39
11-09-2014,00:09:03.737,0.93682,0.93669,1.1,1.46
11-09-2014,00:09:08.402,0.93682,0.93669,1.07,1.46
11-09-2014,00:09:08.923,0.93682,0.93669,1.1,1.46
11-09-2014,00:09:09.628,0.93682,0.93669,1.17,1.39
11-09-2014,00:09:10.182,0.93682,0.93669,1.1,1.46
11-09-2014,00:09:10.399,0.93682,0.93669,1.15,1.31
11-09-2014,00:09:10.949,0.93682,0.93668,1.4,3.64
11-09-2014,00:09:17.720,0.93682,0.93668,1.09,3.71
11-09-2014,00:09:19.301,0.93682,0.93668,1.15,2.89
11-09-2014,00:09:19.803,0.93682,0.93668,1.17,2.96
11-09-2014,00:09:20.523,0.93682,0.9367,1.17,1
11-09-2014,00:09:31.239,0.93683,0.9367,1.71,1
11-09-2014,00:09:31.750,0.93683,0.9367,1.71,1
11-09-2014,00:09:44.657,0.93684,0.9367,2.21,1.25
11-09-2014,00:09:45.210,0.93684,0.9367,2.96,1.25
11-09-2014,00:09:53.995,0.93684,0.9367,2.21,1.25
11-09-2014,00:09:54.624,0.93684,0.9367,2.21,1.25
11-09-2014,00:09:59.336,0.93682,0.93668,1.46,2.06
11-09-2014,00:10:00.400,0.93682,0.93668,1.4,1.76
11-09-2014,00:10:01.328,0.93682,0.93668,1.46,1.84
11-09-2014,00:10:09.714,0.93683,0.93668,2.96,1.76
11-09-2014,00:10:10.122,0.93682,0.93666,2.21,2.59
11-09-2014,00:10:10.326,0.93679,0.93667,1.15,1
11-09-2014,00:10:10.479,0.93676,0.93664,1,1.09
11-09-2014,00:10:10.987,0.93676,0.93664,1.2,1
11-09-2014,00:10:12.354,0.93676,0.93664,1.17,1
11-09-2014,00:10:12.867,0.93676,0.93664,1.84,1
11-09-2014,00:10:13.475,0.93674,0.93662,1.55,1
11-09-2014,00:10:16.737,0.93674,0.93662,1.39,1.1
11-09-2014,00:10:16.992,0.93674,0.93662,1.1,2.14
11-09-2014,00:10:17.651,0.93676,0.93664,1.09,1.12
11-09-2014,00:10:17.955,0.93679,0.93667,2.59,1
11-09-2014,00:10:18.463,0.93679,0.93667,1.69,1
11-09-2014,00:10:18.767,0.93681,0.93669,1.76,1.12
11-09-2014,00:10:19.124,0.93681,0.9367,1.1,1.37
11-09-2014,00:10:20.298,0.93681,0.9367,1,1.01
11-09-2014,00:10:20.815,0.93681,0.93671,1,1
11-09-2014,00:10:48.545,0.93681,0.93669,1,1.84
11-09-2014,00:10:51.344,0.93681,0.93669,1.37,1.65
11-09-2014,00:10:51.752,0.93679,0.93669,1.47,1.1
11-09-2014,00:10:51.957,0.93679,0.93667,1.39,1.57
11-09-2014,00:10:52.110,0.93676,0.93667,1,1
11-09-2014,00:10:55.490,0.93679,0.93667,2.21,1.5
11-09-2014,00:11:03.272,0.93679,0.93667,3.71,1
11-09-2014,00:11:08.057,0.93679,0.93667,3.71,1
11-09-2014,00:11:08.584,0.93679,0.93667,3.71,1
11-09-2014,00:11:09.096,0.93679,0.93667,3.71,1
11-09-2014,00:11:09.769,0.93678,0.93667,1.74,1
11-09-2014,00:11:13.926,0.93677,0.93664,1.12,2.21
11-09-2014,00:11:14.386,0.93677,0.93664,1.45,1.84
11-09-2014,00:11:14.894,0.93677,0.93664,3.71,1
11-09-2014,00:11:15.807,0.93676,0.93664,1.71,1
11-09-2014,00:11:16.061,0.93674,0.93661,1.27,2.51
11-09-2014,00:11:16.214,0.93674,0.93661,1.84,1
11-09-2014,00:11:16.366,0.93674,0.93661,1.84,1.1
11-09-2014,00:11:16.874,0.93673,0.93659,1.25,1.84
11-09-2014,00:11:17.381,0.93673,0.93658,2.44,2.59
11-09-2014,00:11:17.839,0.93673,0.93658,2.59,2.59
11-09-2014,00:11:18.397,0.93673,0.93658,2.59,1.84
11-09-2014,00:11:18.932,0.93672,0.93658,1.64,1.32
11-09-2014,00:11:19.828,0.93672,0.93658,1.66,1.32
11-09-2014,00:11:20.335,0.93669,0.93657,1,2.21
11-09-2014,00:11:46.862,0.93669,0.93659,1,1.1
11-09-2014,00:11:48.127,0.93669,0.93659,1.12,1.17
11-09-2014,00:11:48.637,0.93669,0.93659,1.12,1.1
11-09-2014,00:11:49.389,0.93669,0.93659,1.12,1.17
11-09-2014,00:11:51.130,0.93669,0.93659,1,1.1
11-09-2014,00:11:51.699,0.93669,0.9366,1,1
11-09-2014,00:12:03.352,0.93669,0.9366,1,1.07
11-09-2014,00:12:03.909,0.93669,0.9366,1,1.1
11-09-2014,00:12:06.274,0.93669,0.9366,1,1.07
11-09-2014,00:12:10.262,0.93669,0.9366,1,1.2
11-09-2014,00:12:10.769,0.93669,0.9366,1,1.07
11-09-2014,00:12:11.305,0.93669,0.9366,1,1.1
11-09-2014,00:12:11.827,0.93669,0.9366,1,1.17
11-09-2014,00:12:12.791,0.93669,0.9366,1,1.2
11-09-2014,00:12:13.485,0.93669,0.9366,1,1.17
11-09-2014,00:12:15.461,0.93669,0.9366,1,1.2
11-09-2014,00:12:16.125,0.93669,0.9366,1,1.17
11-09-2014,00:12:19.267,0.93669,0.9366,1,1.2
11-09-2014,00:12:20.086,0.93672,0.9366,1.66,1.1
11-09-2014,00:12:22.515,0.93673,0.9366,1.76,1.07
11-09-2014,00:12:23.028,0.93673,0.9366,1.66,1.17
11-09-2014,00:12:23.574,0.93673,0.9366,1.74,1.1
11-09-2014,00:12:25.271,0.93673,0.9366,1.71,1
11-09-2014,00:12:25.778,0.93673,0.93657,2.21,1.46
11-09-2014,00:12:26.304,0.93671,0.93657,1.66,1.09
11-09-2014,00:12:27.189,0.93673,0.93657,2.21,1.17
11-09-2014,00:12:27.697,0.93671,0.93657,1.39,1.15
11-09-2014,00:12:28.284,0.93671,0.93657,1.56,1.27
11-09-2014,00:12:30.206,0.9367,0.93657,1.31,1.27
11-09-2014,00:12:32.099,0.93671,0.93657,1.19,1.27
11-09-2014,00:12:33.427,0.9367,0.93657,1.19,1.52
11-09-2014,00:12:36.337,0.9367,0.93657,1.31,1.52
11-09-2014,00:12:36.843,0.9367,0.93657,1.31,1.52
11-09-2014,00:12:38.439,0.9367,0.93657,1.19,1.52
11-09-2014,00:12:38.540,0.9367,0.93657,1.19,1.52
11-09-2014,00:12:38.927,0.9367,0.93657,1.19,1.52
11-09-2014,00:12:45.939,0.9367,0.9366,1.31,1.1
11-09-2014,00:12:46.754,0.9367,0.9366,1.31,1.07
11-09-2014,00:12:48.057,0.93671,0.9366,1.56,1.17
11-09-2014,00:12:48.803,0.93671,0.9366,1.56,1.1
11-09-2014,00:12:49.463,0.93671,0.9366,1.56,1.17
11-09-2014,00:12:50.046,0.93671,0.9366,1.56,1.1
11-09-2014,00:12:50.554,0.93671,0.93659,1.56,1.15
11-09-2014,00:12:51.061,0.9367,0.93659,1.25,1.2
11-09-2014,00:12:51.937,0.93671,0.93659,1.31,1.17
11-09-2014,00:12:52.485,0.93671,0.93659,1.31,1.17
11-09-2014,00:12:54.129,0.93671,0.93659,1.31,1.17
11-09-2014,00:12:54.744,0.93671,0.93659,1.31,1.15
11-09-2014,00:12:55.754,0.93671,0.93659,1.31,1.17
11-09-2014,00:12:58.448,0.93672,0.93659,1.56,1.15
11-09-2014,00:13:00.572,0.93672,0.9366,1.56,1.17
11-09-2014,00:13:02.760,0.93672,0.9366,1.66,1.1
11-09-2014,00:13:03.353,0.93672,0.9366,1.56,1.17
11-09-2014,00:13:03.987,0.93672,0.9366,1.66,1.1
11-09-2014,00:13:12.451,0.93671,0.9366,1.62,1
11-09-2014,00:13:12.971,0.93671,0.9366,1.31,1.1
11-09-2014,00:13:17.562,0.93671,0.9366,1.31,1.07
11-09-2014,00:13:18.077,0.93671,0.9366,1.25,1.2
11-09-2014,00:13:18.585,0.93671,0.9366,1,1.17
11-09-2014,00:13:19.092,0.93671,0.9366,1,1.1
11-09-2014,00:13:24.429,0.9367,0.93659,1,1.09
11-09-2014,00:13:24.938,0.9367,0.93659,1.1,1.31
11-09-2014,00:13:26.724,0.9367,0.93659,1.1,1.37
11-09-2014,00:13:28.366,0.9367,0.93659,1.17,1.12
11-09-2014,00:13:28.874,0.93668,0.93657,1,2.14
11-09-2014,00:13:29.410,0.93666,0.93657,1,1.47
11-09-2014,00:13:29.715,0.93665,0.93657,1.17,1
11-09-2014,00:13:30.225,0.93665,0.93657,1,1
11-09-2014,00:13:31.562,0.93667,0.93657,1.17,1.12
11-09-2014,00:13:32.069,0.93667,0.93657,1.1,1.12
11-09-2014,00:13:34.904,0.93667,0.93657,1,1.37
11-09-2014,00:13:35.428,0.93667,0.93657,1,1.12
11-09-2014,00:13:36.898,0.93667,0.93657,1,1.37
11-09-2014,00:13:37.408,0.93667,0.93657,1.1,1.12
11-09-2014,00:13:38.403,0.93667,0.93657,1.1,1.37
11-09-2014,00:13:38.943,0.93667,0.93657,1.1,1.12
11-09-2014,00:13:39.635,0.93667,0.93657,1,1.37
11-09-2014,00:13:41.624,0.93667,0.93657,1,1.2
11-09-2014,00:13:44.767,0.93667,0.93657,1,1.37
11-09-2014,00:13:50.465,0.93667,0.93657,1.1,1.37
11-09-2014,00:13:50.973,0.93667,0.93657,1.1,1.37
11-09-2014,00:14:00.476,0.93667,0.93657,1.17,1.37
11-09-2014,00:14:01.581,0.93667,0.93657,1.1,1.62
11-09-2014,00:14:07.765,0.93669,0.93657,2.59,1.37
11-09-2014,00:14:08.508,0.93669,0.93657,2.51,1.47
11-09-2014,00:14:18.136,0.93669,0.93657,1.17,1.62
11-09-2014,00:14:18.644,0.93669,0.93657,1.1,1.39
11-09-2014,00:14:19.182,0.93669,0.93657,1.1,1.39
11-09-2014,00:14:19.993,0.93669,0.93657,2.51,1.47
11-09-2014,00:14:20.556,0.93669,0.93657,2.51,1.47
11-09-2014,00:14:23.677,0.93669,0.93657,2.59,1.37
11-09-2014,00:14:24.351,0.93669,0.93657,2.51,1.47
11-09-2014,00:14:33.667,0.93669,0.93656,1.57,2.21
11-09-2014,00:14:34.187,0.93669,0.93656,1.57,2.21
11-09-2014,00:14:36.079,0.93669,0.93656,1.65,2.14
11-09-2014,00:14:36.645,0.93669,0.93656,1.57,2.14
11-09-2014,00:14:40.635,0.93668,0.93655,1,1.84
11-09-2014,00:14:43.991,0.93668,0.93656,1,1.74
11-09-2014,00:14:45.823,0.93668,0.93656,1.1,1.66
11-09-2014,00:14:47.152,0.93668,0.93656,1.1,1.66
11-09-2014,00:14:47.701,0.93668,0.93656,1,1.64
11-09-2014,00:14:48.642,0.93666,0.93654,1,2.21
11-09-2014,00:14:48.947,0.93662,0.93653,1,1.25
11-09-2014,00:14:49.294,0.9366,0.93652,1.1,1
11-09-2014,00:14:50.928,0.9366,0.93652,1.47,1
11-09-2014,00:14:51.234,0.93658,0.93649,1,1
11-09-2014,00:14:51.742,0.9366,0.93649,1.4,1
11-09-2014,00:14:52.249,0.9366,0.93649,1.01,1
11-09-2014,00:14:53.265,0.9366,0.93649,1.1,1.37
11-09-2014,00:14:54.026,0.9366,0.93649,1.1,1.12
11-09-2014,00:14:54.433,0.9366,0.93649,1.17,1.12
11-09-2014,00:14:54.535,0.9366,0.93649,1.1,1.12
11-09-2014,00:14:55.778,0.9366,0.93649,1.1,1.37
11-09-2014,00:14:57.586,0.9366,0.93649,1.07,1.37
11-09-2014,00:14:58.138,0.9366,0.93649,1.07,1.12
11-09-2014,00:14:58.696,0.93656,0.93649,1,1
11-09-2014,00:14:58.747,0.93655,0.93645,1,1.37
11-09-2014,00:14:59.052,0.93654,0.93642,1.5,1.46
11-09-2014,00:14:59.205,0.93652,0.93642,1,1.62
11-09-2014,00:14:59.422,0.93648,0.93638,1,1.69
11-09-2014,00:14:59.932,0.9365,0.93639,1.17,1
11-09-2014,00:15:00.442,0.93648,0.93639,1,1
11-09-2014,00:15:02.242,0.93649,0.93639,1.1,1
11-09-2014,00:15:02.394,0.9365,0.93639,1.09,1.37
11-09-2014,00:15:02.941,0.9365,0.93639,1.17,1.37
11-09-2014,00:15:03.297,0.9365,0.93639,1.17,1.37
11-09-2014,00:15:03.654,0.93651,0.93644,1.07,1
11-09-2014,00:15:03.706,0.93651,0.93644,1.1,1
11-09-2014,00:15:03.910,0.93654,0.93644,1.17,1
11-09-2014,00:15:04.420,0.93655,0.93644,1.4,1
11-09-2014,00:15:05.081,0.93655,0.93644,1.4,1
11-09-2014,00:15:05.589,0.93655,0.93644,1.4,1
11-09-2014,00:15:06.711,0.93656,0.93644,2.59,1.12
11-09-2014,00:15:07.227,0.93656,0.93644,3.34,1.12
11-09-2014,00:15:08.300,0.93654,0.93644,1.15,1.12
11-09-2014,00:15:08.847,0.93654,0.93644,1.4,1.12
11-09-2014,00:15:09.101,0.93654,0.93644,1.4,1
11-09-2014,00:15:09.298,0.93653,0.93644,1.15,1
11-09-2014,00:15:09.779,0.93654,0.93644,1.84,1
11-09-2014,00:15:10.397,0.93654,0.93644,1.84,1
11-09-2014,00:15:11.012,0.93654,0.93644,1.84,1
11-09-2014,00:15:11.114,0.93654,0.93644,1.84,1
11-09-2014,00:15:11.318,0.93654,0.93644,1.84,1
11-09-2014,00:15:12.104,0.93654,0.93644,1.84,1
11-09-2014,00:15:12.638,0.93654,0.93644,1.84,1
11-09-2014,00:15:16.415,0.93654,0.93644,3.34,1
11-09-2014,00:15:16.962,0.93653,0.93644,1.34,1
11-09-2014,00:15:17.215,0.93653,0.93644,1.34,1
11-09-2014,00:15:17.488,0.93653,0.93644,1.34,1
11-09-2014,00:15:18.014,0.93654,0.93644,1.84,1
11-09-2014,00:15:18.736,0.93654,0.93644,1.84,1
11-09-2014,00:15:19.252,0.93654,0.93644,1.84,1
11-09-2014,00:15:19.765,0.93654,0.93644,1.84,1
11-09-2014,00:15:20.815,0.93654,0.93644,1.84,1
11-09-2014,00:15:23.759,0.93654,0.93644,1.84,1
11-09-2014,00:15:25.763,0.93654,0.93644,1.34,1
11-09-2014,00:15:26.297,0.93654,0.93644,1.84,1
11-09-2014,00:15:27.048,0.93654,0.93644,1.84,1
11-09-2014,00:15:27.747,0.93654,0.93644,1.36,1
11-09-2014,00:15:28.766,0.93655,0.93644,3.26,1
11-09-2014,00:15:59.432,0.93655,0.93644,3.34,1.37
11-09-2014,00:16:00.522,0.93655,0.93644,1.57,1.37
11-09-2014,00:16:01.071,0.93655,0.93644,1.65,1.37
11-09-2014,00:16:02.561,0.93655,0.93644,1.84,1.37
11-09-2014,00:16:03.064,0.93655,0.93644,1.84,1.37
11-09-2014,00:16:03.550,0.93655,0.93645,1.84,1.37
11-09-2014,00:16:03.653,0.93657,0.93647,1.5,2.02
11-09-2014,00:16:03.704,0.93658,0.93647,1.5,2.02
11-09-2014,00:16:03.756,0.93661,0.93652,1,1
11-09-2014,00:16:04.263,0.93663,0.93652,2.14,1
11-09-2014,00:16:07.167,0.93664,0.93652,2.59,1.37
11-09-2014,00:16:07.683,0.93664,0.93652,2.59,1.12
11-09-2014,00:16:09.181,0.93664,0.93652,1.84,1.12
11-09-2014,00:16:14.029,0.93664,0.93652,1.84,1.12
11-09-2014,00:16:14.590,0.93664,0.93652,1.84,1.12
11-09-2014,00:16:15.192,0.93664,0.93652,1.84,1.12
11-09-2014,00:16:16.534,0.93664,0.93652,1.84,1.12
11-09-2014,00:16:18.316,0.93664,0.93652,1.84,1.12
11-09-2014,00:16:18.823,0.93664,0.93652,1.84,1.12
11-09-2014,00:16:19.563,0.93657,0.93652,1,1
11-09-2014,00:16:19.665,0.93654,0.93646,1,1.37
11-09-2014,00:16:19.768,0.93659,0.93647,3.34,1
11-09-2014,00:16:19.870,0.93654,0.93644,1,2.06
11-09-2014,00:16:20.377,0.93654,0.93644,1.07,1
11-09-2014,00:16:20.901,0.93654,0.93644,1.1,1
11-09-2014,00:16:29.071,0.93654,0.93644,1.09,1
11-09-2014,00:16:29.377,0.93654,0.93644,2.21,1
11-09-2014,00:16:29.429,0.93653,0.93642,2.96,1.87
11-09-2014,00:16:29.481,0.93653,0.93642,4.09,1.87
11-09-2014,00:16:29.584,0.93649,0.93639,1.1,1
11-09-2014,00:16:29.889,0.93649,0.93638,1.15,1
11-09-2014,00:16:30.396,0.93649,0.93638,1.15,1
11-09-2014,00:16:30.498,0.93649,0.93638,1.17,1
11-09-2014,00:16:31.056,0.93649,0.93638,2.21,1
11-09-2014,00:16:31.158,0.93649,0.93637,2.21,1
11-09-2014,00:16:31.666,0.93649,0.93637,2.21,1
11-09-2014,00:16:37.428,0.93649,0.93638,4.84,1.37
11-09-2014,00:16:37.936,0.93649,0.9364,3.19,1
11-09-2014,00:16:39.052,0.93649,0.9364,2.25,1.37
11-09-2014,00:16:48.458,0.93649,0.93638,1.47,1.01
11-09-2014,00:16:48.966,0.93649,0.93638,2.96,1
11-09-2014,00:16:50.602,0.93649,0.93638,3.71,1
11-09-2014,00:16:51.105,0.93649,0.93638,3.71,1
11-09-2014,00:16:53.372,0.93648,0.93637,1.36,1
11-09-2014,00:16:56.715,0.93648,0.93637,1.34,1
11-09-2014,00:16:57.264,0.93648,0.93637,1.36,1
11-09-2014,00:16:58.406,0.93648,0.93637,1.34,1
11-09-2014,00:16:59.601,0.93649,0.93637,3.71,1
11-09-2014,00:17:00.812,0.93648,0.93637,1.34,1
11-09-2014,00:17:06.424,0.93649,0.93637,2.59,1.37
11-09-2014,00:17:06.526,0.93649,0.93638,2.51,1.5
11-09-2014,00:17:07.034,0.93649,0.93637,1.84,1.5
11-09-2014,00:17:10.230,0.93649,0.93637,1.46,1.87
11-09-2014,00:17:10.909,0.93649,0.93637,1.46,1.5
11-09-2014,00:17:11.447,0.93649,0.93637,2.21,1.5
11-09-2014,00:17:11.983,0.93649,0.93637,1.84,1.5
11-09-2014,00:17:13.512,0.93649,0.93637,1.46,1.5
11-09-2014,00:17:14.313,0.93649,0.93637,1.46,1.5
11-09-2014,00:17:16.216,0.93649,0.93637,1.46,1.5
11-09-2014,00:17:17.419,0.93649,0.93637,2.21,1.5
11-09-2014,00:17:18.137,0.93649,0.93637,2.59,1.5
11-09-2014,00:17:20.659,0.93649,0.93637,2.21,1.5
11-09-2014,00:17:22.569,0.93649,0.93637,2.96,1.87
11-09-2014,00:17:23.077,0.93649,0.93637,2.96,1.87
11-09-2014,00:17:23.609,0.93649,0.93637,2.96,1.87
11-09-2014,00:17:32.444,0.93649,0.93636,2.21,1
11-09-2014,00:17:32.950,0.93649,0.93635,2.96,1.69
11-09-2014,00:17:33.457,0.93648,0.93635,1.71,1.87
11-09-2014,00:17:33.963,0.93648,0.93635,1.74,1.95
11-09-2014,00:17:34.513,0.93649,0.93635,2.21,1.95
11-09-2014,00:17:35.460,0.93649,0.93635,2.21,1.95
11-09-2014,00:17:36.956,0.93649,0.93635,2.96,2.14
11-09-2014,00:17:37.500,0.93649,0.93635,2.96,2.06
11-09-2014,00:17:38.265,0.93649,0.93635,1.84,2.81
11-09-2014,00:17:39.030,0.93649,0.93635,2.59,2.06
11-09-2014,00:17:41.888,0.93649,0.93635,2.96,2.06
11-09-2014,00:17:45.137,0.93649,0.93635,2.96,2.14
11-09-2014,00:17:46.259,0.93649,0.93637,1.77,1.12
11-09-2014,00:17:46.767,0.93649,0.93637,1.4,1
11-09-2014,00:17:47.071,0.93649,0.93637,1.09,1
11-09-2014,00:17:47.123,0.93649,0.93637,1.09,1
11-09-2014,00:17:49.248,0.93647,0.93637,1.2,1
11-09-2014,00:17:49.908,0.93647,0.93635,1.46,1.37
11-09-2014,00:17:50.416,0.93647,0.93635,1.09,1.37
11-09-2014,00:17:51.075,0.93647,0.93637,1.07,1
11-09-2014,00:17:51.650,0.93647,0.93637,1.1,1
11-09-2014,00:17:52.169,0.93647,0.93637,1.17,1.12
11-09-2014,00:17:52.677,0.93647,0.93637,1.1,1
11-09-2014,00:17:53.179,0.93647,0.93637,1.07,1
11-09-2014,00:17:54.279,0.93647,0.93637,1.1,1
11-09-2014,00:17:54.894,0.93647,0.93637,1.17,1
11-09-2014,00:17:57.403,0.93647,0.93637,1.2,1
11-09-2014,00:17:58.113,0.93647,0.93637,1.07,1
11-09-2014,00:17:58.810,0.93647,0.93634,1.17,2.14
11-09-2014,00:17:59.317,0.93647,0.93634,1.2,2.14
11-09-2014,00:17:59.925,0.93647,0.93634,1.07,2.21
11-09-2014,00:18:00.677,0.93647,0.93635,1.1,1.01
11-09-2014,00:18:02.494,0.93647,0.93635,1.07,1.31
11-09-2014,00:18:03.034,0.93647,0.93635,1,1.31
11-09-2014,00:18:04.490,0.93647,0.93635,1.07,1.31
11-09-2014,00:18:11.538,0.93647,0.93634,1.2,2.14
11-09-2014,00:18:12.768,0.93647,0.93634,1.17,2.89
11-09-2014,00:18:13.276,0.93647,0.93634,1.1,2.96
11-09-2014,00:18:14.264,0.93645,0.93634,1,2.21
11-09-2014,00:18:15.257,0.93645,0.93633,1,1.64
11-09-2014,00:18:31.189,0.93645,0.93632,1,2.96
11-09-2014,00:18:31.699,0.93647,0.93636,1,1.1
11-09-2014,00:18:31.750,0.93644,0.93635,1,1.09
11-09-2014,00:18:32.257,0.93644,0.93635,1,1.25
11-09-2014,00:18:32.967,0.93647,0.93635,1.57,1.25
11-09-2014,00:18:33.068,0.93644,0.93635,1,1.25
11-09-2014,00:18:33.323,0.93647,0.93635,1.07,1.25
11-09-2014,00:18:33.424,0.93644,0.93635,1,1.01
11-09-2014,00:19:20.029,0.93644,0.93634,1,1.31
11-09-2014,00:19:20.538,0.93644,0.93635,1.57,1
11-09-2014,00:19:41.340,0.93644,0.93632,1.1,1.39
11-09-2014,00:19:46.216,0.93644,0.93631,1.1,2.21
11-09-2014,00:19:46.722,0.93644,0.93631,1.27,1.66
11-09-2014,00:19:47.302,0.93644,0.93631,1,1.66
11-09-2014,00:19:47.818,0.93644,0.9363,1.32,2.14
11-09-2014,00:19:48.325,0.93644,0.9363,1.46,1.76
11-09-2014,00:19:49.712,0.93644,0.9363,1.39,1.46
11-09-2014,00:19:49.814,0.93641,0.93629,1.2,1.2
11-09-2014,00:19:50.017,0.93641,0.93626,3.71,2.96
11-09-2014,00:19:50.373,0.93637,0.93626,1,1.07
11-09-2014,00:19:50.424,0.93637,0.93625,1.1,1.01
11-09-2014,00:19:50.525,0.93635,0.93624,1,1.36
11-09-2014,00:19:51.450,0.93635,0.93623,1,2.21
11-09-2014,00:19:52.445,0.93635,0.93623,1,2.21
11-09-2014,00:19:52.961,0.93635,0.93623,1,2.21
11-09-2014,00:19:56.236,0.93635,0.93625,1,1
11-09-2014,00:20:04.060,0.93633,0.93625,1,1
11-09-2014,00:20:07.394,0.93633,0.93623,1,1.74
11-09-2014,00:20:12.426,0.93633,0.93623,1,1.71
11-09-2014,00:20:12.731,0.93633,0.93623,1,1.71
11-09-2014,00:20:14.264,0.93633,0.93623,1,1.71
11-09-2014,00:20:14.975,0.93633,0.93623,1,1.71
11-09-2014,00:20:16.560,0.93633,0.93623,1,1.74
11-09-2014,00:20:20.312,0.93633,0.93623,1,1.34
11-09-2014,00:20:25.630,0.93631,0.93623,1,2.59
11-09-2014,00:20:26.630,0.93631,0.93623,1,1.95
11-09-2014,00:20:38.215,0.93631,0.93623,1,1.95
11-09-2014,00:20:39.045,0.93631,0.93623,1,1.57
11-09-2014,00:20:45.341,0.93631,0.93623,1,1.95
11-09-2014,00:20:46.026,0.93631,0.93623,1,1.57
11-09-2014,00:20:46.533,0.93631,0.93623,1,1.87
11-09-2014,00:20:48.944,0.93631,0.93623,1,1.87
11-09-2014,00:20:49.451,0.93631,0.93623,1,2.02
11-09-2014,00:20:49.503,0.93634,0.93623,1,2.02
11-09-2014,00:20:49.605,0.93632,0.93623,1,1.65
11-09-2014,00:20:49.706,0.93632,0.93623,1,1.57
11-09-2014,00:20:52.340,0.93632,0.93623,1,1.57
11-09-2014,00:20:53.239,0.93632,0.93623,1,1.65
11-09-2014,00:21:05.929,0.93632,0.93622,1,1.1
11-09-2014,00:21:06.306,0.93632,0.93624,1,1
11-09-2014,00:21:07.181,0.93632,0.9362,1,2.59
11-09-2014,00:21:07.695,0.93632,0.9362,1,2.59
11-09-2014,00:21:08.963,0.93632,0.9362,1,2.59
11-09-2014,00:21:09.691,0.93632,0.93618,2.25,2.21
11-09-2014,00:21:09.794,0.93632,0.93618,1,2.96
11-09-2014,00:21:10.355,0.93632,0.93618,1.17,2.96
11-09-2014,00:21:10.869,0.93632,0.93618,1.1,2.89
11-09-2014,00:21:11.477,0.93632,0.93618,1.25,2.96
11-09-2014,00:21:12.364,0.93632,0.93618,1.01,2.96
11-09-2014,00:21:12.871,0.93632,0.93619,1,1.71
11-09-2014,00:21:15.865,0.93632,0.93619,1,1.71
11-09-2014,00:21:16.968,0.93632,0.93619,1,1.71
11-09-2014,00:21:17.482,0.93632,0.93619,1.1,1.71
11-09-2014,00:21:18.165,0.93632,0.93619,1,1.74
11-09-2014,00:21:21.298,0.93632,0.93619,1.1,2.21
11-09-2014,00:21:23.414,0.93633,0.93621,1.1,1.39
11-09-2014,00:21:23.820,0.93631,0.93622,1,1.47
11-09-2014,00:21:24.327,0.93631,0.93622,1,1
11-09-2014,00:21:25.331,0.93631,0.93622,1,1.37
11-09-2014,00:21:25.838,0.93631,0.93622,1,1.31
11-09-2014,00:21:27.342,0.93631,0.93622,1,1.62
11-09-2014,00:21:30.931,0.93631,0.93622,1,1.31
11-09-2014,00:21:32.936,0.93631,0.93622,1,1.62
11-09-2014,00:21:33.896,0.93631,0.93624,1,1
11-09-2014,00:22:03.719,0.93631,0.9362,1,1.84
11-09-2014,00:22:04.226,0.93631,0.9362,1,1.71
11-09-2014,00:22:04.859,0.93631,0.9362,1,1.74
11-09-2014,00:22:05.422,0.93631,0.9362,1,2.21
11-09-2014,00:22:05.937,0.93631,0.9362,1,1.71
11-09-2014,00:22:09.606,0.93631,0.93621,1,1.74
11-09-2014,00:22:10.529,0.93631,0.93621,1,1.74
11-09-2014,00:22:21.329,0.93631,0.9362,1,2.21
11-09-2014,00:22:23.785,0.93632,0.93621,1,1.46
11-09-2014,00:22:24.430,0.93633,0.93621,1,1.74
11-09-2014,00:22:29.483,0.93631,0.9362,1,1.01
11-09-2014,00:22:39.588,0.93631,0.93621,1,1.39
11-09-2014,00:22:41.525,0.93633,0.93619,1.17,1.84
11-09-2014,00:22:43.047,0.93633,0.93621,1.2,1.66
11-09-2014,00:22:44.118,0.93633,0.93619,1.76,1.09
11-09-2014,00:22:46.254,0.93633,0.9362,1.36,1.47
11-09-2014,00:22:46.812,0.93633,0.9362,1.36,1.47
11-09-2014,00:22:47.822,0.93632,0.93618,1.69,1.77
11-09-2014,00:22:48.025,0.93632,0.93618,1.19,3.34
11-09-2014,00:22:48.533,0.93632,0.93618,1.19,1.77
11-09-2014,00:22:54.286,0.93632,0.93618,1.29,2.21
11-09-2014,00:22:54.792,0.93632,0.93618,1.01,2.02
11-09-2014,00:22:58.782,0.93632,0.93619,1.01,1.55
11-09-2014,00:23:00.679,0.93631,0.93619,1.25,1.52
11-09-2014,00:23:02.098,0.93631,0.93619,1.69,1.52
11-09-2014,00:23:08.833,0.93631,0.93617,1,4.09
11-09-2014,00:23:09.341,0.93632,0.93619,1.69,2.15
11-09-2014,00:23:12.715,0.93632,0.93619,1.69,2.59
11-09-2014,00:23:16.628,0.93632,0.93619,1.69,2.59
11-09-2014,00:23:17.136,0.93631,0.93619,1.01,2.02
11-09-2014,00:23:17.985,0.93632,0.93619,1.01,1.55
11-09-2014,00:23:28.803,0.93631,0.93619,1.25,1.55
11-09-2014,00:23:30.106,0.93632,0.93619,1.76,1.55
11-09-2014,00:23:32.430,0.93632,0.9362,1.76,1.55
11-09-2014,00:23:33.414,0.93632,0.93619,1.25,2.15
11-09-2014,00:23:35.451,0.93632,0.93619,1.25,1.77
11-09-2014,00:23:35.958,0.93632,0.93619,1.69,1.77
11-09-2014,00:23:43.734,0.93632,0.93618,1.69,2.59
11-09-2014,00:23:44.381,0.93632,0.93618,1.69,3.71
11-09-2014,00:23:44.995,0.93631,0.93618,1,1.71
11-09-2014,00:23:53.440,0.93631,0.93618,1.69,1.77
11-09-2014,00:23:55.787,0.93631,0.93618,2.06,1.46
11-09-2014,00:23:55.890,0.93631,0.93617,2.21,1.66
11-09-2014,00:23:55.941,0.93626,0.93616,1,2.96
11-09-2014,00:24:00.933,0.93626,0.93616,1.25,1.27
11-09-2014,00:24:01.541,0.93626,0.93616,1,1.15
11-09-2014,00:24:04.162,0.93626,0.93616,1,1.65
11-09-2014,00:24:04.670,0.93626,0.93616,1,1.65
11-09-2014,00:24:07.475,0.93626,0.93616,1,1.65
11-09-2014,00:24:08.157,0.93626,0.93616,1,1.65
11-09-2014,00:24:09.154,0.93626,0.93616,1,1.65
11-09-2014,00:24:21.003,0.93627,0.93616,1.25,1.17
11-09-2014,00:24:21.511,0.93628,0.93618,1.19,1.1
11-09-2014,00:24:22.220,0.93629,0.93618,1.25,1.1
11-09-2014,00:24:24.245,0.93629,0.93618,1.25,3.45
11-09-2014,00:24:24.298,0.9363,0.93618,1,2.7
11-09-2014,00:24:24.705,0.9363,0.93619,1,2.21
11-09-2014,00:24:25.213,0.9363,0.93619,1,1.34
11-09-2014,00:24:25.938,0.9363,0.93618,1,1.84
11-09-2014,00:24:26.040,0.9363,0.93618,1.12,2.21
11-09-2014,00:24:26.294,0.9363,0.93618,1.12,1.84
11-09-2014,00:24:26.801,0.9363,0.93618,1,1.84
11-09-2014,00:24:27.511,0.9363,0.93618,1,1.84
11-09-2014,00:24:28.022,0.9363,0.93618,1.12,2.21
11-09-2014,00:24:28.530,0.9363,0.93618,1.12,2.21
11-09-2014,00:24:32.196,0.9363,0.93618,1.37,1.84
11-09-2014,00:24:35.987,0.9363,0.93618,1.12,1.46
11-09-2014,00:24:36.698,0.9363,0.93618,1.37,1.09
11-09-2014,00:24:37.215,0.9363,0.93618,1.37,1.09
11-09-2014,00:24:38.593,0.9363,0.93618,1.37,1.09
11-09-2014,00:24:39.094,0.9363,0.93618,1,1.46
11-09-2014,00:24:41.692,0.9363,0.93618,1,1.46
11-09-2014,00:24:42.107,0.93629,0.93618,1,1.39
11-09-2014,00:24:42.210,0.93629,0.93618,1,1.76
11-09-2014,00:24:42.414,0.93631,0.93618,1.69,2.21
11-09-2014,00:24:42.515,0.93631,0.93618,1.76,2.21
11-09-2014,00:24:43.124,0.93631,0.93618,1.65,1.1
11-09-2014,00:24:43.632,0.93631,0.93618,1.57,1.17
11-09-2014,00:24:46.987,0.93631,0.93618,1.57,2.21
11-09-2014,00:24:47.613,0.93631,0.93618,1.57,2.21
11-09-2014,00:24:47.766,0.93629,0.93618,1,2.21
11-09-2014,00:24:48.593,0.93629,0.93618,1,1.62
11-09-2014,00:24:49.795,0.93629,0.93618,1,1.62
11-09-2014,00:24:50.100,0.93629,0.93618,1,1.62
11-09-2014,00:24:50.202,0.93629,0.93618,1,1.31
11-09-2014,00:24:51.938,0.93629,0.93618,1,1.62
11-09-2014,00:24:52.676,0.93629,0.93618,1,1.46
11-09-2014,00:24:56.848,0.93628,0.93617,1.1,1.66
11-09-2014,00:24:57.360,0.93627,0.93617,1,1.56
11-09-2014,00:25:00.265,0.93626,0.93615,1,1.74
11-09-2014,00:25:01.645,0.93626,0.93615,1,1.71
11-09-2014,00:25:04.231,0.93627,0.93616,1,1.46
11-09-2014,00:25:13.949,0.93628,0.93616,1.1,1.39
11-09-2014,00:25:19.172,0.93629,0.93616,1.17,1.47
11-09-2014,00:25:21.760,0.93629,0.93616,1.01,1.46
11-09-2014,00:25:22.307,0.93629,0.93616,1.09,1.39
11-09-2014,00:25:23.044,0.93629,0.93616,1.09,1.39
11-09-2014,00:25:28.480,0.93629,0.93618,1.09,1
11-09-2014,00:25:43.628,0.93629,0.93618,1.25,1.12
11-09-2014,00:25:44.271,0.93629,0.93618,1.09,1.12
11-09-2014,00:25:45.842,0.93629,0.93618,1.01,1.12
11-09-2014,00:25:46.737,0.93629,0.93618,1.09,1.12
11-09-2014,00:25:47.414,0.93629,0.93618,1.25,1.12
11-09-2014,00:25:49.235,0.93629,0.93618,1.25,1.37
11-09-2014,00:25:49.850,0.93629,0.93618,1.09,1.37
11-09-2014,00:25:50.452,0.93629,0.93618,1.01,1
11-09-2014,00:25:50.978,0.93629,0.93618,1.76,1.37
11-09-2014,00:25:51.486,0.93629,0.93618,2.14,1
11-09-2014,00:25:51.993,0.93628,0.93618,1.29,1
11-09-2014,00:25:54.065,0.93626,0.93618,1,1
11-09-2014,00:25:54.885,0.93626,0.93617,1,1.1
11-09-2014,00:26:11.974,0.93626,0.93616,1.25,1.12
11-09-2014,00:26:12.483,0.93626,0.93616,1.25,1.27
11-09-2014,00:26:13.024,0.93626,0.93616,1,1.2
11-09-2014,00:26:18.840,0.93626,0.93616,1,1.2
11-09-2014,00:26:19.521,0.93626,0.93616,1,1.2
11-09-2014,00:26:20.036,0.93626,0.93616,1,1.27
11-09-2014,00:26:20.796,0.93626,0.93616,1.25,1.1
11-09-2014,00:26:21.304,0.93626,0.93616,1.25,1.17
11-09-2014,00:26:21.833,0.93626,0.93616,1.25,1.1
11-09-2014,00:26:22.669,0.93626,0.93617,1.25,1
11-09-2014,00:26:36.745,0.93628,0.93617,1.39,1
11-09-2014,00:26:52.619,0.93628,0.93616,1.39,2.7
11-09-2014,00:27:00.287,0.93628,0.93616,1.62,1.27
11-09-2014,00:27:00.798,0.93628,0.93616,1.39,1.2
11-09-2014,00:27:02.391,0.93628,0.93616,1.62,2.77
11-09-2014,00:27:40.594,0.93629,0.93617,1.66,1.2
11-09-2014,00:27:48.783,0.93629,0.93617,2.21,1.12
11-09-2014,00:27:49.716,0.93629,0.93617,2.21,1.12
11-09-2014,00:28:01.687,0.93629,0.93616,2.06,1.57
11-09-2014,00:28:02.206,0.93629,0.93616,2.14,1.55
11-09-2014,00:28:02.880,0.93629,0.93616,2.14,1.55
11-09-2014,00:28:05.099,0.93629,0.93616,2.14,1.55
11-09-2014,00:28:19.534,0.93629,0.93616,2.21,1.37
11-09-2014,00:28:20.648,0.93629,0.93616,2.21,1.12
11-09-2014,00:28:21.491,0.93629,0.93616,2.21,1.2
11-09-2014,00:28:22.032,0.93629,0.93616,2.14,1.47
11-09-2014,00:28:23.065,0.93629,0.93616,2.14,1.2
11-09-2014,00:28:38.144,0.93629,0.93616,2.89,1.1
11-09-2014,00:28:38.448,0.93627,0.93616,1.37,1
11-09-2014,00:28:38.904,0.93629,0.93617,2.21,1
11-09-2014,00:28:38.955,0.93629,0.93617,2.21,1
11-09-2014,00:28:40.430,0.93629,0.93617,2.21,1
11-09-2014,00:28:42.298,0.93629,0.93617,2.21,1
11-09-2014,00:28:42.804,0.93629,0.93617,2.21,1
11-09-2014,00:28:44.297,0.93629,0.93617,2.21,1
11-09-2014,00:28:49.101,0.93629,0.93616,3.34,1.1
11-09-2014,00:28:49.306,0.93626,0.93613,1.34,1
11-09-2014,00:28:49.611,0.93623,0.93611,1.65,1.25
11-09-2014,00:28:49.970,0.93621,0.9361,1,2.51
11-09-2014,00:28:50.428,0.93621,0.93609,1.17,1.69
11-09-2014,00:28:54.924,0.93621,0.93609,1.84,1.5
11-09-2014,00:29:04.541,0.93621,0.93609,1.84,1.5
11-09-2014,00:29:05.055,0.93621,0.93609,2.21,1.5
11-09-2014,00:29:05.763,0.93621,0.93609,2.21,1.5
11-09-2014,00:29:06.271,0.93621,0.93609,2.14,1.57
11-09-2014,00:29:09.124,0.93621,0.9361,2.14,1
11-09-2014,00:29:09.644,0.93621,0.9361,1.25,1.17
11-09-2014,00:29:10.154,0.93623,0.93611,2.21,1
11-09-2014,00:29:13.366,0.93623,0.93611,1.39,1.1
11-09-2014,00:29:13.877,0.93623,0.93611,1.46,1
11-09-2014,00:29:15.764,0.93623,0.93611,2.21,1
11-09-2014,00:29:16.272,0.93623,0.93611,2.21,1
11-09-2014,00:29:16.779,0.93623,0.93611,2.21,1
11-09-2014,00:29:17.287,0.93623,0.93611,2.14,1
11-09-2014,00:29:17.896,0.93623,0.93611,1.4,1.12
11-09-2014,00:29:18.486,0.93623,0.93611,1.32,1.12
11-09-2014,00:29:19.104,0.93623,0.93611,1.4,1.12
11-09-2014,00:29:19.649,0.93623,0.93611,1.09,1.12
11-09-2014,00:29:20.360,0.93623,0.93611,1.84,1.12
11-09-2014,00:29:21.070,0.93623,0.93611,1.84,1.12
11-09-2014,00:29:21.571,0.93623,0.93611,1.84,1.12
11-09-2014,00:29:22.105,0.93623,0.93611,1.84,1.37
11-09-2014,00:29:22.651,0.93623,0.93611,1.84,1.37
11-09-2014,00:29:23.166,0.93623,0.93611,1.84,1.12
11-09-2014,00:29:23.674,0.93623,0.93611,1.76,1.12
11-09-2014,00:29:24.283,0.93623,0.93611,1.84,1.12
11-09-2014,00:29:24.796,0.93623,0.93611,1.15,1.12
11-09-2014,00:29:25.405,0.93623,0.93611,1.15,1.12
11-09-2014,00:29:25.922,0.93623,0.93611,1.15,1.12
11-09-2014,00:29:26.432,0.93623,0.93611,1.15,1.12
11-09-2014,00:29:28.050,0.93623,0.93611,1.15,1.37
11-09-2014,00:29:29.106,0.93623,0.93611,1.65,1.37
11-09-2014,00:29:29.360,0.93621,0.9361,1.17,1.12
11-09-2014,00:29:29.462,0.93621,0.9361,1.17,1.37
11-09-2014,00:29:33.061,0.93621,0.9361,1.09,1.37
11-09-2014,00:29:37.384,0.93621,0.9361,1.01,1.37
11-09-2014,00:29:37.912,0.93621,0.9361,1.09,1.37
11-09-2014,00:29:40.411,0.93621,0.9361,1.09,1.37
11-09-2014,00:29:40.928,0.93619,0.9361,1.1,1.12
11-09-2014,00:29:41.592,0.93622,0.93609,2.59,1.37
11-09-2014,00:29:43.937,0.93622,0.93609,2.59,1.47
11-09-2014,00:29:45.439,0.93622,0.93609,2.59,1.37
11-09-2014,00:29:46.085,0.93619,0.93608,1,1.47
11-09-2014,00:29:46.744,0.93619,0.93608,1,1.55
11-09-2014,00:29:49.403,0.93619,0.93608,1,1.39
11-09-2014,00:29:51.037,0.93619,0.93608,1,1.47
11-09-2014,00:29:51.346,0.93619,0.93608,1,1.47
11-09-2014,00:29:51.854,0.93619,0.93608,1,1.47
11-09-2014,00:29:52.361,0.93619,0.93608,1,1.47
11-09-2014,00:29:53.364,0.93619,0.93608,1,1.47
11-09-2014,00:29:53.871,0.93622,0.93609,2.96,1
11-09-2014,00:29:56.036,0.93622,0.9361,2.96,1
11-09-2014,00:29:56.340,0.93622,0.9361,1.84,1.37
11-09-2014,00:29:56.949,0.93622,0.9361,1.09,1.37
11-09-2014,00:29:57.050,0.93622,0.9361,1.4,1.12
11-09-2014,00:29:57.559,0.93621,0.93609,1.46,1
11-09-2014,00:30:03.498,0.93622,0.93609,2.96,1.01
11-09-2014,00:30:07.581,0.93618,0.93609,2.17,1
11-09-2014,00:30:07.683,0.93609,0.93605,1,1
11-09-2014,00:30:07.937,0.93609,0.93601,1,1.25
11-09-2014,00:30:08.038,0.93609,0.93603,1,1
11-09-2014,00:30:08.191,0.93614,0.93603,1.84,1
11-09-2014,00:30:08.242,0.93614,0.93601,2.59,1.25
11-09-2014,00:30:08.496,0.93614,0.93601,4.09,1.25
11-09-2014,00:30:14.021,0.93609,0.936,1.1,1.31
11-09-2014,00:30:14.328,0.93609,0.936,1.1,2.06
11-09-2014,00:30:18.849,0.93609,0.936,1.1,2.06
11-09-2014,00:30:19.801,0.93609,0.93601,1.1,1.25
11-09-2014,00:30:33.707,0.93609,0.936,1,1.56
11-09-2014,00:30:34.925,0.93609,0.93601,1,1.31
11-09-2014,00:30:53.150,0.93609,0.936,1,1.25
11-09-2014,00:30:58.732,0.93609,0.93601,1,1.25
11-09-2014,00:31:03.299,0.93609,0.93601,1,1.19
11-09-2014,00:31:06.297,0.93611,0.93601,1.1,1.19
11-09-2014,00:31:06.601,0.93609,0.93601,1,1.19
11-09-2014,00:31:07.595,0.93612,0.93601,1.15,1.19
11-09-2014,00:31:07.697,0.93612,0.93601,1.1,1.19
11-09-2014,00:31:08.204,0.93612,0.93601,1.17,1.19
11-09-2014,00:31:08.913,0.93612,0.93602,1.1,1.31
11-09-2014,00:31:09.421,0.93612,0.93602,1.17,1.31
11-09-2014,00:31:12.102,0.93612,0.93602,1.1,1.31
11-09-2014,00:31:12.710,0.93612,0.93602,1.17,1.31
11-09-2014,00:31:16.830,0.93612,0.93603,1.1,1.25
11-09-2014,00:31:17.286,0.93613,0.93605,1,1
11-09-2014,00:31:19.545,0.93614,0.93605,1.57,1.69
11-09-2014,00:31:19.698,0.93615,0.93605,1,2.21
11-09-2014,00:31:19.749,0.93617,0.93606,1.5,1.46
11-09-2014,00:31:19.902,0.93617,0.93606,1,1.77
11-09-2014,00:31:20.268,0.9362,0.93609,1.87,1.1
11-09-2014,00:31:21.238,0.93621,0.93609,2.32,1.1
11-09-2014,00:31:21.289,0.93621,0.9361,1.57,1.19
11-09-2014,00:31:26.518,0.93621,0.93611,2.02,1.25
11-09-2014,00:31:34.265,0.93621,0.93611,2.02,1.25
11-09-2014,00:31:34.775,0.93621,0.93611,2.02,1.25
11-09-2014,00:31:35.282,0.93621,0.93611,1.87,1.25
11-09-2014,00:31:35.809,0.93621,0.93611,2.02,1.25
11-09-2014,00:31:36.347,0.93621,0.93611,1.57,1.25
11-09-2014,00:31:36.854,0.93621,0.93611,1.65,1.25
11-09-2014,00:31:39.448,0.93621,0.9361,2.02,1.19
11-09-2014,00:31:39.950,0.93621,0.9361,2.02,1.19
11-09-2014,00:31:41.275,0.93621,0.9361,1.27,1.19
11-09-2014,00:31:41.781,0.93621,0.93611,1.27,1.19
11-09-2014,00:31:45.415,0.93621,0.93611,1.1,1.31
11-09-2014,00:31:45.929,0.93621,0.9361,1.17,1.62
11-09-2014,00:31:46.544,0.93621,0.9361,1.17,1.31
11-09-2014,00:31:47.064,0.93621,0.93611,1.17,1.25
11-09-2014,00:31:52.735,0.93621,0.93611,1.17,1.19
11-09-2014,00:31:54.289,0.93621,0.93611,1.2,1.19
11-09-2014,00:31:54.806,0.93621,0.93611,1.17,1.31
11-09-2014,00:31:58.052,0.93621,0.93611,1.17,1.31
11-09-2014,00:32:11.254,0.93621,0.93611,1.2,1.25
11-09-2014,00:32:11.762,0.93621,0.93611,1.17,1.25
11-09-2014,00:32:13.172,0.93621,0.93611,1.2,1.25
11-09-2014,00:32:15.569,0.93621,0.93611,1.07,1.25
11-09-2014,00:32:16.104,0.93621,0.93611,1.1,1.25
11-09-2014,00:32:16.774,0.93621,0.93611,1.17,1.25
11-09-2014,00:32:20.998,0.93622,0.93611,1.57,1.25
11-09-2014,00:32:21.252,0.93622,0.93611,1.65,1.25
11-09-2014,00:32:22.478,0.93622,0.93611,1.65,1.25
11-09-2014,00:32:22.991,0.93622,0.93611,1.65,1.25
11-09-2014,00:32:24.791,0.93622,0.93611,1.65,1.31
11-09-2014,00:32:25.561,0.93622,0.93611,1.65,1.31
11-09-2014,00:32:26.097,0.93622,0.93611,1.65,1.31
11-09-2014,00:32:29.265,0.93622,0.93611,1.65,1.31
11-09-2014,00:32:30.375,0.93622,0.93611,1.65,1.31
11-09-2014,00:32:31.085,0.93622,0.93611,1.65,1.25
11-09-2014,00:32:31.439,0.93622,0.93611,1.65,1.25
11-09-2014,00:32:31.491,0.93622,0.93611,1.65,1.25
11-09-2014,00:32:34.005,0.93622,0.93611,1.65,1.25
11-09-2014,00:32:34.511,0.93622,0.93611,1.65,1.25
11-09-2014,00:32:35.607,0.93622,0.93611,1.65,1.25
11-09-2014,00:32:36.197,0.93622,0.93611,1.65,1.25
11-09-2014,00:32:36.927,0.93622,0.93611,1.65,1.25
11-09-2014,00:32:37.588,0.93622,0.93611,1.57,1.25
11-09-2014,00:32:37.944,0.93622,0.93611,1.65,1.25
11-09-2014,00:32:39.613,0.93622,0.93611,1.65,1.25
11-09-2014,00:32:40.119,0.93622,0.93611,1.65,1.25
11-09-2014,00:32:44.443,0.93622,0.93611,1.15,1.25
11-09-2014,00:32:45.180,0.93622,0.93611,1.17,1.25
11-09-2014,00:32:47.921,0.93622,0.9361,1.15,1.62
11-09-2014,00:32:48.480,0.93622,0.9361,1.17,1.62
11-09-2014,00:32:52.232,0.93622,0.93611,1.15,1.31
11-09-2014,00:32:52.924,0.93622,0.93611,1.17,1.31
11-09-2014,00:32:53.548,0.93622,0.93611,1.15,1.31
11-09-2014,00:32:54.226,0.93622,0.93611,1.17,1.31
11-09-2014,00:32:54.972,0.93623,0.93611,1.1,1.39
11-09-2014,00:32:55.478,0.93624,0.93611,1.46,1.31
11-09-2014,00:32:55.984,0.93624,0.93611,1.27,1.31
11-09-2014,00:32:57.172,0.93624,0.93612,1.55,1.25
11-09-2014,00:32:57.678,0.93624,0.93612,1.52,1.25
11-09-2014,00:32:58.184,0.93624,0.9361,1.57,1.76
11-09-2014,00:32:59.566,0.93624,0.93611,1.55,1.31
11-09-2014,00:33:00.176,0.93624,0.93611,2.02,1.31
11-09-2014,00:33:00.692,0.93624,0.93611,2.02,1.31
11-09-2014,00:33:01.202,0.93624,0.93611,2.02,1.31
11-09-2014,00:33:06.549,0.93624,0.93611,2.02,1.31
11-09-2014,00:33:07.204,0.93624,0.93611,1.17,1.01
11-09-2014,00:33:07.872,0.93624,0.93612,1.17,1.25
11-09-2014,00:33:10.081,0.93624,0.93612,1.17,1.19
11-09-2014,00:33:11.576,0.93624,0.93611,1.17,1.01
11-09-2014,00:33:12.564,0.93624,0.93612,1.17,1.19
11-09-2014,00:33:20.852,0.93624,0.93613,1.17,1.62
11-09-2014,00:33:21.005,0.93626,0.93614,1.87,1.55
11-09-2014,00:33:21.291,0.93623,0.93613,1,1.77
11-09-2014,00:33:21.598,0.93626,0.93615,1,1.46
11-09-2014,00:33:22.593,0.93626,0.93618,1,1.25
11-09-2014,00:33:25.863,0.93626,0.93617,1,1.31
11-09-2014,00:33:26.454,0.93626,0.93617,1,1.31
11-09-2014,00:33:37.009,0.93626,0.93617,1,1.56
11-09-2014,00:33:37.415,0.93628,0.93617,1,1.66
11-09-2014,00:33:38.186,0.93628,0.93618,1,1.31
11-09-2014,00:33:38.848,0.93628,0.93616,1,2.21
11-09-2014,00:33:49.733,0.93628,0.93617,1,1.64
11-09-2014,00:33:50.990,0.93628,0.93616,1,2.96
11-09-2014,00:33:52.405,0.93628,0.93616,1,2.96
11-09-2014,00:33:54.416,0.93628,0.93617,1,2.14
11-09-2014,00:33:54.924,0.93628,0.93616,1,2.21
11-09-2014,00:33:55.535,0.93628,0.93616,1,2.21
11-09-2014,00:33:56.089,0.93628,0.93616,1,2.21
11-09-2014,00:33:59.389,0.93628,0.93616,1.1,2.21
11-09-2014,00:34:00.328,0.93628,0.93616,1,2.14
11-09-2014,00:34:00.451,0.93628,0.93616,1,2.14
11-09-2014,00:34:14.265,0.93628,0.93616,1.1,2.14
11-09-2014,00:34:14.785,0.93628,0.93616,1.1,2.14
11-09-2014,00:34:16.471,0.93628,0.93616,1.1,2.14
11-09-2014,00:34:16.990,0.93628,0.93616,1.1,1.39
11-09-2014,00:34:18.374,0.93628,0.93616,1.1,1.39
11-09-2014,00:34:26.683,0.93628,0.93616,1.1,1.39
11-09-2014,00:34:27.191,0.93627,0.93616,1.09,1.12
11-09-2014,00:34:27.496,0.93623,0.93613,1,1.56
11-09-2014,00:34:28.022,0.93623,0.93611,1,2.21
11-09-2014,00:34:29.090,0.93623,0.93611,1,2.59
11-09-2014,00:34:29.602,0.93623,0.93611,1,2.21
11-09-2014,00:34:30.214,0.93623,0.93611,1,2.59
11-09-2014,00:34:31.293,0.93623,0.93611,1,2.21
11-09-2014,00:34:50.424,0.93624,0.93613,1.01,1.37
11-09-2014,00:34:50.931,0.93626,0.93613,1.84,1.47
11-09-2014,00:34:51.984,0.93626,0.93616,1.09,1
11-09-2014,00:34:52.495,0.93626,0.93613,1.76,1.46
11-09-2014,00:34:54.251,0.93626,0.93613,1.76,1.46
11-09-2014,00:34:56.399,0.93626,0.93613,1.76,1.46
11-09-2014,00:34:56.501,0.93626,0.93613,1.69,1.46
11-09-2014,00:34:57.024,0.93626,0.93616,1.25,1
11-09-2014,00:34:57.532,0.93626,0.93613,1.76,1.46
11-09-2014,00:34:58.039,0.93626,0.93613,1.84,1.39
11-09-2014,00:34:58.548,0.93626,0.93613,1.76,1.46
11-09-2014,00:34:59.250,0.93626,0.93616,1.25,1
11-09-2014,00:34:59.757,0.93626,0.93613,1.69,1.77
11-09-2014,00:35:00.367,0.93626,0.93616,1.25,1.12
11-09-2014,00:35:01.887,0.93626,0.93613,1.57,1.47
11-09-2014,00:35:02.396,0.93626,0.93613,1.69,1.46
11-09-2014,00:35:03.535,0.93626,0.93613,1.84,1.39
11-09-2014,00:35:04.042,0.93626,0.93613,1.76,1.46
11-09-2014,00:35:10.227,0.93626,0.93613,1.69,1.77
11-09-2014,00:35:17.442,0.93626,0.93613,1.76,1.46
11-09-2014,00:35:20.745,0.93626,0.93613,1.76,1.46
11-09-2014,00:35:22.338,0.93626,0.93616,1.01,1
11-09-2014,00:35:22.848,0.93626,0.93613,1.76,1.46
11-09-2014,00:35:23.564,0.93626,0.93616,1.01,1
11-09-2014,00:35:24.085,0.93626,0.93612,1.01,2.21
11-09-2014,00:35:27.824,0.93626,0.93616,1.01,1
11-09-2014,00:35:28.347,0.93626,0.93612,1.01,2.21
11-09-2014,00:35:29.372,0.93626,0.93616,1.31,1
11-09-2014,00:35:29.895,0.93626,0.93613,1.69,1.77
11-09-2014,00:35:45.969,0.93626,0.93613,1.84,1.39
11-09-2014,00:35:48.778,0.93626,0.93613,1.76,1.46
11-09-2014,00:35:52.887,0.93626,0.93613,2.51,1.55
11-09-2014,00:35:59.210,0.93624,0.93613,1,1.55
11-09-2014,00:36:11.743,0.93625,0.93613,1,1.7
11-09-2014,00:36:12.308,0.93626,0.93613,1.76,1.7
11-09-2014,00:36:12.783,0.93626,0.93613,2.96,1.39
11-09-2014,00:36:13.392,0.93624,0.93611,1.76,1.46
11-09-2014,00:36:13.960,0.93624,0.93611,1.69,1.46
11-09-2014,00:36:14.477,0.93624,0.93611,2.14,1.46
11-09-2014,00:36:14.884,0.93624,0.93611,2.96,1.25
11-09-2014,00:36:15.190,0.93622,0.93611,2.21,1
11-09-2014,00:36:15.241,0.9362,0.93606,1.17,2.96
11-09-2014,00:36:16.272,0.9362,0.93606,2.51,1.71
11-09-2014,00:36:16.374,0.9362,0.93606,2.59,1.66
11-09-2014,00:36:16.904,0.9362,0.93606,2.59,1.66
11-09-2014,00:36:18.233,0.9362,0.93605,3.26,2.21
11-09-2014,00:36:19.920,0.9362,0.93605,3.71,2.21
11-09-2014,00:36:20.562,0.93619,0.93605,1.36,1.46
11-09-2014,00:36:21.391,0.93619,0.93605,1.36,1.46
11-09-2014,00:36:23.336,0.9362,0.93605,3.34,2.14
11-09-2014,00:36:24.126,0.9362,0.93605,2.59,2.96
11-09-2014,00:36:26.129,0.9362,0.93606,1.76,1.71
11-09-2014,00:36:33.977,0.9362,0.93606,1.76,1.71
11-09-2014,00:36:34.485,0.9362,0.93605,1.76,2.21
11-09-2014,00:36:35.567,0.9362,0.93605,1.76,2.21
11-09-2014,00:36:42.918,0.9362,0.93605,3.71,2.21
11-09-2014,00:36:45.191,0.9362,0.93605,3.71,2.21
11-09-2014,00:36:45.698,0.9362,0.93605,3.26,2.21
11-09-2014,00:36:46.205,0.9362,0.93606,2.89,1.71
11-09-2014,00:36:46.510,0.93621,0.93608,2.59,1.95
11-09-2014,00:36:47.017,0.93621,0.93608,1.69,2.02
11-09-2014,00:36:47.524,0.93621,0.93608,1,2.96
11-09-2014,00:36:50.094,0.93621,0.93608,1,2.96
11-09-2014,00:36:50.603,0.93621,0.93608,1,3.71
11-09-2014,00:36:51.109,0.93621,0.93608,1,3.71
11-09-2014,00:36:51.655,0.93621,0.93609,1,1.71
11-09-2014,00:36:51.861,0.93621,0.93609,1,1.71
11-09-2014,00:36:52.318,0.93621,0.93609,1,1.71
11-09-2014,00:36:52.830,0.93621,0.93609,1,1.71
11-09-2014,00:36:54.801,0.93621,0.93609,1,1.71
11-09-2014,00:36:55.309,0.93621,0.93609,1,1.71
11-09-2014,00:36:56.957,0.93624,0.93611,1.76,1.55
11-09-2014,00:36:57.483,0.93624,0.93611,1.25,1.77
11-09-2014,00:36:58.099,0.93624,0.93611,1.25,2.21
11-09-2014,00:36:58.771,0.93624,0.93611,1,2.96
11-09-2014,00:37:01.386,0.93624,0.93611,1,2.21
11-09-2014,00:37:01.916,0.93624,0.93611,1.25,2.21
11-09-2014,00:37:02.677,0.93624,0.93611,1.25,2.21
11-09-2014,00:37:05.155,0.93624,0.93611,1.17,2.89
11-09-2014,00:37:05.667,0.93624,0.93611,1.17,2.89
11-09-2014,00:37:06.172,0.93624,0.93611,1.01,2.21
11-09-2014,00:37:13.392,0.93624,0.93611,1.1,2.21
11-09-2014,00:37:17.846,0.93624,0.93611,1.01,2.21
11-09-2014,00:37:19.920,0.93624,0.93611,1.1,2.96
11-09-2014,00:37:22.265,0.93624,0.93611,1,2.96
11-09-2014,00:37:23.573,0.93624,0.93611,1.01,2.21
11-09-2014,00:37:24.836,0.93624,0.93611,1.01,2.21
11-09-2014,00:37:25.362,0.93624,0.93611,1.01,2.21
11-09-2014,00:37:30.094,0.93624,0.93611,1.39,1.46
11-09-2014,00:37:33.536,0.93624,0.93611,1.46,1.39
11-09-2014,00:37:49.877,0.93623,0.93611,1.01,1.47
11-09-2014,00:37:59.500,0.93623,0.9361,1.01,1.46
11-09-2014,00:38:00.578,0.93623,0.93611,1.09,1.37
11-09-2014,00:38:01.146,0.93623,0.93611,1.01,1.47
11-09-2014,00:38:04.418,0.93623,0.93611,1,1.46
11-09-2014,00:38:05.055,0.93625,0.93611,2.96,1.46
11-09-2014,00:38:05.258,0.93625,0.93611,2.96,1.39
11-09-2014,00:38:05.787,0.93625,0.93611,2.96,1.39
11-09-2014,00:38:16.344,0.93624,0.93614,1.17,1.62
11-09-2014,00:38:16.699,0.93625,0.93614,1.1,1.31
11-09-2014,00:38:17.400,0.93625,0.93615,1.1,1.25
11-09-2014,00:38:20.922,0.93625,0.93614,1.2,1.31
11-09-2014,00:38:21.913,0.93625,0.93614,1.2,1.31
11-09-2014,00:38:32.317,0.93625,0.93613,1,1.74
11-09-2014,00:38:32.823,0.93626,0.93613,1,1.71
11-09-2014,00:38:35.029,0.93626,0.93612,1.47,1.77
11-09-2014,00:38:35.536,0.93624,0.93611,1,1.71
11-09-2014,00:38:36.222,0.93624,0.93611,1.37,1.71
11-09-2014,00:38:36.324,0.93623,0.9361,1.2,1.46
11-09-2014,00:38:36.375,0.93621,0.9361,1,1.39
11-09-2014,00:38:36.528,0.93621,0.93609,1.45,1.12
11-09-2014,00:38:36.731,0.93618,0.93607,1,1.64
11-09-2014,00:38:42.588,0.93618,0.93607,1,1.7
11-09-2014,00:38:52.592,0.93618,0.93608,1,1.47
11-09-2014,00:38:52.797,0.93621,0.93611,1.57,1.37
11-09-2014,00:38:53.309,0.93622,0.93611,1.57,1.37
11-09-2014,00:38:53.818,0.93622,0.93611,1.57,1.37
11-09-2014,00:38:55.007,0.93622,0.93611,1.1,1.37
11-09-2014,00:38:55.515,0.93623,0.93611,1.69,2.02
11-09-2014,00:38:56.273,0.93623,0.93611,1.57,2.14
11-09-2014,00:38:57.149,0.93623,0.93611,1.65,2.14
11-09-2014,00:38:59.943,0.93623,0.93611,1.5,2.21
11-09-2014,00:39:00.491,0.93623,0.93611,2.4,2.06
11-09-2014,00:39:01.027,0.93623,0.93611,2.32,2.14
11-09-2014,00:39:01.804,0.93623,0.93611,2.32,2.14
11-09-2014,00:39:02.058,0.93623,0.93611,2.51,1.37
11-09-2014,00:39:02.571,0.93623,0.93611,2.59,1.37
11-09-2014,00:39:05.483,0.93623,0.93611,2.4,1.62
11-09-2014,00:39:07.110,0.93623,0.93611,2.4,1.62
11-09-2014,00:39:07.617,0.93623,0.93611,1.57,1.39
11-09-2014,00:39:11.264,0.93623,0.93612,1.5,1.66
11-09-2014,00:39:12.860,0.93623,0.93611,1.5,2.96
11-09-2014,00:39:13.983,0.93623,0.93611,2.32,1.37
11-09-2014,00:39:14.490,0.93623,0.93611,2.32,1.87
11-09-2014,00:39:15.674,0.93623,0.93611,2.51,1.37
11-09-2014,00:39:16.181,0.93623,0.93611,1.57,1.39
11-09-2014,00:39:16.486,0.93623,0.93611,1.57,2.21
11-09-2014,00:39:20.060,0.93623,0.93611,1.5,2.96
11-09-2014,00:39:23.994,0.93623,0.93611,1.5,2.96
11-09-2014,00:39:27.275,0.93623,0.93611,1.5,2.96
11-09-2014,00:39:43.337,0.93623,0.93611,1.5,3.71
11-09-2014,00:39:43.843,0.93623,0.93611,1.5,3.71
11-09-2014,00:40:04.376,0.93623,0.93612,1,1.46
11-09-2014,00:40:06.476,0.93624,0.93612,1,1.46
11-09-2014,00:40:08.122,0.93624,0.93612,1,2.21
11-09-2014,00:40:08.655,0.93624,0.93613,1,1.47
11-09-2014,00:40:10.028,0.93624,0.93612,1,1.46
11-09-2014,00:40:11.997,0.93623,0.93611,1.5,2.89
11-09-2014,00:40:13.086,0.93624,0.93611,1.01,1.46
11-09-2014,00:40:14.217,0.93623,0.93611,1,1.46
11-09-2014,00:40:14.268,0.93623,0.93611,1.87,1.46
11-09-2014,00:40:14.421,0.93621,0.93609,1.1,1.39
11-09-2014,00:40:14.943,0.9362,0.93607,1.57,2.21
11-09-2014,00:40:15.451,0.93619,0.93606,1,2.96
11-09-2014,00:40:15.564,0.93619,0.93606,1,2.96
11-09-2014,00:40:15.666,0.93619,0.93606,1,2.96
11-09-2014,00:40:17.378,0.9362,0.93606,1.76,2.96
11-09-2014,00:40:18.193,0.9362,0.93608,1.76,1.47
11-09-2014,00:40:18.659,0.9362,0.9361,1.5,1.37
11-09-2014,00:40:18.811,0.93622,0.93611,1,1.37
11-09-2014,00:40:19.319,0.93623,0.93611,1,2.02
11-09-2014,00:40:24.960,0.93623,0.93611,1,2.21
11-09-2014,00:40:25.563,0.93623,0.93611,1,2.21
11-09-2014,00:40:27.769,0.93623,0.93611,1,2.21
11-09-2014,00:40:27.872,0.93623,0.93611,1,2.21
11-09-2014,00:40:47.951,0.93624,0.93612,1.25,1.55
11-09-2014,00:40:48.456,0.93624,0.93612,1.25,1.55
11-09-2014,00:40:50.334,0.93624,0.93612,1.01,1.47
11-09-2014,00:40:54.755,0.93624,0.93611,1.62,2.21
11-09-2014,00:40:55.060,0.93621,0.93609,1.07,1.62
11-09-2014,00:40:55.564,0.93621,0.93608,1.57,2.96
11-09-2014,00:40:56.290,0.93621,0.93608,1.84,1.39
11-09-2014,00:40:56.821,0.93621,0.93608,1.76,1.46
11-09-2014,00:41:02.301,0.93621,0.93608,1.84,1.39
11-09-2014,00:41:02.862,0.93621,0.93608,1.69,1.46
11-09-2014,00:41:03.781,0.93619,0.93608,1,1.39
11-09-2014,00:41:19.390,0.93619,0.93608,1,1.46
11-09-2014,00:41:20.090,0.93619,0.93608,1,1.46
11-09-2014,00:41:30.966,0.93619,0.93611,1,1
11-09-2014,00:41:31.473,0.93621,0.93611,2.21,1
11-09-2014,00:41:32.023,0.93621,0.93608,2.81,1.57
11-09-2014,00:41:37.521,0.93621,0.93608,2.96,1.37
11-09-2014,00:41:38.775,0.93619,0.93608,1,1.47
11-09-2014,00:41:43.740,0.93619,0.93608,1,1.2
11-09-2014,00:41:44.400,0.93619,0.93606,2.89,1.55
11-09-2014,00:41:55.266,0.93619,0.93606,3.34,1.95
11-09-2014,00:41:55.776,0.93619,0.93607,2.89,1.1
11-09-2014,00:41:57.245,0.93619,0.93607,1.57,1.01
11-09-2014,00:42:01.285,0.93619,0.93607,1.65,1
11-09-2014,00:42:02.755,0.93619,0.93607,1.65,1.1
11-09-2014,00:42:04.157,0.93619,0.93607,1.57,1
11-09-2014,00:42:05.578,0.93619,0.93606,1.65,1.39
11-09-2014,00:42:06.090,0.93617,0.93606,1,1.39
11-09-2014,00:42:13.349,0.93618,0.93607,1.5,1.2
11-09-2014,00:42:14.032,0.93618,0.93607,1.1,1.37
11-09-2014,00:42:15.207,0.93618,0.93607,1,1.39
11-09-2014,00:42:15.730,0.93619,0.93607,1.5,1.46
11-09-2014,00:42:16.237,0.9362,0.93608,1.01,1.2
11-09-2014,00:42:16.642,0.9362,0.93608,1.25,1.55
11-09-2014,00:42:18.197,0.93621,0.93608,2.44,1.77
11-09-2014,00:42:24.120,0.93621,0.9361,1,1.32
11-09-2014,00:42:29.895,0.93621,0.93613,1,1.12
11-09-2014,00:42:30.048,0.93625,0.93613,1.39,1.2
11-09-2014,00:42:30.099,0.93626,0.93613,1.84,1.47
11-09-2014,00:42:30.606,0.93626,0.93615,1.1,1
11-09-2014,00:42:31.117,0.93627,0.93616,1.84,1
11-09-2014,00:42:33.088,0.93627,0.93616,1.84,1.37
11-09-2014,00:42:37.447,0.93627,0.93616,1.09,1.37
11-09-2014,00:42:39.514,0.93627,0.93616,1.1,1.12
11-09-2014,00:42:48.586,0.93627,0.93616,1.01,1.37
11-09-2014,00:42:58.550,0.93627,0.93616,1.07,1.37
11-09-2014,00:42:59.067,0.93627,0.93616,1.27,1.12
11-09-2014,00:43:00.584,0.93627,0.93616,1.46,1.12
11-09-2014,00:43:01.191,0.93627,0.93616,1.39,1.12
11-09-2014,00:43:03.228,0.93627,0.93616,1.39,1.12
11-09-2014,00:43:04.086,0.93627,0.93616,2.14,1
11-09-2014,00:43:05.079,0.93627,0.93616,2.14,1
11-09-2014,00:43:07.561,0.93626,0.93616,1.5,1
11-09-2014,00:43:18.707,0.93626,0.93616,1.1,2.06
11-09-2014,00:43:40.581,0.93626,0.93616,1,1.62
11-09-2014,00:43:41.102,0.93626,0.93615,1,1.66
11-09-2014,00:43:43.021,0.93627,0.93615,2.32,1.66
11-09-2014,00:43:44.015,0.93627,0.93616,2.32,1.31
11-09-2014,00:43:44.542,0.93627,0.93616,2.32,1.62
11-09-2014,00:43:52.624,0.93627,0.93616,2.25,1.39
11-09-2014,00:43:54.519,0.93627,0.93615,2.25,1.74
11-09-2014,00:44:03.137,0.93626,0.93616,1,1.66
11-09-2014,00:44:11.149,0.93627,0.93616,1,2.14
11-09-2014,00:44:11.675,0.93628,0.93617,1.1,2.06
11-09-2014,00:44:13.002,0.93628,0.93617,1.1,2.06
11-09-2014,00:44:14.994,0.93628,0.93617,1.07,2.06
11-09-2014,00:44:15.502,0.93628,0.93617,1.1,2.06
11-09-2014,00:44:16.053,0.93628,0.93617,1.17,2.06
11-09-2014,00:44:17.711,0.93628,0.93617,1.1,2.06
11-09-2014,00:44:18.472,0.93628,0.93617,1.17,2.06
11-09-2014,00:44:19.515,0.93626,0.93615,1,1.39
11-09-2014,00:44:20.025,0.93626,0.93615,1.5,2.14
11-09-2014,00:44:23.826,0.93626,0.93616,1.5,1.62
11-09-2014,00:44:33.448,0.93626,0.93615,1.57,2.81
11-09-2014,00:44:33.963,0.93625,0.93615,1,2.81
11-09-2014,00:44:41.940,0.93625,0.93616,1,1.37
11-09-2014,00:44:42.463,0.93626,0.93616,1,2.06
11-09-2014,00:44:50.173,0.93626,0.93616,1.1,1.37
11-09-2014,00:44:50.701,0.93627,0.93616,1.84,1.37
11-09-2014,00:44:51.232,0.93627,0.93616,1.84,1.37
11-09-2014,00:44:51.776,0.93627,0.93616,1.76,1.37
11-09-2014,00:44:52.525,0.93627,0.93616,1.76,1.37
11-09-2014,00:44:56.663,0.93627,0.93616,1.84,1.37
11-09-2014,00:44:57.182,0.93627,0.93616,1.84,1.37
11-09-2014,00:44:57.745,0.93627,0.93616,1.84,1.37
11-09-2014,00:44:59.794,0.93627,0.93616,1.76,1.37
11-09-2014,00:45:03.497,0.93627,0.93616,1.5,1.95
11-09-2014,00:45:04.802,0.93627,0.93616,1.5,1.95
11-09-2014,00:45:05.348,0.93627,0.93616,1.5,1.95
11-09-2014,00:45:05.856,0.93627,0.93616,1.5,1.95
11-09-2014,00:45:11.728,0.93627,0.93616,1.5,2.7
11-09-2014,00:45:12.848,0.93626,0.93615,1,1.95
11-09-2014,00:45:16.923,0.93626,0.93615,1,1.47
11-09-2014,00:45:20.356,0.93626,0.93615,1.1,1.87
11-09-2014,00:45:21.074,0.93626,0.93615,1.1,1.87
11-09-2014,00:45:21.585,0.93626,0.93615,1.2,1.12
11-09-2014,00:45:34.113,0.93626,0.93615,1.25,1.37
11-09-2014,00:45:38.200,0.93626,0.93616,1.5,1.31
11-09-2014,00:46:03.241,0.93624,0.93616,1,1.19
11-09-2014,00:46:03.755,0.93624,0.93615,1,2.21
11-09-2014,00:46:06.213,0.93625,0.93616,1,1.01
11-09-2014,00:46:06.722,0.93626,0.93617,1.5,1
11-09-2014,00:46:07.228,0.93628,0.93617,2.02,1
11-09-2014,00:46:07.877,0.93628,0.93617,1.65,1.12
11-09-2014,00:46:13.378,0.93628,0.93617,2.02,1
11-09-2014,00:46:14.713,0.93628,0.93617,2.02,1.12
11-09-2014,00:46:15.231,0.93628,0.93618,2.02,1
11-09-2014,00:46:16.900,0.93628,0.93617,1.27,1.12
11-09-2014,00:46:24.458,0.93628,0.93617,1.57,1
11-09-2014,00:46:25.717,0.93628,0.93616,1.57,1.31
11-09-2014,00:46:27.250,0.93628,0.93616,1.2,1.25
11-09-2014,00:46:44.179,0.93628,0.93616,1.07,1.69
11-09-2014,00:46:44.720,0.93628,0.93616,1.1,1.76
11-09-2014,00:46:51.399,0.93628,0.93616,1.17,1.69
11-09-2014,00:46:51.983,0.93628,0.93616,1.1,1.76
11-09-2014,00:47:04.038,0.93628,0.93618,1.1,2.44
11-09-2014,00:47:04.915,0.93628,0.93618,1.07,2.44
11-09-2014,00:47:05.444,0.93628,0.93618,1,2.44
11-09-2014,00:47:06.405,0.93629,0.93618,1.2,2.44
11-09-2014,00:47:10.638,0.93629,0.93617,1.2,3.56
11-09-2014,00:47:13.441,0.93629,0.93618,1.2,1.19
11-09-2014,00:47:20.855,0.93629,0.93618,1.15,2.44
11-09-2014,00:47:22.157,0.93629,0.93618,1.17,2.44
11-09-2014,00:47:37.489,0.93629,0.93619,1.55,1.19
11-09-2014,00:47:38.507,0.93629,0.93619,1.55,1.25
11-09-2014,00:47:39.274,0.93629,0.93619,1.2,1.25
11-09-2014,00:47:39.578,0.93629,0.93619,1.37,1.76
11-09-2014,00:47:39.882,0.93629,0.93619,1.2,1.69
11-09-2014,00:47:40.796,0.9363,0.93621,1.47,1
11-09-2014,00:47:41.331,0.9363,0.93621,1.47,1
11-09-2014,00:47:43.571,0.9363,0.93621,1.37,1
11-09-2014,00:47:45.005,0.9363,0.93621,1.12,1
11-09-2014,00:47:45.816,0.93631,0.93621,1.37,4.01
11-09-2014,00:47:47.305,0.93631,0.93622,1.12,1.25
11-09-2014,00:47:47.834,0.93631,0.93622,1.37,1.25
11-09-2014,00:47:48.711,0.93631,0.93621,1.37,3.26
11-09-2014,00:47:53.391,0.93631,0.93621,1.37,3.26
11-09-2014,00:47:53.926,0.93631,0.93622,1.12,1.25
11-09-2014,00:47:56.247,0.93631,0.93623,1,2.44
11-09-2014,00:47:56.349,0.93633,0.93622,1.2,1.31
11-09-2014,00:47:56.857,0.93634,0.93622,1.57,1.66
11-09-2014,00:47:57.446,0.93634,0.93622,1.95,1.39
11-09-2014,00:47:58.735,0.93634,0.93623,1.95,1.25
11-09-2014,00:48:03.934,0.93634,0.93623,1.95,1.25
11-09-2014,00:48:04.810,0.93634,0.93623,1.95,1.25
11-09-2014,00:48:06.417,0.93634,0.93623,1.95,1.25
11-09-2014,00:48:06.974,0.93634,0.93623,1.95,2.44
11-09-2014,00:48:07.485,0.93634,0.93623,1.95,2.44
11-09-2014,00:48:08.867,0.93634,0.93623,1.95,1.25
11-09-2014,00:48:10.848,0.93634,0.93623,1.95,1.31
11-09-2014,00:48:11.362,0.93634,0.93623,2.02,1.31
11-09-2014,00:48:12.074,0.93634,0.93623,2.02,1.31
11-09-2014,00:48:12.126,0.93634,0.93623,2.02,1.31
11-09-2014,00:48:16.146,0.93634,0.93623,1.95,1.19
11-09-2014,00:48:16.786,0.93633,0.93622,1.95,1.19
11-09-2014,00:48:17.302,0.93631,0.93622,1,1.19
11-09-2014,00:48:17.841,0.93631,0.93621,1,1.31
11-09-2014,00:48:18.349,0.9363,0.93621,1,1.31
11-09-2014,00:48:19.103,0.9363,0.9362,1,1.56
11-09-2014,00:48:23.285,0.93631,0.9362,2.7,1.25
11-09-2014,00:48:23.590,0.93629,0.93619,1.47,1.5
11-09-2014,00:48:23.996,0.93629,0.93619,1.65,1
11-09-2014,00:48:24.517,0.93629,0.93619,1.65,1
11-09-2014,00:48:25.026,0.93629,0.93617,1.5,2.21
11-09-2014,00:48:25.810,0.93629,0.93618,1.5,1.39
11-09-2014,00:48:33.525,0.93629,0.9362,1,1.25
11-09-2014,00:48:38.911,0.93629,0.93619,1.12,1.69
11-09-2014,00:48:40.221,0.93629,0.93619,1.47,1.25
11-09-2014,00:48:40.728,0.93627,0.93618,1,1
11-09-2014,00:48:41.097,0.93629,0.93619,1.5,1.01
11-09-2014,00:48:41.629,0.93629,0.9362,1,1
11-09-2014,00:48:41.984,0.93629,0.9362,1,1.15
11-09-2014,00:48:42.035,0.93631,0.9362,1.5,1.15
11-09-2014,00:48:48.936,0.93631,0.93622,1.5,1.29
11-09-2014,00:49:06.905,0.93631,0.93622,1,1.01
11-09-2014,00:49:10.310,0.93631,0.9362,1.37,1.4
11-09-2014,00:49:10.412,0.93631,0.9362,1.47,1.25
11-09-2014,00:49:10.920,0.93628,0.9362,1,1.25
11-09-2014,00:49:11.773,0.93628,0.93619,1,1.01
11-09-2014,00:49:37.374,0.93628,0.93619,1,1.09
11-09-2014,00:49:37.882,0.93628,0.93619,1,1.01
11-09-2014,00:49:38.084,0.93628,0.93619,1,1.39
11-09-2014,00:49:44.513,0.93628,0.93621,1,1.37
11-09-2014,00:49:48.225,0.93628,0.9362,1,1.56
11-09-2014,00:49:51.489,0.93628,0.9362,1,1.62
11-09-2014,00:49:52.277,0.93629,0.93621,1,1.37
11-09-2014,00:49:52.927,0.9363,0.93621,1,2.06
11-09-2014,00:49:54.904,0.9363,0.93621,1,1.69
11-09-2014,00:50:07.170,0.9363,0.93621,1.47,1.25
11-09-2014,00:50:07.677,0.9363,0.9362,1.1,1.12
11-09-2014,00:50:08.399,0.93628,0.93618,1,1.39
11-09-2014,00:50:08.908,0.93628,0.93618,1,1.62
11-09-2014,00:50:17.562,0.93628,0.93618,1.5,1.37
11-09-2014,00:50:22.013,0.93628,0.93618,1.5,1.62
11-09-2014,00:50:22.522,0.93628,0.93618,1.5,1.01
11-09-2014,00:50:47.297,0.93628,0.93618,1.5,1.47
11-09-2014,00:50:49.558,0.93628,0.93618,1.5,1.1
11-09-2014,00:50:50.066,0.93628,0.93618,1.5,1.47
11-09-2014,00:50:52.549,0.93628,0.93618,1.87,1.1
11-09-2014,00:51:04.461,0.93628,0.93618,1.87,1.1
11-09-2014,00:51:04.969,0.93628,0.93618,2.7,1
11-09-2014,00:51:05.223,0.93627,0.93616,1.37,1.57
11-09-2014,00:51:05.780,0.93627,0.93616,1.12,1.57
11-09-2014,00:51:08.299,0.93627,0.93616,1.37,1.57
11-09-2014,00:51:13.425,0.93627,0.93617,1.1,1
11-09-2014,00:51:13.932,0.93628,0.93618,1.12,1.1
11-09-2014,00:51:38.687,0.93628,0.93617,1.37,1.01
11-09-2014,00:51:40.218,0.93628,0.93617,1.37,1
11-09-2014,00:51:40.320,0.93628,0.93617,1.12,1.1
11-09-2014,00:51:40.994,0.93628,0.93617,1.37,1.1
11-09-2014,00:51:41.702,0.93628,0.93617,1.12,1.1
11-09-2014,00:51:42.007,0.93628,0.93617,1,1.4
11-09-2014,00:51:42.058,0.9363,0.93617,2.06,1.84
11-09-2014,00:51:42.593,0.9363,0.9362,2.06,1
11-09-2014,00:51:47.199,0.9363,0.9362,1.55,1
11-09-2014,00:51:47.706,0.93628,0.9362,1.37,1
11-09-2014,00:51:48.256,0.93628,0.9362,1.37,1
11-09-2014,00:51:48.814,0.93628,0.9362,1.12,1
11-09-2014,00:51:49.474,0.93629,0.9362,1,1
11-09-2014,00:51:51.213,0.93629,0.9362,1.47,1
11-09-2014,00:52:00.055,0.93629,0.9362,1.37,1
11-09-2014,00:52:00.752,0.93629,0.9362,1.37,1
11-09-2014,00:52:01.276,0.93629,0.9362,1.62,1
11-09-2014,00:52:05.076,0.93629,0.9362,2.14,1
11-09-2014,00:52:05.279,0.93629,0.9362,2.06,1
11-09-2014,00:52:05.788,0.93629,0.9362,1.62,1
11-09-2014,00:52:06.354,0.93629,0.9362,1.62,1
11-09-2014,00:52:06.992,0.93629,0.9362,1.62,1
11-09-2014,00:52:09.697,0.93629,0.9362,1.62,1
11-09-2014,00:52:10.205,0.93629,0.9362,1.12,1
11-09-2014,00:52:10.920,0.93629,0.93618,1.25,1
11-09-2014,00:52:11.021,0.93629,0.9362,1.01,1
11-09-2014,00:52:11.326,0.93627,0.93618,1,1.1
11-09-2014,00:52:14.296,0.93628,0.93618,1.12,1.1
11-09-2014,00:52:14.803,0.93629,0.93618,1.31,1.1
11-09-2014,00:52:19.308,0.93629,0.93618,1.37,1.1
11-09-2014,00:52:19.765,0.93629,0.93618,1.12,1.15
11-09-2014,00:52:20.272,0.93631,0.9362,2.06,1.17
11-09-2014,00:52:20.780,0.93631,0.9362,1.37,1
11-09-2014,00:52:22.483,0.93631,0.9362,1.37,1.17
11-09-2014,00:52:23.130,0.93631,0.9362,1.37,1.17
11-09-2014,00:52:23.907,0.93631,0.9362,1.37,1.1
11-09-2014,00:52:24.803,0.93631,0.9362,1.37,1.1
11-09-2014,00:52:26.400,0.93631,0.9362,1.37,1.1
11-09-2014,00:52:29.210,0.93631,0.9362,1.37,1.1
11-09-2014,00:52:29.721,0.93631,0.93621,1.62,1
11-09-2014,00:52:30.891,0.93631,0.9362,1.39,1
11-09-2014,00:52:31.248,0.9363,0.9362,1.55,1
11-09-2014,00:52:31.350,0.9363,0.9362,1.17,1
11-09-2014,00:52:31.505,0.9363,0.9362,1.55,1
11-09-2014,00:52:32.014,0.9363,0.9362,1.46,1
11-09-2014,00:52:38.016,0.9363,0.9362,1.46,1
11-09-2014,00:52:39.929,0.9363,0.9362,1.46,1
11-09-2014,00:52:40.538,0.9363,0.9362,1.62,1
11-09-2014,00:52:40.843,0.9363,0.9362,1.25,1
11-09-2014,00:52:41.771,0.9363,0.9362,1.62,1
11-09-2014,00:52:42.027,0.9363,0.9362,1.25,1
11-09-2014,00:52:42.237,0.9363,0.9362,1.62,1
11-09-2014,00:52:42.542,0.9363,0.9362,1.31,1
11-09-2014,00:52:49.069,0.9363,0.9362,1.62,1
11-09-2014,00:52:49.272,0.9363,0.9362,1.25,1
11-09-2014,00:52:49.578,0.9363,0.9362,1.62,1
11-09-2014,00:52:53.155,0.93631,0.9362,1.39,1
11-09-2014,00:53:13.042,0.93631,0.9362,2.14,1
11-09-2014,00:53:13.659,0.93629,0.9362,1.47,1
11-09-2014,00:53:14.022,0.93629,0.9362,1.47,1
11-09-2014,00:53:14.642,0.93629,0.9362,1.47,1
11-09-2014,00:53:19.939,0.93629,0.93616,2.14,1.17
11-09-2014,00:53:20.557,0.93629,0.93618,2.14,1
11-09-2014,00:53:21.097,0.93629,0.93619,2.14,1
11-09-2014,00:53:29.108,0.93629,0.93619,1.62,1
11-09-2014,00:53:35.721,0.93629,0.93621,1,1
11-09-2014,00:53:36.026,0.93632,0.93622,2.81,1
11-09-2014,00:53:36.128,0.93632,0.9362,2.06,1.07
11-09-2014,00:53:36.647,0.93631,0.9362,1.46,1
11-09-2014,00:53:37.177,0.93629,0.9362,1,1
11-09-2014,00:53:38.717,0.93629,0.9362,1.62,1
11-09-2014,00:53:38.921,0.93629,0.9362,1.31,1
11-09-2014,00:53:43.844,0.93631,0.9362,1.62,1.1
11-09-2014,00:53:45.273,0.93631,0.93621,1.31,1.1
11-09-2014,00:53:45.781,0.93632,0.93621,2.06,1.07
11-09-2014,00:53:46.325,0.93632,0.93621,1,1.1
11-09-2014,00:53:47.334,0.93632,0.93621,1,1.07
11-09-2014,00:53:47.866,0.93632,0.93621,1,1.1
11-09-2014,00:53:49.544,0.93632,0.93621,1,1.07
11-09-2014,00:53:50.061,0.93632,0.93621,1,1.1
11-09-2014,00:53:50.584,0.93632,0.93621,1,1.07
11-09-2014,00:53:51.469,0.93632,0.93623,1,1.1
11-09-2014,00:53:51.571,0.93632,0.93625,1,1.5
11-09-2014,00:53:51.876,0.93634,0.93625,1.5,1.5
11-09-2014,00:53:52.383,0.93635,0.93625,1,1.5
11-09-2014,00:53:56.678,0.93635,0.93626,1,1
11-09-2014,00:53:57.184,0.93635,0.93627,1,1
11-09-2014,00:54:00.228,0.93636,0.93627,1.5,1.1
11-09-2014,00:54:01.767,0.93636,0.93627,1,1.37
11-09-2014,00:54:02.289,0.93636,0.93627,1,1.25
11-09-2014,00:54:11.074,0.93636,0.93627,1.37,1
11-09-2014,00:54:11.176,0.93636,0.93625,1.47,1
11-09-2014,00:54:11.683,0.93636,0.93625,1.1,1
11-09-2014,00:54:11.785,0.93634,0.93625,1,1
11-09-2014,00:54:17.603,0.93635,0.93625,1.5,1.25
11-09-2014,00:54:19.002,0.93635,0.93625,1,1.62
11-09-2014,00:54:23.837,0.93635,0.93625,1,1.31
11-09-2014,00:54:24.347,0.93635,0.93625,1,1.62
11-09-2014,00:54:28.513,0.93635,0.93625,1,1.62
11-09-2014,00:54:28.938,0.93637,0.93627,1.1,1.87
11-09-2014,00:54:30.056,0.93637,0.93627,1.1,1.87
11-09-2014,00:54:30.728,0.93637,0.93627,1.1,2.06
11-09-2014,00:54:34.733,0.93637,0.93627,1.1,1.12
11-09-2014,00:54:36.036,0.93637,0.93627,1.1,1.37
11-09-2014,00:54:37.360,0.93637,0.93627,1.1,1.12
11-09-2014,00:54:37.868,0.93637,0.93627,1.1,1.37
11-09-2014,00:54:43.698,0.93637,0.93631,1,1
11-09-2014,00:54:43.902,0.93641,0.9363,1.76,1
11-09-2014,00:54:44.409,0.93641,0.93631,1.25,1.1
11-09-2014,00:54:44.754,0.93641,0.9363,1.09,1
11-09-2014,00:54:45.263,0.93638,0.9363,1,1
11-09-2014,00:54:51.271,0.93639,0.9363,1,1.1
11-09-2014,00:54:51.374,0.93641,0.9363,1.25,1.47
11-09-2014,00:54:51.884,0.93641,0.93632,1,1.1
11-09-2014,00:54:52.392,0.93641,0.93632,1.57,1.1
11-09-2014,00:54:52.547,0.93641,0.9363,2.02,1
11-09-2014,00:54:53.363,0.9364,0.9363,1.65,1
11-09-2014,00:54:55.126,0.9364,0.9363,2.14,1
11-09-2014,00:54:55.634,0.93639,0.9363,1,1
11-09-2014,00:55:00.568,0.93639,0.93626,1.5,3.71
11-09-2014,00:55:00.720,0.93637,0.93626,1,2.21
11-09-2014,00:55:01.025,0.93639,0.93626,2.25,2.21
11-09-2014,00:55:01.128,0.93638,0.93627,1,1.09
11-09-2014,00:55:01.562,0.93639,0.93627,1,2.21
11-09-2014,00:55:01.614,0.93641,0.93628,1.69,1.46
11-09-2014,00:55:02.223,0.93641,0.9363,1.69,1.17
11-09-2014,00:55:03.008,0.93641,0.9363,1.5,1
11-09-2014,00:55:03.212,0.93641,0.93628,2.81,2.02
11-09-2014,00:55:03.263,0.93639,0.93628,1,1.65
11-09-2014,00:55:03.771,0.93639,0.93628,1.55,1
11-09-2014,00:55:04.282,0.93637,0.93628,1,1
11-09-2014,00:55:06.743,0.93639,0.93628,1.46,1
11-09-2014,00:55:08.538,0.93639,0.93628,1.46,1.5
11-09-2014,00:55:09.049,0.93639,0.93628,1.09,1.5
11-09-2014,00:55:09.557,0.93639,0.93628,1.01,1.5
11-09-2014,00:55:15.678,0.93639,0.93628,1.39,1.5
11-09-2014,00:55:16.187,0.93639,0.93628,1.01,1.5
11-09-2014,00:55:18.231,0.93639,0.93628,1.09,1.5
11-09-2014,00:55:18.742,0.93639,0.93628,1.39,1.87
11-09-2014,00:55:19.267,0.93639,0.93629,1.2,1.25
11-09-2014,00:55:19.780,0.93639,0.93628,1.27,1.25
11-09-2014,00:55:20.295,0.93639,0.93628,1.2,1.31
11-09-2014,00:55:22.434,0.93639,0.93628,1.07,1
11-09-2014,00:55:22.942,0.93639,0.93628,1.7,1
11-09-2014,00:55:23.450,0.93638,0.93628,1.65,1
11-09-2014,00:55:24.270,0.93638,0.93628,1,1.17
11-09-2014,00:55:24.780,0.93638,0.93628,1,1.2
11-09-2014,00:55:30.197,0.93638,0.93628,1.67,1
11-09-2014,00:55:30.715,0.93638,0.93628,1,1.1
11-09-2014,00:55:32.652,0.93638,0.93627,1,1.1
11-09-2014,00:55:33.491,0.93638,0.93627,1,1.17
11-09-2014,00:55:34.091,0.93638,0.93627,1,1.1
11-09-2014,00:55:35.385,0.93638,0.93627,1,1.07
11-09-2014,00:55:35.900,0.93638,0.93627,1,1.1
11-09-2014,00:55:36.695,0.93638,0.93627,1,1.07
11-09-2014,00:55:37.212,0.93638,0.93627,1,1.1
11-09-2014,00:55:37.983,0.93638,0.93627,1.47,1
11-09-2014,00:55:38.493,0.93638,0.93627,1.47,1
11-09-2014,00:55:38.808,0.93638,0.93627,1.1,1.1
11-09-2014,00:55:39.265,0.93638,0.93628,1,1.17
11-09-2014,00:55:39.783,0.93638,0.93628,1,1.1
11-09-2014,00:55:46.648,0.93638,0.93628,1.37,1
11-09-2014,00:55:47.157,0.93636,0.93627,1,1
11-09-2014,00:55:51.126,0.93637,0.93627,1,1
11-09-2014,00:55:53.582,0.93637,0.93628,1,1
11-09-2014,00:55:54.103,0.93637,0.93627,1,1
11-09-2014,00:55:57.673,0.93637,0.93627,1,1.95
11-09-2014,00:55:58.029,0.93639,0.93628,1,1.1
11-09-2014,00:55:58.536,0.93639,0.9363,1,1.57
11-09-2014,00:55:59.863,0.93639,0.93628,1.12,1.57
11-09-2014,00:56:00.582,0.93638,0.93628,1,1.5
11-09-2014,00:56:10.372,0.93638,0.93628,1.07,1
11-09-2014,00:56:10.906,0.93638,0.93628,1.1,1
11-09-2014,00:56:12.370,0.93638,0.93628,1.2,1
11-09-2014,00:56:13.145,0.93638,0.93628,1.39,1
11-09-2014,00:56:15.079,0.93638,0.93628,1.32,1
11-09-2014,00:56:15.856,0.93638,0.93628,1.39,1
11-09-2014,00:56:15.958,0.93639,0.93628,3.71,1
11-09-2014,00:56:16.472,0.93639,0.93628,3.71,1
11-09-2014,00:56:16.990,0.93638,0.93628,1.74,1
11-09-2014,00:56:17.526,0.93635,0.93628,1,1
11-09-2014,00:56:21.060,0.93634,0.93624,1,2.06
11-09-2014,00:56:21.264,0.93633,0.93622,1,2.14
11-09-2014,00:56:21.773,0.93633,0.93622,1.1,1.12
11-09-2014,00:56:23.698,0.93633,0.93622,1.17,1.5
11-09-2014,00:56:24.824,0.93631,0.93622,1,1.2
11-09-2014,00:56:25.382,0.93631,0.93624,1,1
11-09-2014,00:56:25.535,0.93634,0.93624,1.69,1
11-09-2014,00:56:26.042,0.93633,0.93624,1,1.12
11-09-2014,00:56:26.550,0.93634,0.93624,1,1.87
11-09-2014,00:56:27.023,0.93634,0.93626,1,1
11-09-2014,00:56:33.475,0.93636,0.93626,1.65,1
11-09-2014,00:56:42.167,0.93636,0.93627,1.07,1
11-09-2014,00:56:42.471,0.93637,0.93627,1,1
11-09-2014,00:56:52.727,0.93637,0.93629,1,1
11-09-2014,00:56:53.235,0.93638,0.93629,1.12,1.5
11-09-2014,00:56:53.843,0.93638,0.93627,1,1.57
11-09-2014,00:56:57.714,0.93638,0.93627,1.12,1.57
11-09-2014,00:57:01.116,0.93638,0.93627,1.12,1.57
11-09-2014,00:57:01.690,0.93637,0.93627,1,1.5
11-09-2014,00:57:02.197,0.93636,0.93627,1,1.5
11-09-2014,00:57:22.186,0.93637,0.93627,1,1.57
11-09-2014,00:57:24.874,0.93637,0.93627,1,1.57
11-09-2014,00:57:25.394,0.93637,0.93627,1,1.5
11-09-2014,00:57:28.810,0.93637,0.93627,1,2.4
11-09-2014,00:57:29.318,0.93638,0.93628,1.5,1
11-09-2014,00:57:34.871,0.93638,0.93627,1.5,2.89
11-09-2014,00:57:35.920,0.93637,0.93627,1,1.95
11-09-2014,00:57:37.395,0.93637,0.93627,1,2.02
11-09-2014,00:57:38.132,0.93637,0.93627,1,1.65
11-09-2014,00:57:38.720,0.93637,0.93627,1,1.57
11-09-2014,00:57:39.222,0.93637,0.93627,1,1.57
11-09-2014,00:57:41.344,0.93637,0.93627,1,1.65
11-09-2014,00:57:41.849,0.93637,0.93627,1,1.57
11-09-2014,00:58:04.012,0.93637,0.93626,1,1.2
11-09-2014,00:58:05.593,0.93637,0.93626,1,1.27
11-09-2014,00:58:06.139,0.93637,0.93626,1,1.2
11-09-2014,00:58:10.708,0.93637,0.93626,1,1.46
11-09-2014,00:58:49.371,0.93637,0.93627,1,1.95
11-09-2014,00:58:50.164,0.93637,0.93627,1,1.57
11-09-2014,00:58:53.864,0.93637,0.93628,1,1
11-09-2014,00:58:54.373,0.93637,0.93629,1,1
11-09-2014,00:58:56.490,0.93636,0.93629,1,1
11-09-2014,00:58:57.040,0.93636,0.93626,1,2.21
11-09-2014,00:59:04.291,0.93636,0.93626,1,1.39
11-09-2014,00:59:04.822,0.93636,0.93626,1,1.39
11-09-2014,00:59:05.330,0.93636,0.93626,1,1.01
11-09-2014,00:59:15.393,0.93636,0.93629,1,1
11-09-2014,00:59:16.742,0.93637,0.93629,2.25,1
11-09-2014,00:59:19.275,0.93637,0.93626,2.32,2.06
11-09-2014,00:59:24.964,0.93636,0.93626,1,1.5
11-09-2014,00:59:25.271,0.93633,0.93626,1.87,1
11-09-2014,00:59:25.373,0.93631,0.93621,1,1.76
11-09-2014,00:59:25.882,0.93631,0.93621,1,1.65
11-09-2014,00:59:26.339,0.93631,0.93621,1,1.57
11-09-2014,00:59:28.573,0.93631,0.93621,1.5,1.95
11-09-2014,00:59:29.238,0.93631,0.93621,1.5,1.95
11-09-2014,00:59:29.772,0.93631,0.93621,1.5,1.95
11-09-2014,00:59:30.028,0.93629,0.93619,1,1.47
11-09-2014,00:59:30.535,0.93628,0.93617,2.25,1.95
11-09-2014,00:59:31.043,0.93627,0.93617,1,1.95
11-09-2014,00:59:31.399,0.93627,0.93617,1,1.2
11-09-2014,00:59:31.602,0.93627,0.93617,1,1.47
11-09-2014,00:59:32.104,0.93627,0.93617,1,1.47
11-09-2014,00:59:33.436,0.93627,0.93617,1,1.37
11-09-2014,00:59:37.616,0.93627,0.93617,1,1.12
11-09-2014,00:59:45.246,0.93627,0.93617,1,1.27
11-09-2014,00:59:45.754,0.93627,0.93617,1,1.55
11-09-2014,00:59:50.009,0.93627,0.93617,1,1.57
11-09-2014,00:59:50.570,0.93628,0.93617,1,1.52
11-09-2014,00:59:59.379,0.9363,0.93618,2.32,1.29
11-09-2014,00:59:59.886,0.9363,0.93618,2.25,1.34
11-09-2014,01:00:00.394,0.93629,0.9362,1,1
11-09-2014,01:00:00.901,0.93629,0.93619,1,1.25
11-09-2014,01:00:01.426,0.93629,0.93617,1,2.59
11-09-2014,01:00:02.228,0.93629,0.93618,1,1.36
11-09-2014,01:00:03.248,0.93627,0.93619,1,1.25
11-09-2014,01:00:04.041,0.93627,0.93618,1,1.1
11-09-2014,01:00:06.977,0.93627,0.93617,1,1.5
11-09-2014,01:00:17.681,0.93624,0.93616,1,1
11-09-2014,01:00:17.985,0.93629,0.93616,1,2.02
11-09-2014,01:00:18.492,0.93629,0.93616,1,2.02
11-09-2014,01:00:19.000,0.93629,0.93616,1,2.96
11-09-2014,01:00:19.842,0.9363,0.93618,1.69,1.17
11-09-2014,01:00:20.412,0.9363,0.93618,1.76,1.1
11-09-2014,01:00:20.925,0.9363,0.93618,1.69,1.17
11-09-2014,01:00:23.010,0.9363,0.93618,1.76,1.1
11-09-2014,01:00:27.625,0.9363,0.93618,1.5,1.09
11-09-2014,01:00:28.291,0.9363,0.93618,1.57,1.01
11-09-2014,01:00:29.199,0.9363,0.93618,1.5,1.09
11-09-2014,01:00:29.728,0.9363,0.93618,1.76,1.1
11-09-2014,01:00:30.313,0.9363,0.93618,1.69,1.17
11-09-2014,01:00:30.925,0.9363,0.93618,1.76,1.1
11-09-2014,01:00:31.445,0.9363,0.93618,1.5,1.17
11-09-2014,01:00:33.205,0.9363,0.93618,1.5,1.1
11-09-2014,01:00:34.093,0.9363,0.93618,1.5,1.07
11-09-2014,01:00:35.014,0.9363,0.93618,1.57,1.1
11-09-2014,01:00:35.516,0.9363,0.93618,1.5,1.17
11-09-2014,01:00:36.035,0.9363,0.93618,1.57,1.1
11-09-2014,01:00:36.541,0.9363,0.93618,1.5,1.17
11-09-2014,01:00:37.049,0.9363,0.93618,1.57,1.1
11-09-2014,01:00:37.599,0.9363,0.93618,1.5,1.17
11-09-2014,01:00:38.101,0.9363,0.93618,1.57,1.2
11-09-2014,01:00:39.535,0.9363,0.93618,1.5,1.17
11-09-2014,01:00:40.045,0.9363,0.93618,1.57,1.1
11-09-2014,01:00:40.563,0.93629,0.93618,1,1.1
11-09-2014,01:00:40.716,0.9363,0.93618,1.65,1
11-09-2014,01:00:40.818,0.9363,0.93618,1.57,1.1
11-09-2014,01:00:51.649,0.9363,0.93619,1.01,1
11-09-2014,01:00:52.156,0.9363,0.93619,1,1.15
11-09-2014,01:00:52.511,0.93631,0.93619,1.09,1
11-09-2014,01:00:53.040,0.93629,0.93618,1.5,1.09
11-09-2014,01:00:55.230,0.93629,0.93618,1.5,1.2
11-09-2014,01:00:58.035,0.93629,0.93618,1.5,1.07
11-09-2014,01:00:59.873,0.93628,0.93618,1,1.17
11-09-2014,01:01:00.456,0.93627,0.93618,1,1.17
11-09-2014,01:01:02.542,0.93627,0.93617,1,1.4
11-09-2014,01:01:03.097,0.93627,0.93617,1,1.4
11-09-2014,01:01:03.714,0.93627,0.93617,1,1.32
11-09-2014,01:01:05.286,0.93629,0.93617,1.5,1.32
11-09-2014,01:01:07.261,0.93629,0.93617,1.57,1.01
11-09-2014,01:01:15.742,0.93629,0.93617,1.57,1.39
11-09-2014,01:01:23.991,0.93624,0.93618,1,1
11-09-2014,01:01:24.144,0.93629,0.93618,1.5,1.46
11-09-2014,01:01:24.273,0.93631,0.93621,1.25,1.12
11-09-2014,01:01:24.630,0.9363,0.93619,1.1,1
11-09-2014,01:01:25.138,0.93629,0.93617,1,2.21
11-09-2014,01:01:28.994,0.93629,0.93617,1,2.21
11-09-2014,01:01:29.892,0.93629,0.93617,1.1,1.27
11-09-2014,01:01:30.469,0.93629,0.93617,1,1.27
11-09-2014,01:01:31.791,0.93629,0.93617,1.07,1.31
11-09-2014,01:01:35.132,0.93628,0.93616,1,2.96
11-09-2014,01:01:36.145,0.93628,0.93616,1,2.21
11-09-2014,01:01:36.902,0.93628,0.93616,1,2.21
11-09-2014,01:01:43.255,0.93628,0.93616,1,2.21
11-09-2014,01:01:44.455,0.93628,0.93616,1,2.21
11-09-2014,01:01:44.969,0.93628,0.93616,1,2.21
11-09-2014,01:01:45.020,0.93628,0.93619,1,1
11-09-2014,01:01:45.809,0.93628,0.93617,1,1.27
11-09-2014,01:01:46.347,0.93628,0.93617,1,1.39
11-09-2014,01:01:50.446,0.93628,0.93617,1,1.39
11-09-2014,01:01:52.049,0.93628,0.93617,1,1.39
11-09-2014,01:01:52.355,0.93629,0.9362,1,1.17
11-09-2014,01:01:52.407,0.93631,0.9362,1.69,1.17
11-09-2014,01:01:55.439,0.93631,0.9362,1.5,1.2
11-09-2014,01:01:55.971,0.93631,0.9362,1.5,1.17
11-09-2014,01:02:02.602,0.93631,0.93622,1,1
11-09-2014,01:02:15.310,0.93631,0.93622,1,1.47
11-09-2014,01:02:24.652,0.93631,0.93622,1,1.39
11-09-2014,01:02:25.339,0.93631,0.93622,1,1.39
11-09-2014,01:02:30.677,0.93631,0.93622,1,1.7
11-09-2014,01:02:30.779,0.93632,0.93622,1,2.21
11-09-2014,01:02:31.337,0.93632,0.93622,1,2.89
11-09-2014,01:02:33.207,0.93631,0.93622,1,2.14
11-09-2014,01:02:33.308,0.93631,0.93622,1,2.14
11-09-2014,01:02:36.808,0.93631,0.93623,1,1.39
11-09-2014,01:02:43.322,0.93631,0.93623,1,1.66
11-09-2014,01:02:53.787,0.93631,0.93622,1,1.55
11-09-2014,01:02:54.306,0.93631,0.93622,1,1.55
11-09-2014,01:02:58.270,0.93631,0.93622,1,1.27
11-09-2014,01:02:58.777,0.93631,0.93624,1,1.47
11-09-2014,01:02:58.929,0.93634,0.93624,1.25,1.47
11-09-2014,01:02:59.233,0.93636,0.93624,1.69,2.02
11-09-2014,01:02:59.538,0.93636,0.93627,1,1.87
11-09-2014,01:02:59.589,0.93638,0.93627,1.69,1.95
11-09-2014,01:02:59.691,0.9364,0.93629,1,1.95
11-09-2014,01:02:59.793,0.9364,0.93632,1,1
11-09-2014,01:03:00.300,0.93641,0.93632,1,1
11-09-2014,01:03:23.472,0.93642,0.93632,1,1.1
11-09-2014,01:03:24.011,0.93642,0.93632,1,1.27
11-09-2014,01:03:24.548,0.93642,0.93632,1,1.2
11-09-2014,01:03:24.954,0.93642,0.93632,1,1.52
11-09-2014,01:03:25.147,0.93642,0.93632,1,1.1
11-09-2014,01:03:25.681,0.93642,0.93632,1,1.07
11-09-2014,01:03:26.293,0.93642,0.93632,1,1.2
11-09-2014,01:03:26.394,0.93642,0.93632,1,1.47
11-09-2014,01:03:26.497,0.93642,0.93632,1,1.2
11-09-2014,01:03:27.923,0.93642,0.93632,1,1.47
11-09-2014,01:03:28.076,0.93643,0.93632,1,1.46
11-09-2014,01:03:28.382,0.93646,0.93636,1.1,1
11-09-2014,01:03:29.980,0.93646,0.93636,1.1,1.37
11-09-2014,01:03:32.007,0.93646,0.93636,1,1.37
11-09-2014,01:03:32.312,0.93647,0.93642,1,1
11-09-2014,01:03:32.464,0.93649,0.93642,1,1.12
11-09-2014,01:03:33.650,0.93649,0.93639,1,1.2
11-09-2014,01:03:33.701,0.93649,0.93639,1,1.47
11-09-2014,01:03:34.208,0.93649,0.93642,1,1
11-09-2014,01:03:34.877,0.93649,0.93642,1,1.95
11-09-2014,01:03:34.979,0.93654,0.93647,1.2,1
11-09-2014,01:03:35.181,0.93653,0.93643,1.2,1
11-09-2014,01:03:36.003,0.93652,0.93643,1,1
11-09-2014,01:03:51.654,0.93652,0.93642,1.27,1
11-09-2014,01:03:52.166,0.93651,0.93642,1.95,1
11-09-2014,01:03:53.325,0.93651,0.93642,2.14,1
11-09-2014,01:03:53.857,0.93651,0.93642,1.87,1
11-09-2014,01:03:54.948,0.93651,0.93642,1.87,1
11-09-2014,01:03:58.476,0.93651,0.93641,2.62,1
11-09-2014,01:04:11.072,0.93651,0.93641,2.89,1
11-09-2014,01:04:11.684,0.93651,0.93641,2.89,1
11-09-2014,01:04:21.724,0.93651,0.93641,2.81,1
11-09-2014,01:04:22.232,0.93651,0.9364,2.81,1.57
11-09-2014,01:04:24.125,0.93651,0.9364,2.89,1.5
11-09-2014,01:04:24.228,0.93651,0.9364,3.64,1.5
11-09-2014,01:04:25.453,0.93651,0.9364,2.89,1.5
11-09-2014,01:04:27.224,0.93651,0.9364,2.89,1.5
11-09-2014,01:04:27.833,0.93651,0.9364,3.64,1.5
11-09-2014,01:04:28.341,0.93651,0.9364,2.96,1.5
11-09-2014,01:04:29.255,0.93651,0.9364,2.89,1.5
11-09-2014,01:04:38.528,0.93651,0.93639,2.96,1
11-09-2014,01:04:40.678,0.93648,0.93639,1,1.57
11-09-2014,01:04:46.306,0.93648,0.93639,1,1.65
11-09-2014,01:04:47.236,0.93648,0.93639,1,1.65
11-09-2014,01:04:47.641,0.93648,0.93639,1,1.65
11-09-2014,01:04:48.148,0.93649,0.93639,1.12,1.65
11-09-2014,01:04:51.844,0.93649,0.93639,1.12,1.57
11-09-2014,01:05:16.613,0.93649,0.93639,2.02,1
11-09-2014,01:05:16.766,0.93647,0.93637,1.1,1
11-09-2014,01:05:16.868,0.93645,0.93636,1,1.5
11-09-2014,01:06:02.057,0.93647,0.93638,1.1,1
11-09-2014,01:06:06.116,0.93647,0.93637,1,1.5
11-09-2014,01:06:15.835,0.93645,0.93636,1,1
11-09-2014,01:06:16.731,0.93645,0.93635,1,1.1
11-09-2014,01:06:18.748,0.93644,0.93635,1,1
11-09-2014,01:06:19.002,0.93644,0.93633,2.25,2.14
11-09-2014,01:06:24.577,0.93644,0.93633,2.89,1.5
11-09-2014,01:06:24.729,0.93641,0.93632,1,1.5
11-09-2014,01:06:31.092,0.93642,0.93632,1,1.5
11-09-2014,01:06:31.599,0.93641,0.93632,1,1.5
11-09-2014,01:06:46.230,0.93641,0.9363,1.87,1.27
11-09-2014,01:06:46.911,0.93641,0.93632,1.12,1
11-09-2014,01:06:58.509,0.93641,0.93632,1,1.47
11-09-2014,01:06:59.031,0.93641,0.93632,1,1.1
11-09-2014,01:06:59.589,0.93641,0.93632,1,1.47
11-09-2014,01:07:00.507,0.93641,0.93632,1,1.12
11-09-2014,01:07:27.306,0.93642,0.93632,1.69,1
11-09-2014,01:07:32.807,0.93642,0.93632,1.65,1.12
11-09-2014,01:07:47.537,0.93641,0.9363,1,1.55
11-09-2014,01:07:50.393,0.93641,0.9363,1,1.55
11-09-2014,01:07:50.943,0.93641,0.9363,1,1.46
11-09-2014,01:07:55.242,0.93641,0.9363,1.12,1.2
11-09-2014,01:07:55.842,0.93641,0.9363,1.12,1.27
11-09-2014,01:08:00.313,0.93641,0.93632,1,1
11-09-2014,01:08:02.635,0.93642,0.9363,2.06,2.02
11-09-2014,01:08:13.779,0.93642,0.9363,1.12,2.02
11-09-2014,01:08:14.308,0.93642,0.9363,1.37,1.65
11-09-2014,01:08:34.887,0.93642,0.93631,1.37,1.1
11-09-2014,01:08:35.607,0.93642,0.93631,1.37,1.17
11-09-2014,01:08:36.376,0.93642,0.93631,1.37,1.2
11-09-2014,01:08:37.587,0.93642,0.93631,1.37,1.07
11-09-2014,01:08:38.290,0.93642,0.93631,1.37,1.2
11-09-2014,01:08:38.916,0.93642,0.93631,1.37,1.17
11-09-2014,01:08:39.429,0.93642,0.93631,1.12,1.27
11-09-2014,01:08:40.191,0.93642,0.93631,1.31,1.27
11-09-2014,01:08:41.394,0.93642,0.93631,1.31,1.27
11-09-2014,01:08:43.033,0.93642,0.93631,1.12,1.27
11-09-2014,01:08:43.481,0.93642,0.93631,1.12,1.27
11-09-2014,01:08:44.048,0.93642,0.93631,1.12,1.27
11-09-2014,01:08:46.987,0.93642,0.93631,1,1.52
11-09-2014,01:08:47.798,0.93642,0.93631,1,1.52
11-09-2014,01:08:47.901,0.93642,0.93631,1.69,1
11-09-2014,01:08:48.416,0.9364,0.9363,1,1.27
11-09-2014,01:08:48.934,0.9364,0.9363,1,1.27
11-09-2014,01:08:49.138,0.9364,0.9363,1,1.27
11-09-2014,01:08:52.322,0.9364,0.93632,1,1.17
11-09-2014,01:08:52.873,0.9364,0.93632,1,1.1
11-09-2014,01:08:53.545,0.9364,0.93632,1,1.07
11-09-2014,01:08:54.051,0.9364,0.93632,1,1
11-09-2014,01:09:19.976,0.93642,0.93632,1,1.1
11-09-2014,01:09:29.586,0.93642,0.93632,1,1.27
11-09-2014,01:09:30.287,0.93642,0.93632,1,1.2
11-09-2014,01:09:30.829,0.93642,0.93632,1,1.27
11-09-2014,01:09:31.389,0.93642,0.93632,1,1.2
11-09-2014,01:09:32.087,0.93642,0.93632,1,1.27
11-09-2014,01:09:32.666,0.93642,0.93632,1,1.27
11-09-2014,01:09:33.284,0.93642,0.93632,1,1.2
11-09-2014,01:09:33.914,0.93642,0.93632,1,1.2
11-09-2014,01:09:36.367,0.93642,0.93632,1,1.2
11-09-2014,01:09:38.506,0.93642,0.93632,1,1.27
11-09-2014,01:09:39.278,0.93642,0.93632,1,1.17
11-09-2014,01:09:49.912,0.93642,0.93632,1,1.27
11-09-2014,01:09:50.420,0.93642,0.93632,1,1.27
11-09-2014,01:09:51.943,0.93642,0.93632,1,1.15
11-09-2014,01:09:51.994,0.93642,0.93632,1,1.2
11-09-2014,01:09:53.923,0.93642,0.93632,1,1.27
11-09-2014,01:09:54.430,0.93642,0.93632,1,1.17
11-09-2014,01:10:04.529,0.93642,0.93632,1,1.27
11-09-2014,01:10:06.062,0.93642,0.93632,1,1.2
11-09-2014,01:10:06.670,0.93642,0.93632,1,1.2
11-09-2014,01:10:07.257,0.93642,0.93632,1,1.27
11-09-2014,01:10:08.460,0.93642,0.93632,1,1.12
11-09-2014,01:10:09.052,0.93642,0.93632,1,1.27
11-09-2014,01:10:09.938,0.93642,0.93632,1,1.27
11-09-2014,01:10:10.576,0.93642,0.93632,1.5,1.27
11-09-2014,01:10:11.185,0.93642,0.93632,1.5,1.2
11-09-2014,01:10:14.375,0.93642,0.93632,1.5,1.27
11-09-2014,01:10:14.945,0.93642,0.93632,1.5,1.27
11-09-2014,01:10:18.492,0.93642,0.93632,1.5,1.27
11-09-2014,01:10:19.000,0.93642,0.93632,1.5,1.2
11-09-2014,01:10:23.398,0.93642,0.93632,1.5,1.2
11-09-2014,01:10:23.941,0.93642,0.93632,1.5,1.2
11-09-2014,01:10:33.869,0.93643,0.93634,1.5,1
11-09-2014,01:10:35.942,0.93642,0.93634,1,1
11-09-2014,01:10:37.609,0.93642,0.93633,1,1.1
11-09-2014,01:11:00.661,0.93642,0.93632,1,1.2
11-09-2014,01:11:01.284,0.93642,0.93632,1,1.07
11-09-2014,01:11:01.823,0.93642,0.93632,1,1.1
11-09-2014,01:11:03.478,0.93642,0.93632,1,1.07
11-09-2014,01:11:04.111,0.93642,0.93632,1.12,1.1
11-09-2014,01:11:04.870,0.93642,0.93632,1.12,1.17
11-09-2014,01:11:05.371,0.93642,0.93632,1.12,1.1
11-09-2014,01:11:06.012,0.93642,0.93632,1.12,1.17
11-09-2014,01:11:06.680,0.93642,0.93632,1.12,1.1
11-09-2014,01:11:07.390,0.93642,0.93632,1.12,1.17
11-09-2014,01:11:08.404,0.93642,0.93632,1,1.2
11-09-2014,01:11:09.037,0.93642,0.93632,1,1.27
11-09-2014,01:11:22.208,0.93642,0.93632,1,1.17
11-09-2014,01:11:24.717,0.93642,0.93632,1,1.52
11-09-2014,01:11:24.819,0.93645,0.93633,1.5,2.02
11-09-2014,01:11:25.023,0.93646,0.93636,1.25,1.57
11-09-2014,01:11:25.328,0.93648,0.93637,1.25,2.4
11-09-2014,01:11:25.841,0.93649,0.93639,1,1.65
11-09-2014,01:11:26.373,0.93649,0.93639,1,1.65
11-09-2014,01:11:26.628,0.93649,0.93639,1.12,1.65
11-09-2014,01:11:27.136,0.9365,0.93639,1.62,1.65
11-09-2014,01:11:27.903,0.9365,0.93639,1.37,1.65
11-09-2014,01:11:28.407,0.9365,0.93639,1.37,1.65
11-09-2014,01:11:29.145,0.9365,0.93639,1.37,1.65
11-09-2014,01:11:29.247,0.9365,0.93639,1.37,1.65
11-09-2014,01:11:29.791,0.9365,0.93641,1.12,1.2
11-09-2014,01:11:30.974,0.9365,0.93641,1.37,1.1
11-09-2014,01:11:33.971,0.9365,0.93641,1.12,1.1
11-09-2014,01:11:46.984,0.9365,0.93641,1,1.17
11-09-2014,01:11:47.495,0.93651,0.93641,1,1.65
11-09-2014,01:11:55.629,0.93651,0.93643,1.37,1.1
11-09-2014,01:11:56.137,0.93651,0.93643,1.12,1.1
11-09-2014,01:12:04.679,0.93651,0.93642,1.12,1.2
11-09-2014,01:12:05.223,0.93651,0.93642,1.12,1.07
11-09-2014,01:12:07.085,0.93651,0.93642,1.12,1.1
11-09-2014,01:12:07.628,0.93651,0.93642,1.12,1.17
11-09-2014,01:12:08.136,0.93653,0.93642,2.06,1.1
11-09-2014,01:12:08.645,0.93653,0.93642,2.06,1.2
11-09-2014,01:12:19.322,0.93653,0.93642,1.31,1.2
11-09-2014,01:12:23.532,0.93653,0.93642,2.06,1.2
11-09-2014,01:12:35.154,0.93653,0.93642,1.31,1.2
11-09-2014,01:12:38.761,0.93653,0.93642,2.06,1.2
11-09-2014,01:12:46.387,0.93653,0.93642,1.12,1.2
11-09-2014,01:12:47.370,0.93653,0.93642,1.12,1.27
11-09-2014,01:12:48.125,0.93653,0.93642,2.06,1.27
11-09-2014,01:12:54.833,0.93651,0.93642,1,1.65
11-09-2014,01:13:25.152,0.93651,0.93644,1,1
11-09-2014,01:13:25.659,0.93652,0.93644,1.25,1
11-09-2014,01:13:31.151,0.93652,0.93645,1,1
11-09-2014,01:13:31.672,0.93654,0.93645,1.69,1.1
11-09-2014,01:13:32.587,0.93654,0.93645,1,1.1
11-09-2014,01:13:39.991,0.93654,0.93645,2.06,1
11-09-2014,01:13:40.296,0.93651,0.93643,1,1
11-09-2014,01:13:40.804,0.93652,0.93642,1.69,1.1
11-09-2014,01:13:41.592,0.93652,0.93642,2.44,1.1
11-09-2014,01:13:48.246,0.93652,0.93642,2.81,1.07
11-09-2014,01:13:48.793,0.93652,0.93642,2.81,1.1
11-09-2014,01:13:52.147,0.93652,0.93642,1.87,1.1
11-09-2014,01:13:52.667,0.93652,0.93643,2.81,1
11-09-2014,01:13:54.550,0.93652,0.93643,2.81,1
11-09-2014,01:13:59.330,0.93652,0.93643,2.06,1
11-09-2014,01:14:04.593,0.93652,0.93643,2.81,1
11-09-2014,01:14:05.116,0.93652,0.93642,2.81,1
11-09-2014,01:14:10.862,0.93652,0.93642,2.06,1
11-09-2014,01:14:19.294,0.93652,0.93642,2.06,1
11-09-2014,01:14:22.422,0.93652,0.93642,2.06,1.1
11-09-2014,01:14:23.901,0.93652,0.93644,1.31,1
11-09-2014,01:14:29.133,0.93652,0.93644,1.62,1
11-09-2014,01:14:30.324,0.93652,0.93643,1.37,1.1
11-09-2014,01:14:32.270,0.93652,0.93643,1.31,1
11-09-2014,01:14:35.873,0.93652,0.93643,2.06,1
11-09-2014,01:14:37.038,0.93652,0.93643,1.31,1
11-09-2014,01:14:50.737,0.93652,0.93642,1.31,1
11-09-2014,01:14:51.042,0.93646,0.93638,1,1.1
11-09-2014,01:14:51.347,0.93648,0.93639,1,1.17
11-09-2014,01:14:51.854,0.93648,0.93639,1,1
11-09-2014,01:14:52.211,0.93646,0.93639,1,1
11-09-2014,01:14:52.262,0.93646,0.93637,1,1.65
11-09-2014,01:14:52.364,0.93646,0.93639,1,1
11-09-2014,01:14:52.516,0.93649,0.9364,1,1.57
11-09-2014,01:14:52.618,0.93651,0.93641,1.69,1.1
11-09-2014,01:14:52.872,0.93651,0.93642,1,1.17
11-09-2014,01:14:53.076,0.93653,0.93642,1.5,2.4
11-09-2014,01:14:53.588,0.93653,0.93642,1.5,2.4
11-09-2014,01:14:55.892,0.93653,0.93642,1.5,2.96
11-09-2014,01:14:55.994,0.93653,0.93646,1,1.07
11-09-2014,01:14:56.147,0.93657,0.93646,1.5,1.15
11-09-2014,01:14:56.198,0.93656,0.93646,1,1.1
11-09-2014,01:14:56.350,0.93655,0.93646,1,1.17
11-09-2014,01:14:56.655,0.93657,0.93648,1,1.07
11-09-2014,01:14:56.807,0.93658,0.93646,1,2.17
11-09-2014,01:14:56.909,0.93656,0.93646,1,2.17
11-09-2014,01:14:57.416,0.93656,0.93646,1,2.17
11-09-2014,01:14:58.486,0.93655,0.93646,1,1
11-09-2014,01:14:58.994,0.93656,0.93646,1.57,1
11-09-2014,01:15:04.065,0.93656,0.93646,1.65,1
11-09-2014,01:15:04.790,0.93656,0.93646,1.57,1
11-09-2014,01:15:05.564,0.93656,0.93646,1.65,1
11-09-2014,01:15:06.079,0.93656,0.93646,1.5,1.12
11-09-2014,01:15:07.089,0.93656,0.93646,1.57,1.12
11-09-2014,01:15:07.636,0.93656,0.93646,1.57,1.12
11-09-2014,01:15:07.941,0.93656,0.93646,1.57,1.37
11-09-2014,01:15:08.043,0.93656,0.93646,1.57,1
11-09-2014,01:15:08.905,0.93656,0.93646,1.57,1
11-09-2014,01:15:09.413,0.93656,0.93646,1.65,1
11-09-2014,01:15:09.932,0.93656,0.93646,1.57,1
11-09-2014,01:15:10.490,0.93656,0.93646,1.65,1
11-09-2014,01:15:11.524,0.93656,0.93646,1.57,1
11-09-2014,01:15:12.183,0.93656,0.93644,1.76,1.5
11-09-2014,01:15:12.285,0.93654,0.93643,1,2.81
11-09-2014,01:15:12.830,0.93654,0.93643,1,2.14
11-09-2014,01:15:13.338,0.93654,0.93643,1.07,1.87
11-09-2014,01:15:13.846,0.93652,0.93642,1,2.06
