Time,Ask,Bid,AskVolume,BidVolume,
2014.09.11,00:00:00.560,106.841,106.838,1,1
2014.09.11,00:00:00.763,106.844,106.839,1.5,1.5
2014.09.11,00:00:01.272,106.843,106.84,1,1.5
2014.09.11,00:00:01.628,106.842,106.838,1.5,1.5
2014.09.11,00:00:02.184,106.841,106.838,1,1.5
2014.09.11,00:00:02.690,106.841,106.837,1.5,3
2014.09.11,00:00:02.943,106.839,106.836,1,2.25
2014.09.11,00:00:03.549,106.839,106.835,2.25,1.5
2014.09.11,00:00:07.250,106.839,106.836,1,1
2014.09.11,00:00:07.504,106.841,106.837,1,6
2014.09.11,00:00:08.011,106.841,106.836,3,1
2014.09.11,00:00:10.669,106.841,106.835,2.44,3.75
2014.09.11,00:00:11.668,106.84,106.835,1,3.75
2014.09.11,00:00:14.716,106.839,106.835,1,1
2014.09.11,00:00:15.221,106.838,106.835,1,1
2014.09.11,00:00:15.994,106.838,106.836,1,1
2014.09.11,00:00:16.095,106.84,106.837,1.5,1
2014.09.11,00:00:16.197,106.839,106.834,1,3.56
2014.09.11,00:00:16.248,106.839,106.836,1,3.75
2014.09.11,00:00:16.552,106.84,106.838,1.5,2.62
2014.09.11,00:00:16.603,106.842,106.838,1,2.62
2014.09.11,00:00:16.754,106.843,106.84,2.25,1
2014.09.11,00:00:17.260,106.843,106.839,1.5,2.25
2014.09.11,00:00:20.872,106.843,106.84,1.5,1
2014.09.11,00:00:21.389,106.843,106.839,1.5,1.5
2014.09.11,00:00:22.712,106.84,106.839,1,1
2014.09.11,00:00:23.218,106.841,106.838,1,1
2014.09.11,00:00:26.686,106.841,106.837,1,3
2014.09.11,00:00:26.938,106.843,106.838,2.44,3.37
2014.09.11,00:00:28.235,106.842,106.838,1.5,1.87
2014.09.11,00:00:28.639,106.84,106.837,1.5,1.5
2014.09.11,00:00:29.163,106.841,106.837,1,2.25
2014.09.11,00:00:30.345,106.84,106.837,1,2.25
2014.09.11,00:00:32.759,106.84,106.835,3,3.19
2014.09.11,00:00:33.265,106.839,106.835,2.44,2.44
2014.09.11,00:00:33.739,106.837,106.834,1,1.5
2014.09.11,00:00:34.346,106.836,106.834,1,1
2014.09.11,00:00:34.852,106.837,106.834,1.5,1.25
2014.09.11,00:00:37.138,106.836,106.834,1,1.25
2014.09.11,00:00:41.021,106.835,106.834,1,1
2014.09.11,00:00:41.173,106.834,106.831,2.25,3
2014.09.11,00:00:41.325,106.833,106.829,2.25,1.5
2014.09.11,00:00:41.427,106.831,106.828,1.5,1.31
2014.09.11,00:00:41.750,106.829,106.827,1,1.25
2014.09.11,00:00:42.458,106.829,106.826,1,2.44
2014.09.11,00:00:44.625,106.828,106.826,1,1
2014.09.11,00:00:45.081,106.827,106.823,1.69,2.44
2014.09.11,00:00:46.375,106.826,106.823,1,1.25
2014.09.11,00:00:46.880,106.827,106.823,1.69,1.25
2014.09.11,00:00:47.133,106.825,106.822,1,7.69
2014.09.11,00:00:47.385,106.824,106.821,1.5,1.69
2014.09.11,00:00:47.891,106.823,106.821,1,2.44
2014.09.11,00:00:48.396,106.824,106.821,1.5,1.69
2014.09.11,00:00:48.901,106.824,106.822,1,1
2014.09.11,00:00:49.418,106.824,106.821,1.5,1.25
2014.09.11,00:00:55.989,106.825,106.821,3,3.75
2014.09.11,00:00:57.103,106.825,106.823,1.5,1
2014.09.11,00:01:03.320,106.825,106.821,1,4.69
2014.09.11,00:01:03.825,106.824,106.821,1,1.5
2014.09.11,00:01:04.392,106.825,106.821,2.25,2.25
2014.09.11,00:01:04.913,106.824,106.821,1,1.5
2014.09.11,00:01:12.591,106.821,106.82,1,1
2014.09.11,00:01:12.794,106.822,106.818,1.69,3.19
2014.09.11,00:01:13.299,106.822,106.819,1.25,1
2014.09.11,00:01:16.288,106.821,106.819,1,1
2014.09.11,00:01:16.800,106.82,106.818,1,1.25
2014.09.11,00:01:18.067,106.82,106.819,1,1
2014.09.11,00:01:18.582,106.821,106.818,1,1.25
2014.09.11,00:01:20.641,106.82,106.817,1,1.69
2014.09.11,00:01:21.500,106.82,106.817,1,1
2014.09.11,00:01:21.731,106.818,106.816,1,1.5
2014.09.11,00:01:22.238,106.817,106.816,1,1
2014.09.11,00:01:22.730,106.817,106.814,1,1.5
2014.09.11,00:01:22.832,106.815,106.814,1.5,1.25
2014.09.11,00:01:23.337,106.816,106.814,1.5,1
2014.09.11,00:01:23.843,106.817,106.814,1.5,1
2014.09.11,00:01:25.541,106.818,106.814,1.25,1
2014.09.11,00:01:26.046,106.816,106.815,1,1
2014.09.11,00:01:26.551,106.817,106.814,1,3
2014.09.11,00:01:28.070,106.817,106.813,1.5,1.5
2014.09.11,00:01:28.819,106.817,106.813,1.69,2.25
2014.09.11,00:01:29.917,106.817,106.814,2.44,1
2014.09.11,00:01:31.461,106.817,106.814,1,1.5
2014.09.11,00:01:31.921,106.817,106.812,1,4.69
2014.09.11,00:01:32.427,106.816,106.813,1,1
2014.09.11,00:01:33.281,106.816,106.814,1,1
2014.09.11,00:01:33.794,106.817,106.814,3,1
2014.09.11,00:01:34.302,106.817,106.813,3,1.5
2014.09.11,00:01:35.320,106.816,106.813,1,1
2014.09.11,00:01:36.122,106.816,106.812,3.19,1
2014.09.11,00:01:36.628,106.815,106.812,1,1
2014.09.11,00:01:38.178,106.815,106.813,1.25,1
2014.09.11,00:01:38.693,106.817,106.813,3.19,1
2014.09.11,00:01:41.071,106.817,106.813,2.25,3
2014.09.11,00:01:41.275,106.817,106.815,1.5,1
2014.09.11,00:01:41.781,106.817,106.814,1.5,2.25
2014.09.11,00:01:43.611,106.817,106.815,1.5,1
2014.09.11,00:01:44.015,106.819,106.816,3.19,1
2014.09.11,00:01:45.439,106.818,106.816,1,1
2014.09.11,00:01:45.944,106.819,106.817,1.5,1.5
2014.09.11,00:01:46.464,106.82,106.817,1.69,2.25
2014.09.11,00:01:46.969,106.822,106.819,3.56,1
2014.09.11,00:01:47.474,106.82,106.818,1,2.44
2014.09.11,00:01:48.233,106.821,106.819,1,1
2014.09.11,00:01:48.738,106.822,106.818,2.44,1.69
2014.09.11,00:01:54.746,106.821,106.817,1,1.69
2014.09.11,00:01:55.051,106.819,106.816,1,1.5
2014.09.11,00:01:55.354,106.821,106.817,1.5,1.69
2014.09.11,00:01:59.903,106.821,106.817,1.5,3.94
2014.09.11,00:02:00.644,106.82,106.817,1,3.19
2014.09.11,00:02:03.517,106.82,106.817,1,2.44
2014.09.11,00:02:07.705,106.821,106.817,1.69,2.44
2014.09.11,00:02:08.614,106.821,106.817,1.5,2.44
2014.09.11,00:02:09.327,106.819,106.817,1,1.5
2014.09.11,00:02:09.833,106.819,106.816,1,1.5
2014.09.11,00:02:10.355,106.82,106.816,3,2.25
2014.09.11,00:02:10.887,106.819,106.816,1,2.25
2014.09.11,00:02:11.401,106.82,106.816,3.75,2.25
2014.09.11,00:02:12.759,106.818,106.816,1,1.5
2014.09.11,00:02:12.861,106.82,106.816,3.94,1.5
2014.09.11,00:02:13.618,106.82,106.817,3.19,1
2014.09.11,00:02:14.021,106.818,106.816,1,1.69
2014.09.11,00:02:14.577,106.818,106.815,1.69,1.5
2014.09.11,00:02:14.881,106.817,106.813,1.5,2.25
2014.09.11,00:02:15.798,106.815,106.813,1,3.19
2014.09.11,00:02:16.404,106.816,106.813,1,3.19
2014.09.11,00:02:19.748,106.816,106.812,1,1.5
2014.09.11,00:02:20.400,106.815,106.812,1,1
2014.09.11,00:02:23.032,106.815,106.811,1,5.25
2014.09.11,00:02:24.942,106.814,106.811,1,2.25
2014.09.11,00:02:25.450,106.815,106.811,3,3
2014.09.11,00:02:25.998,106.814,106.811,1,2.25
2014.09.11,00:02:26.509,106.815,106.811,3.19,3
2014.09.11,00:02:27.024,106.815,106.811,4.69,2.25
2014.09.11,00:02:28.345,106.815,106.811,3.19,3
2014.09.11,00:02:28.858,106.814,106.811,1.25,3
2014.09.11,00:02:29.820,106.813,106.81,1.5,1.25
2014.09.11,00:02:30.325,106.812,106.809,1.69,1.5
2014.09.11,00:02:30.931,106.812,106.808,3.19,1.25
2014.09.11,00:02:31.234,106.808,106.805,1.69,1.5
2014.09.11,00:02:31.537,106.805,106.803,1,1.5
2014.09.11,00:02:32.042,106.807,106.805,1.19,1
2014.09.11,00:02:32.194,106.808,106.805,1,1
2014.09.11,00:02:32.699,106.809,106.805,3.19,1.69
2014.09.11,00:02:33.208,106.808,106.805,1,1.69
2014.09.11,00:02:33.865,106.806,106.804,1,1
2014.09.11,00:02:34.017,106.804,106.801,1,2.25
2014.09.11,00:02:36.150,106.802,106.801,1,1
2014.09.11,00:02:36.657,106.801,106.8,1,1.25
2014.09.11,00:02:37.167,106.802,106.8,1.5,1.25
2014.09.11,00:02:39.687,106.802,106.799,1.5,2.44
2014.09.11,00:02:39.990,106.798,106.795,1,3.94
2014.09.11,00:02:40.495,106.797,106.794,1,2.44
2014.09.11,00:02:41.007,106.797,106.793,3.94,1.5
2014.09.11,00:02:41.210,106.795,106.791,3.19,1.5
2014.09.11,00:02:41.413,106.793,106.791,1.25,1
2014.09.11,00:02:41.918,106.793,106.792,1.25,1
2014.09.11,00:02:41.969,106.793,106.79,1.25,1.5
2014.09.11,00:02:42.474,106.792,106.789,1.25,1
2014.09.11,00:02:42.929,106.792,106.791,1.25,1
2014.09.11,00:02:43.333,106.794,106.791,3.94,1
2014.09.11,00:02:43.939,106.794,106.79,4.69,3
2014.09.11,00:02:44.574,106.792,106.79,1,2.25
2014.09.11,00:02:44.675,106.794,106.79,4.69,2.25
2014.09.11,00:02:44.777,106.793,106.792,1,1
2014.09.11,00:02:45.282,106.792,106.789,1,1.5
2014.09.11,00:02:47.199,106.791,106.789,1.19,1
2014.09.11,00:02:47.250,106.791,106.787,1.69,3
2014.09.11,00:02:49.504,106.79,106.788,1.69,1
2014.09.11,00:02:50.014,106.79,106.787,2.44,2.25
2014.09.11,00:02:53.377,106.79,106.786,1.5,2.25
2014.09.11,00:02:53.989,106.789,106.786,1,1.5
2014.09.11,00:02:54.494,106.79,106.786,2.44,3.19
2014.09.11,00:02:54.999,106.79,106.787,1.25,1.5
2014.09.11,00:02:55.101,106.788,106.785,3,1
2014.09.11,00:02:55.202,106.784,106.782,1,1.5
2014.09.11,00:02:55.253,106.783,106.779,1,2.25
2014.09.11,00:02:55.556,106.782,106.779,1.69,1.5
2014.09.11,00:02:56.366,106.782,106.779,1.5,2.25
2014.09.11,00:02:56.669,106.784,106.782,2.44,1
2014.09.11,00:02:56.997,106.786,106.784,1.25,1
2014.09.11,00:02:57.098,106.786,106.783,1.25,1.5
2014.09.11,00:02:57.608,106.786,106.782,1.69,1.69
2014.09.11,00:02:57.913,106.786,106.784,1.69,1
2014.09.11,00:02:58.423,106.786,106.783,1.19,1
2014.09.11,00:02:58.990,106.787,106.784,2.44,1
2014.09.11,00:02:59.966,106.787,106.783,3.19,1
2014.09.11,00:03:00.578,106.787,106.784,1.69,1
2014.09.11,00:03:01.962,106.788,106.784,3.19,1
2014.09.11,00:03:03.567,106.788,106.783,3.19,2.25
2014.09.11,00:03:03.971,106.788,106.785,1.69,1
2014.09.11,00:03:04.479,106.789,106.786,1.19,1.5
2014.09.11,00:03:04.581,106.79,106.787,1.69,1
2014.09.11,00:03:05.103,106.789,106.786,1,1.5
2014.09.11,00:03:05.611,106.789,106.785,1,3
2014.09.11,00:03:07.039,106.789,106.786,1.25,1
2014.09.11,00:03:07.559,106.791,106.786,4.69,1
2014.09.11,00:03:09.424,106.791,106.787,3.94,1
2014.09.11,00:03:09.525,106.787,106.785,1,1
2014.09.11,00:03:09.626,106.785,106.783,1,1.5
2014.09.11,00:03:09.778,106.783,106.782,1.25,1
2014.09.11,00:03:09.829,106.783,106.78,1.25,1.5
2014.09.11,00:03:10.082,106.781,106.779,1,1.5
2014.09.11,00:03:10.234,106.781,106.777,3.19,3.94
2014.09.11,00:03:10.385,106.783,106.78,2.81,1
2014.09.11,00:03:11.194,106.784,106.78,1.69,1.5
2014.09.11,00:03:11.801,106.783,106.779,1.25,3
2014.09.11,00:03:12.154,106.781,106.779,1,1
2014.09.11,00:03:12.660,106.782,106.779,1.5,1
2014.09.11,00:03:13.319,106.782,106.778,2.81,1.5
2014.09.11,00:03:13.829,106.781,106.778,1.5,1
2014.09.11,00:03:14.133,106.779,106.777,1,1.5
2014.09.11,00:03:14.667,106.779,106.778,1,1
2014.09.11,00:03:15.476,106.779,106.777,1.69,1
2014.09.11,00:03:15.578,106.778,106.775,1,2.44
2014.09.11,00:03:15.729,106.776,106.773,1.5,3.94
2014.09.11,00:03:16.235,106.777,106.773,2.44,5.44
2014.09.11,00:03:16.741,106.776,106.773,1,4.5
2014.09.11,00:03:17.044,106.777,106.775,1.5,1
2014.09.11,00:03:17.550,106.777,106.774,1,2.25
2014.09.11,00:03:18.241,106.776,106.774,1.5,1
2014.09.11,00:03:18.747,106.777,106.773,1.69,3.94
2014.09.11,00:03:19.256,106.778,106.773,3.56,3
2014.09.11,00:03:19.761,106.778,106.773,1.12,3.44
2014.09.11,00:03:20.114,106.778,106.773,2.62,3.94
2014.09.11,00:03:21.638,106.778,106.773,1.5,4.19
2014.09.11,00:03:22.146,106.779,106.774,2.44,1.5
2014.09.11,00:03:23.692,106.779,106.776,1.5,1
2014.09.11,00:03:24.647,106.78,106.776,1.25,1.5
2014.09.11,00:03:24.952,106.782,106.778,2.62,2.25
2014.09.11,00:03:28.269,106.782,106.779,1,1
2014.09.11,00:03:28.604,106.783,106.781,2.44,1
2014.09.11,00:03:29.137,106.783,106.78,1.69,3
2014.09.11,00:03:31.396,106.783,106.781,1,1.5
2014.09.11,00:03:31.498,106.785,106.781,1.5,2.25
2014.09.11,00:03:31.802,106.786,106.783,1.25,1
2014.09.11,00:03:32.307,106.787,106.783,3,2.25
2014.09.11,00:03:32.611,106.785,106.783,1.5,1
2014.09.11,00:03:33.696,106.786,106.783,1,1
2014.09.11,00:03:34.203,106.785,106.782,1,1.25
2014.09.11,00:03:34.709,106.784,106.781,1,1.25
2014.09.11,00:03:35.227,106.783,106.779,1.5,3.94
2014.09.11,00:03:36.240,106.783,106.779,1.5,3.19
2014.09.11,00:03:37.467,106.783,106.78,1.5,1.25
2014.09.11,00:03:38.978,106.782,106.78,1,1.25
2014.09.11,00:03:41.936,106.783,106.78,1.5,1.25
2014.09.11,00:03:43.664,106.783,106.779,1.5,5.44
2014.09.11,00:03:46.826,106.784,106.779,2.25,5.44
2014.09.11,00:03:47.352,106.783,106.779,1,5.44
2014.09.11,00:03:47.998,106.783,106.779,1,5.44
2014.09.11,00:03:49.018,106.784,106.78,2.25,1.25
2014.09.11,00:03:49.412,106.782,106.78,1,1.25
2014.09.11,00:03:49.925,106.783,106.78,1,1.25
2014.09.11,00:03:50.453,106.784,106.78,1.5,1.69
2014.09.11,00:03:53.055,106.783,106.78,1,1.69
2014.09.11,00:03:56.220,106.784,106.78,1.5,1
2014.09.11,00:03:58.721,106.783,106.78,1,1.69
2014.09.11,00:04:00.695,106.783,106.779,1,5.44
2014.09.11,00:04:00.800,106.785,106.779,5.44,5.44
2014.09.11,00:04:01.053,106.783,106.779,1,5.44
2014.09.11,00:04:01.154,106.785,106.779,5.44,5.44
2014.09.11,00:04:01.255,106.783,106.779,1,5.44
2014.09.11,00:04:01.676,106.785,106.779,6.19,5.44
2014.09.11,00:04:02.232,106.784,106.779,1,5.44
2014.09.11,00:04:02.976,106.784,106.78,1.5,1
2014.09.11,00:04:04.674,106.783,106.78,1,1
2014.09.11,00:04:06.907,106.784,106.78,1,2.25
2014.09.11,00:04:07.413,106.785,106.78,2.44,1.5
2014.09.11,00:04:08.121,106.785,106.782,3.19,1
2014.09.11,00:04:10.749,106.786,106.783,1.69,1
2014.09.11,00:04:11.052,106.789,106.786,9.94,1
2014.09.11,00:04:11.557,106.789,106.785,8.25,2.25
2014.09.11,00:04:12.415,106.789,106.786,1.25,3
2014.09.11,00:04:12.952,106.791,106.787,2.06,2.25
2014.09.11,00:04:13.257,106.793,106.79,1.25,2.25
2014.09.11,00:04:13.764,106.794,106.791,2.44,1.5
2014.09.11,00:04:14.358,106.794,106.791,1.5,1.5
2014.09.11,00:04:14.560,106.793,106.789,1,3.94
2014.09.11,00:04:15.086,106.793,106.79,1,1
2014.09.11,00:04:15.642,106.793,106.79,3.19,1
2014.09.11,00:04:16.046,106.79,106.788,1,1.5
2014.09.11,00:04:16.551,106.791,106.787,1.5,1.5
2014.09.11,00:04:18.090,106.79,106.787,1,2.44
2014.09.11,00:04:19.369,106.792,106.787,5.06,2.44
2014.09.11,00:04:19.885,106.792,106.787,5.06,1.5
2014.09.11,00:04:20.194,106.791,106.789,1,1
2014.09.11,00:04:24.278,106.79,106.789,1,1
2014.09.11,00:04:24.329,106.79,106.787,1,3.19
2014.09.11,00:04:24.431,106.792,106.789,2.81,1
2014.09.11,00:04:25.293,106.792,106.789,1.5,2.25
2014.09.11,00:04:26.110,106.793,106.789,2.44,2.25
2014.09.11,00:04:26.414,106.791,106.789,1,1
2014.09.11,00:04:27.847,106.791,106.788,1,3
2014.09.11,00:04:31.659,106.791,106.789,1.69,1
2014.09.11,00:04:32.165,106.791,106.788,1.25,3
2014.09.11,00:04:33.073,106.792,106.789,1,1
2014.09.11,00:04:33.578,106.792,106.788,1,3
2014.09.11,00:04:37.864,106.792,106.79,1,1
2014.09.11,00:04:38.370,106.793,106.79,1.25,1
2014.09.11,00:04:38.876,106.792,106.79,1.5,1
2014.09.11,00:04:39.179,106.792,106.788,1.69,4.69
2014.09.11,00:04:39.281,106.792,106.79,1.25,1.5
2014.09.11,00:04:39.787,106.793,106.789,3.94,2.25
2014.09.11,00:04:40.293,106.792,106.79,1.25,1
2014.09.11,00:04:40.806,106.793,106.79,1,1.5
2014.09.11,00:04:42.101,106.793,106.789,1.5,1
2014.09.11,00:04:42.606,106.792,106.788,1,1
2014.09.11,00:04:43.273,106.792,106.789,1,1
2014.09.11,00:04:45.228,106.792,106.788,1.69,1.69
2014.09.11,00:04:45.914,106.792,106.788,1,2.44
2014.09.11,00:04:49.625,106.793,106.788,3.94,2.44
2014.09.11,00:04:50.130,106.793,106.789,2.44,1.5
2014.09.11,00:04:50.655,106.793,106.789,3.19,2.44
2014.09.11,00:04:53.146,106.792,106.789,1,2.44
2014.09.11,00:04:58.035,106.792,106.788,1,2.25
2014.09.11,00:05:01.121,106.793,106.79,1.5,1
2014.09.11,00:05:01.223,106.793,106.788,1.5,4.69
2014.09.11,00:05:01.324,106.793,106.79,2.25,1
2014.09.11,00:05:02.349,106.792,106.79,1,1
2014.09.11,00:05:04.025,106.793,106.79,1,1.25
2014.09.11,00:05:05.766,106.793,106.79,1.5,3.19
2014.09.11,00:05:06.791,106.793,106.79,1,1.5
2014.09.11,00:05:09.720,106.794,106.79,5.25,1
2014.09.11,00:05:10.226,106.793,106.791,1.5,1
2014.09.11,00:05:10.727,106.793,106.79,1.25,1
2014.09.11,00:05:11.283,106.793,106.789,1,4.5
2014.09.11,00:05:11.788,106.794,106.79,1.25,1.5
2014.09.11,00:05:12.294,106.794,106.79,1.69,1.5
2014.09.11,00:05:16.689,106.794,106.79,1.25,1.69
2014.09.11,00:05:20.399,106.793,106.79,1,1
2014.09.11,00:05:20.976,106.793,106.789,1,1.5
2014.09.11,00:05:21.482,106.792,106.788,1,2.44
2014.09.11,00:05:23.639,106.792,106.789,1.31,1
2014.09.11,00:05:26.215,106.792,106.788,2.06,3.19
2014.09.11,00:05:32.951,106.792,106.789,1.87,1
2014.09.11,00:05:33.461,106.792,106.788,2.62,2.25
2014.09.11,00:05:33.982,106.792,106.789,1.12,1
2014.09.11,00:05:43.380,106.793,106.789,1.5,2.25
2014.09.11,00:05:44.616,106.793,106.79,1,1
2014.09.11,00:05:45.683,106.793,106.789,1.5,2.25
2014.09.11,00:05:58.100,106.794,106.79,2.44,1
2014.09.11,00:06:01.707,106.794,106.79,2.44,1.25
2014.09.11,00:06:03.895,106.794,106.791,1.69,1
2014.09.11,00:06:04.320,106.794,106.789,1.25,5.25
2014.09.11,00:06:05.009,106.794,106.79,1.25,1
2014.09.11,00:06:05.518,106.794,106.79,1.69,1
2014.09.11,00:06:08.378,106.794,106.791,1.19,1
2014.09.11,00:06:08.682,106.795,106.793,1.69,1
2014.09.11,00:06:08.733,106.796,106.793,1.87,1.5
2014.09.11,00:06:08.834,106.796,106.795,1,1
2014.09.11,00:06:09.249,106.798,106.796,1,1.5
2014.09.11,00:06:10.111,106.799,106.796,1.5,1.5
2014.09.11,00:06:10.622,106.799,106.796,2.44,1
2014.09.11,00:06:11.991,106.799,106.795,3.94,3
2014.09.11,00:06:15.075,106.799,106.796,3.19,1
2014.09.11,00:06:15.580,106.799,106.797,2.44,1
2014.09.11,00:06:16.088,106.799,106.797,3.19,1
2014.09.11,00:06:18.818,106.8,106.797,1.25,1.5
2014.09.11,00:06:21.328,106.799,106.797,1,1
2014.09.11,00:06:21.581,106.801,106.797,3.19,1
2014.09.11,00:06:21.733,106.801,106.799,2.44,1
2014.09.11,00:06:21.885,106.804,106.801,1.69,1
2014.09.11,00:06:22.188,106.804,106.802,1,1.5
2014.09.11,00:06:22.290,106.804,106.802,1,3
2014.09.11,00:06:22.796,106.806,106.802,3.56,1.5
2014.09.11,00:06:25.131,106.806,106.802,1.12,2.25
2014.09.11,00:06:26.608,106.805,106.802,1,1.25
2014.09.11,00:06:27.113,106.805,106.801,3,1.5
2014.09.11,00:06:27.618,106.805,106.802,2.25,1
2014.09.11,00:06:28.111,106.804,106.801,2.44,1.5
2014.09.11,00:06:29.446,106.803,106.8,1.69,1
2014.09.11,00:06:32.475,106.802,106.8,1.25,1.5
2014.09.11,00:06:35.125,106.802,106.801,1.25,1
2014.09.11,00:06:35.227,106.802,106.799,1.25,2.25
2014.09.11,00:06:38.313,106.801,106.799,1.69,1.5
2014.09.11,00:06:38.465,106.799,106.798,1,1
2014.09.11,00:06:38.567,106.799,106.796,1.25,1.5
2014.09.11,00:06:38.972,106.8,106.798,1.25,1.5
2014.09.11,00:06:39.073,106.801,106.796,3.75,1
2014.09.11,00:06:39.578,106.8,106.796,1.69,1.25
2014.09.11,00:06:40.083,106.8,106.797,1.69,1
2014.09.11,00:06:40.607,106.799,106.797,1.25,1
2014.09.11,00:06:41.113,106.799,106.796,1.69,1
2014.09.11,00:06:43.201,106.799,106.796,1.25,2.25
2014.09.11,00:06:43.252,106.799,106.798,1.25,1.5
2014.09.11,00:06:43.302,106.801,106.799,2.44,1
2014.09.11,00:06:43.556,106.8,106.797,1,1.5
2014.09.11,00:06:44.061,106.802,106.798,2.44,1
2014.09.11,00:06:46.901,106.802,106.799,2.44,1
2014.09.11,00:06:49.077,106.802,106.798,2.81,1.25
2014.09.11,00:06:49.583,106.801,106.797,1,2.44
2014.09.11,00:06:50.119,106.801,106.798,1.25,1.5
2014.09.11,00:06:52.264,106.801,106.799,1.25,1
2014.09.11,00:06:56.871,106.802,106.799,1.69,1.5
2014.09.11,00:07:03.174,106.803,106.8,1,1
2014.09.11,00:07:03.225,106.805,106.802,1.69,1
2014.09.11,00:07:03.731,106.805,106.801,3.94,1.25
2014.09.11,00:07:04.465,106.804,106.801,1.25,1.5
2014.09.11,00:07:05.570,106.805,106.801,2.25,1.5
2014.09.11,00:07:06.079,106.804,106.801,1.25,1.5
2014.09.11,00:07:11.979,106.805,106.801,1,3.75
2014.09.11,00:07:12.333,106.805,106.803,1.5,1
2014.09.11,00:07:12.839,106.806,106.802,1.12,3
2014.09.11,00:07:15.395,106.806,106.803,1.12,1
2014.09.11,00:07:16.367,106.807,106.803,3.94,1.5
2014.09.11,00:07:16.874,106.806,106.802,1,2.25
2014.09.11,00:07:18.814,106.806,106.802,1.69,1.5
2014.09.11,00:07:20.503,106.806,106.803,1.19,1
2014.09.11,00:07:21.771,106.806,106.802,1.69,1.5
2014.09.11,00:07:26.716,106.806,106.803,1.19,1
2014.09.11,00:07:27.409,106.806,106.802,1.19,1
2014.09.11,00:07:28.200,106.805,106.801,1.69,1.69
2014.09.11,00:07:33.706,106.804,106.801,1,1.5
2014.09.11,00:07:36.526,106.805,106.801,2.44,2.25
2014.09.11,00:07:36.863,106.806,106.803,1.69,2.25
2014.09.11,00:07:43.770,106.806,106.802,1.69,2.44
2014.09.11,00:07:44.434,106.804,106.802,1,1
2014.09.11,00:07:44.940,106.804,106.801,3.19,1
2014.09.11,00:07:45.475,106.804,106.8,3.94,2.44
2014.09.11,00:07:47.164,106.804,106.8,3.94,1.5
2014.09.11,00:07:49.786,106.801,106.798,1,6
2014.09.11,00:07:50.090,106.797,106.796,1.5,1
2014.09.11,00:07:50.343,106.797,106.793,3,1
2014.09.11,00:07:50.799,106.796,106.794,1,1
2014.09.11,00:07:50.900,106.798,106.795,2.44,1
2014.09.11,00:07:56.398,106.799,106.795,2.44,2.25
2014.09.11,00:07:59.373,106.799,106.795,3.19,1
2014.09.11,00:07:59.911,106.797,106.794,1,3
2014.09.11,00:08:00.417,106.798,106.795,1.25,2.25
2014.09.11,00:08:00.771,106.8,106.796,3.19,1.5
2014.09.11,00:08:02.303,106.798,106.796,1,1.5
2014.09.11,00:08:02.455,106.8,106.797,2.25,1
2014.09.11,00:08:07.222,106.8,106.798,2.25,1
2014.09.11,00:08:14.403,106.801,106.798,1.25,1.5
2014.09.11,00:08:15.624,106.802,106.798,4.69,1.5
2014.09.11,00:08:16.370,106.801,106.798,1.25,1.5
2014.09.11,00:08:18.420,106.801,106.799,1.25,1
2014.09.11,00:08:18.934,106.802,106.799,1.5,1.5
2014.09.11,00:08:19.444,106.801,106.799,1,1.5
2014.09.11,00:08:32.126,106.801,106.798,1,1
2014.09.11,00:08:33.244,106.801,106.799,1,1
2014.09.11,00:08:35.062,106.801,106.798,1,1.5
2014.09.11,00:08:58.415,106.801,106.799,1.25,1
2014.09.11,00:09:02.093,106.801,106.798,1.5,1.5
2014.09.11,00:09:02.397,106.803,106.8,6.19,1.5
2014.09.11,00:09:02.700,106.802,106.798,2.44,4.69
2014.09.11,00:09:03.205,106.801,106.798,1,2.44
2014.09.11,00:09:05.102,106.802,106.798,1.69,3.19
2014.09.11,00:09:05.606,106.801,106.798,1,2.44
2014.09.11,00:09:07.695,106.802,106.798,1.25,3.19
2014.09.11,00:09:09.304,106.801,106.798,1,2.44
2014.09.11,00:09:10.516,106.8,106.798,1,1
2014.09.11,00:09:10.782,106.802,106.798,1.12,1
2014.09.11,00:09:16.553,106.802,106.797,2.06,4.69
2014.09.11,00:09:17.669,106.802,106.797,2.06,4.69
2014.09.11,00:09:25.792,106.802,106.797,1.31,3.75
2014.09.11,00:09:30.058,106.802,106.798,1.12,1
2014.09.11,00:09:30.753,106.803,106.798,3.56,1
2014.09.11,00:09:31.409,106.802,106.798,1,1
2014.09.11,00:09:35.549,106.802,106.799,1.5,1
2014.09.11,00:09:36.061,106.802,106.799,2.44,1
2014.09.11,00:09:36.588,106.802,106.798,2.44,1.5
2014.09.11,00:09:42.276,106.802,106.798,2.44,1.69
2014.09.11,00:09:45.679,106.802,106.798,2.44,1
2014.09.11,00:09:46.222,106.801,106.797,1.25,6.19
2014.09.11,00:09:46.742,106.801,106.798,1.25,1
2014.09.11,00:09:49.486,106.8,106.798,1,1
2014.09.11,00:09:49.993,106.802,106.798,3.19,1
2014.09.11,00:09:52.423,106.802,106.798,2.25,1
2014.09.11,00:09:53.491,106.802,106.799,1.5,1
2014.09.11,00:09:53.592,106.802,106.801,1.5,1
2014.09.11,00:09:53.896,106.801,106.799,1,2.25
2014.09.11,00:09:54.401,106.801,106.798,1,1.25
2014.09.11,00:09:54.924,106.802,106.798,1.25,1.25
2014.09.11,00:09:55.428,106.802,106.797,1.25,7.5
2014.09.11,00:09:56.577,106.802,106.798,1.25,1
2014.09.11,00:09:57.679,106.801,106.798,1,1
2014.09.11,00:09:58.213,106.802,106.798,5.81,1
2014.09.11,00:09:58.315,106.8,106.797,1,2.25
2014.09.11,00:09:58.619,106.795,106.792,2.25,1.5
2014.09.11,00:09:58.923,106.793,106.792,1.5,1
2014.09.11,00:09:59.428,106.791,106.788,1,5.25
2014.09.11,00:09:59.785,106.79,106.787,1.25,1
2014.09.11,00:10:00.290,106.79,106.786,1.25,3.94
2014.09.11,00:10:01.148,106.789,106.786,4.5,1.5
2014.09.11,00:10:01.655,106.789,106.785,7.31,1.5
2014.09.11,00:10:02.703,106.787,106.784,2.25,1
2014.09.11,00:10:04.127,106.786,106.784,1,1.5
2014.09.11,00:10:04.634,106.786,106.782,3.94,1.69
2014.09.11,00:10:04.736,106.784,106.782,1,1.5
2014.09.11,00:10:05.038,106.784,106.78,2.44,3.75
2014.09.11,00:10:05.543,106.783,106.781,1.25,1
2014.09.11,00:10:06.048,106.784,106.781,1.5,1
2014.09.11,00:10:08.215,106.783,106.781,1,1.5
2014.09.11,00:10:08.721,106.784,106.782,1,1
2014.09.11,00:10:08.924,106.786,106.783,6.19,1.5
2014.09.11,00:10:09.656,106.785,106.783,1.69,1
2014.09.11,00:10:09.707,106.784,106.781,1,1
2014.09.11,00:10:10.213,106.783,106.78,1.69,2.25
2014.09.11,00:10:10.467,106.78,106.779,1,1
2014.09.11,00:10:10.619,106.78,106.776,2.44,1.69
2014.09.11,00:10:10.923,106.778,106.775,1,1
2014.09.11,00:10:11.075,106.778,106.773,3.94,3.19
2014.09.11,00:10:11.889,106.778,106.774,3.19,1
2014.09.11,00:10:12.734,106.777,106.773,1.25,3.19
2014.09.11,00:10:16.171,106.777,106.774,1,1
2014.09.11,00:10:16.944,106.777,106.776,1.25,1
2014.09.11,00:10:17.453,106.777,106.775,1,1
2014.09.11,00:10:17.977,106.778,106.776,1.5,1
2014.09.11,00:10:18.490,106.779,106.776,3.19,1
2014.09.11,00:10:18.895,106.781,106.777,2.25,4.5
2014.09.11,00:10:19.364,106.781,106.779,1,1
2014.09.11,00:10:20.559,106.781,106.778,1.25,1.5
2014.09.11,00:10:21.257,106.781,106.777,1.25,4.69
2014.09.11,00:10:22.233,106.78,106.777,1,1.5
2014.09.11,00:10:23.525,106.78,106.778,1.25,1
2014.09.11,00:10:24.386,106.78,106.777,1.25,1
2014.09.11,00:10:26.269,106.78,106.776,1.25,4.69
2014.09.11,00:10:26.573,106.782,106.779,1.25,1.5
2014.09.11,00:10:29.523,106.782,106.778,1.25,2.25
2014.09.11,00:10:30.029,106.781,106.778,1.5,1.5
2014.09.11,00:10:32.574,106.781,106.779,1.25,1
2014.09.11,00:10:32.928,106.783,106.781,1.69,1
2014.09.11,00:10:33.344,106.782,106.779,1.69,3.75
2014.09.11,00:10:33.860,106.782,106.778,3.19,3.19
2014.09.11,00:10:34.370,106.782,106.779,3.19,1
2014.09.11,00:10:36.753,106.781,106.779,1,1
2014.09.11,00:10:37.257,106.781,106.778,1,2.44
2014.09.11,00:10:40.445,106.78,106.778,1,1
2014.09.11,00:10:43.356,106.779,106.778,1,1.5
2014.09.11,00:10:43.861,106.778,106.777,1,1
2014.09.11,00:10:45.758,106.778,106.777,1,1
2014.09.11,00:10:46.062,106.778,106.775,1,1.69
2014.09.11,00:10:47.033,106.777,106.775,1,1.25
2014.09.11,00:10:47.135,106.776,106.774,1,4.87
2014.09.11,00:10:48.035,106.776,106.774,3,4.87
2014.09.11,00:10:48.718,106.776,106.773,3,5.25
2014.09.11,00:10:50.014,106.775,106.773,1,1.5
2014.09.11,00:10:50.506,106.773,106.772,1.5,2.44
2014.09.11,00:10:50.710,106.772,106.77,1,1
2014.09.11,00:10:51.230,106.772,106.769,1,5.81
2014.09.11,00:10:52.051,106.77,106.769,1,4.69
2014.09.11,00:10:52.203,106.769,106.766,1,1.69
2014.09.11,00:10:52.708,106.769,106.766,1.5,1.25
2014.09.11,00:10:53.213,106.768,106.766,1.5,1.25
2014.09.11,00:10:53.668,106.766,106.764,1,1.5
2014.09.11,00:10:54.173,106.767,106.763,2.25,2.25
2014.09.11,00:10:54.477,106.769,106.764,1.5,7.31
2014.09.11,00:10:55.997,106.768,106.764,1.5,7.69
2014.09.11,00:10:56.317,106.766,106.762,1,2.44
2014.09.11,00:10:59.484,106.765,106.762,1.5,1.69
2014.09.11,00:11:00.608,106.765,106.762,1.5,2.44
2014.09.11,00:11:01.113,106.764,106.761,1,1.19
2014.09.11,00:11:02.793,106.764,106.76,1.5,1.19
2014.09.11,00:11:02.995,106.764,106.759,3.94,3
2014.09.11,00:11:03.096,106.76,106.759,1.5,1.5
2014.09.11,00:11:03.197,106.76,106.757,3,1.5
2014.09.11,00:11:03.602,106.76,106.759,1,1
2014.09.11,00:11:03.703,106.76,106.757,2.25,1.69
2014.09.11,00:11:04.006,106.761,106.759,1,1.5
2014.09.11,00:11:04.209,106.76,106.757,1.42,1.25
2014.09.11,00:11:04.715,106.76,106.758,2.25,1
2014.09.11,00:11:04.975,106.759,106.755,1,3.19
2014.09.11,00:11:05.481,106.758,106.755,1,2.44
2014.09.11,00:11:05.987,106.758,106.755,1.5,1.25
2014.09.11,00:11:06.499,106.759,106.755,1,1.69
2014.09.11,00:11:06.600,106.76,106.757,1.5,1.25
2014.09.11,00:11:07.105,106.76,106.756,2.25,1.25
2014.09.11,00:11:07.610,106.759,106.755,1.5,3.19
2014.09.11,00:11:08.116,106.759,106.755,1,5.06
2014.09.11,00:11:08.470,106.761,106.757,1.25,1.25
2014.09.11,00:11:09.025,106.76,106.757,1,2.44
2014.09.11,00:11:09.530,106.759,106.757,1,1
2014.09.11,00:11:10.440,106.76,106.757,1,1.5
2014.09.11,00:11:10.945,106.76,106.756,1.5,3.94
2014.09.11,00:11:11.097,106.76,106.758,1.5,1
2014.09.11,00:11:12.317,106.761,106.759,1.69,1
2014.09.11,00:11:12.569,106.763,106.76,2.44,1
2014.09.11,00:11:13.075,106.761,106.758,1,1.12
2014.09.11,00:11:13.378,106.759,106.757,1,1.69
2014.09.11,00:11:13.921,106.758,106.754,1.69,2.44
2014.09.11,00:11:14.426,106.759,106.755,1.69,1.5
2014.09.11,00:11:14.932,106.759,106.755,1,1.5
2014.09.11,00:11:15.438,106.758,106.755,1,1.5
2014.09.11,00:11:15.894,106.756,106.755,1,1.5
2014.09.11,00:11:16.349,106.758,106.755,1.25,1.5
2014.09.11,00:11:16.551,106.757,106.753,1.69,2.44
2014.09.11,00:11:18.424,106.756,106.753,1,1.69
2014.09.11,00:11:19.794,106.757,106.754,2.44,1
2014.09.11,00:11:20.047,106.758,106.756,1.25,2.25
2014.09.11,00:11:20.553,106.759,106.757,1.69,1
2014.09.11,00:11:21.090,106.76,106.757,2.25,1
2014.09.11,00:11:22.554,106.761,106.758,2.44,1.5
2014.09.11,00:11:22.858,106.763,106.759,1.25,1.5
2014.09.11,00:11:23.363,106.764,106.761,2.44,1
2014.09.11,00:11:23.881,106.764,106.76,2.44,2.25
2014.09.11,00:11:26.102,106.762,106.759,1.69,1
2014.09.11,00:11:26.405,106.76,106.756,1,1.5
2014.09.11,00:11:26.758,106.761,106.758,4.69,1
2014.09.11,00:11:40.189,106.761,106.757,3.94,2.25
2014.09.11,00:11:40.991,106.761,106.757,3.19,2.25
2014.09.11,00:11:42.841,106.761,106.757,3.94,2.25
2014.09.11,00:11:43.877,106.761,106.759,3.94,1
2014.09.11,00:11:43.979,106.763,106.759,2.25,2.25
2014.09.11,00:11:44.131,106.763,106.761,1.25,1
2014.09.11,00:11:44.636,106.764,106.761,1,3
2014.09.11,00:11:45.141,106.763,106.761,1,1
2014.09.11,00:11:45.646,106.763,106.76,1.69,1.5
2014.09.11,00:11:46.152,106.762,106.759,1.25,1
2014.09.11,00:11:46.758,106.761,106.758,1,3.94
2014.09.11,00:11:47.263,106.76,106.757,1.25,1.5
2014.09.11,00:11:47.992,106.759,106.757,1,1
2014.09.11,00:11:51.657,106.759,106.756,1.25,3
2014.09.11,00:11:52.170,106.758,106.756,1,1.5
2014.09.11,00:11:55.938,106.758,106.757,1,1
2014.09.11,00:11:56.915,106.758,106.756,1,1.5
2014.09.11,00:11:57.667,106.76,106.756,2.44,1.5
2014.09.11,00:12:00.662,106.76,106.756,3.19,1.5
2014.09.11,00:12:01.576,106.76,106.757,3.19,1
2014.09.11,00:12:02.082,106.76,106.757,1.25,1
2014.09.11,00:12:04.290,106.761,106.757,2.44,2.25
2014.09.11,00:12:04.694,106.762,106.76,1,1
2014.09.11,00:12:05.099,106.761,106.758,1.5,1
2014.09.11,00:12:05.705,106.76,106.758,1,1
2014.09.11,00:12:06.210,106.759,106.757,1,1.5
2014.09.11,00:12:11.573,106.76,106.757,1.5,1.5
2014.09.11,00:12:19.574,106.76,106.758,1.69,1
2014.09.11,00:12:23.738,106.762,106.758,4.31,2.25
2014.09.11,00:12:23.890,106.764,106.761,4.31,1
2014.09.11,00:12:24.395,106.763,106.762,1,1.5
2014.09.11,00:12:24.547,106.767,106.763,4.69,2.25
2014.09.11,00:12:24.648,106.767,106.765,1.19,1
2014.09.11,00:12:25.165,106.768,106.764,3.19,1
2014.09.11,00:12:25.671,106.767,106.764,2.44,1
2014.09.11,00:12:25.975,106.763,106.761,2.5,1.5
2014.09.11,00:12:26.076,106.762,106.759,1,2.44
2014.09.11,00:12:26.127,106.76,106.759,1,1.5
2014.09.11,00:12:26.632,106.759,106.758,1,1
2014.09.11,00:12:26.784,106.761,106.758,1.5,1
2014.09.11,00:12:36.507,106.762,106.758,4.31,1.5
2014.09.11,00:12:39.432,106.762,106.758,4.31,1.5
2014.09.11,00:12:42.961,106.762,106.758,4.31,1.5
2014.09.11,00:12:45.722,106.761,106.758,1.25,1.5
2014.09.11,00:12:46.723,106.761,106.758,1.19,1.5
2014.09.11,00:12:48.056,106.761,106.758,1.25,1.5
2014.09.11,00:12:49.175,106.762,106.758,3.56,1.5
2014.09.11,00:12:50.149,106.761,106.758,1.25,1.5
2014.09.11,00:12:55.660,106.762,106.759,1.69,1
2014.09.11,00:12:56.223,106.762,106.758,1.69,1
2014.09.11,00:12:56.775,106.761,106.758,1.25,1
2014.09.11,00:13:02.298,106.762,106.759,1.69,1
2014.09.11,00:13:02.450,106.762,106.761,1.69,1
2014.09.11,00:13:02.854,106.761,106.759,1,2.25
2014.09.11,00:13:03.057,106.761,106.757,2.44,1.69
2014.09.11,00:13:03.563,106.76,106.757,1,2.44
2014.09.11,00:13:07.368,106.76,106.757,3.94,1
2014.09.11,00:13:13.331,106.76,106.757,2.25,1
2014.09.11,00:13:13.483,106.76,106.758,1,1
2014.09.11,00:13:13.888,106.76,106.757,1,1
2014.09.11,00:13:14.908,106.76,106.757,2.44,1
2014.09.11,00:13:21.205,106.76,106.757,2.44,1
2014.09.11,00:13:22.449,106.759,106.757,1,1
2014.09.11,00:13:22.963,106.76,106.757,1.25,1
2014.09.11,00:13:25.208,106.76,106.757,1.69,1
2014.09.11,00:13:26.386,106.76,106.756,2.44,1.5
2014.09.11,00:13:28.233,106.758,106.756,1.5,1
2014.09.11,00:13:28.638,106.756,106.755,1,1
2014.09.11,00:13:28.942,106.754,106.752,1.5,1
2014.09.11,00:13:29.094,106.754,106.751,1.5,3.19
2014.09.11,00:13:29.599,106.754,106.752,1,1
2014.09.11,00:13:30.105,106.754,106.751,1,1.5
2014.09.11,00:13:41.159,106.754,106.752,1.25,1
2014.09.11,00:13:41.663,106.756,106.753,2.81,1
2014.09.11,00:13:42.385,106.756,106.753,1,1
2014.09.11,00:13:42.902,106.756,106.752,1,1
2014.09.11,00:13:48.832,106.756,106.753,1.5,1
2014.09.11,00:13:49.392,106.756,106.752,1.5,1.5
2014.09.11,00:13:49.896,106.756,106.751,2.44,6
2014.09.11,00:13:50.515,106.756,106.752,2.44,1
2014.09.11,00:13:55.798,106.756,106.752,3.19,1
2014.09.11,00:13:58.529,106.756,106.752,2.25,1
2014.09.11,00:13:59.037,106.755,106.752,1,1
2014.09.11,00:13:59.547,106.756,106.752,3.19,1.25
2014.09.11,00:14:00.102,106.755,106.752,1,1.25
2014.09.11,00:14:00.626,106.754,106.752,1,1
2014.09.11,00:14:01.590,106.755,106.752,1.5,1
2014.09.11,00:14:09.040,106.755,106.753,1,1
2014.09.11,00:14:13.053,106.755,106.752,1.25,1.5
2014.09.11,00:14:22.734,106.755,106.753,1,1
2014.09.11,00:14:23.854,106.755,106.753,1,1.5
2014.09.11,00:14:24.361,106.754,106.751,1.5,2.44
2014.09.11,00:14:26.304,106.755,106.751,2.25,4.5
2014.09.11,00:14:27.780,106.754,106.751,1,3.75
2014.09.11,00:14:36.584,106.755,106.751,3.19,2.25
2014.09.11,00:14:40.239,106.755,106.752,3,1
2014.09.11,00:14:42.569,106.755,106.751,3.94,3.94
2014.09.11,00:14:45.639,106.755,106.752,2.44,1
2014.09.11,00:14:46.737,106.755,106.751,2.81,2.44
2014.09.11,00:14:46.939,106.753,106.749,1,5.44
2014.09.11,00:14:47.242,106.75,106.748,3,1.5
2014.09.11,00:14:47.293,106.749,106.746,1,2.25
2014.09.11,00:14:47.395,106.748,106.744,2.25,2.25
2014.09.11,00:14:47.496,106.745,106.744,1,1
2014.09.11,00:14:48.002,106.746,106.743,1.69,1
2014.09.11,00:14:48.507,106.745,106.742,1.5,1
2014.09.11,00:14:49.013,106.744,106.742,2.25,1.25
2014.09.11,00:14:50.625,106.744,106.741,1.5,3.94
2014.09.11,00:14:52.334,106.744,106.742,1.5,1
2014.09.11,00:14:52.638,106.746,106.744,1.12,1
2014.09.11,00:14:53.144,106.745,106.743,1.5,1.25
2014.09.11,00:14:54.941,106.745,106.742,1,1
2014.09.11,00:14:55.447,106.745,106.741,1.69,2.44
2014.09.11,00:14:56.205,106.744,106.741,1,1.5
2014.09.11,00:14:57.014,106.743,106.741,1.5,1
2014.09.11,00:14:57.318,106.738,106.736,1,1
2014.09.11,00:14:57.369,106.737,106.735,1,1
2014.09.11,00:14:57.471,106.735,106.733,1,1.5
2014.09.11,00:14:57.977,106.736,106.732,1.5,1.69
2014.09.11,00:14:58.487,106.736,106.731,1.5,3.19
2014.09.11,00:14:58.994,106.736,106.732,1.5,1
2014.09.11,00:14:59.349,106.733,106.731,1,1.25
2014.09.11,00:14:59.855,106.734,106.73,1.5,1.69
2014.09.11,00:15:00.362,106.733,106.73,1.5,1
2014.09.11,00:15:00.666,106.732,106.728,2.44,2.44
2014.09.11,00:15:02.367,106.731,106.728,1,1.69
2014.09.11,00:15:02.582,106.733,106.73,1.5,1.5
2014.09.11,00:15:03.038,106.735,106.731,1,3
2014.09.11,00:15:03.090,106.735,106.733,1,1.5
2014.09.11,00:15:03.394,106.737,106.736,1,1
2014.09.11,00:15:03.699,106.744,106.742,2.25,2.25
2014.09.11,00:15:03.800,106.745,106.742,1.69,2.25
2014.09.11,00:15:04.003,106.746,106.743,1.69,1.5
2014.09.11,00:15:04.508,106.747,106.744,1.25,1
2014.09.11,00:15:05.014,106.747,106.745,1,1
2014.09.11,00:15:05.318,106.75,106.748,1,1
2014.09.11,00:15:05.368,106.75,106.748,1,1
2014.09.11,00:15:05.419,106.75,106.746,1.5,3.94
2014.09.11,00:15:05.470,106.75,106.748,2.25,1
2014.09.11,00:15:06.380,106.75,106.747,3.94,1.5
2014.09.11,00:15:06.784,106.748,106.747,1,1
2014.09.11,00:15:07.685,106.75,106.747,3.94,1
2014.09.11,00:15:08.193,106.748,106.747,1,1
2014.09.11,00:15:08.707,106.748,106.746,1,1
2014.09.11,00:15:09.799,106.749,106.746,1.25,1
2014.09.11,00:15:10.448,106.749,106.745,1.25,1.5
2014.09.11,00:15:11.290,106.749,106.744,1.69,3
2014.09.11,00:15:11.594,106.747,106.745,1,1
2014.09.11,00:15:12.126,106.747,106.744,1,1.25
2014.09.11,00:15:12.530,106.746,106.742,2.25,2.44
2014.09.11,00:15:12.581,106.744,106.742,1,2.44
2014.09.11,00:15:13.087,106.745,106.742,1.5,1
2014.09.11,00:15:13.391,106.743,106.741,1.5,2.44
2014.09.11,00:15:14.829,106.742,106.74,1,1
2014.09.11,00:15:14.931,106.744,106.74,3.19,1
2014.09.11,00:15:15.841,106.744,106.739,3.19,3.19
2014.09.11,00:15:18.801,106.744,106.74,4.69,1
2014.09.11,00:15:22.008,106.744,106.741,1.69,1
2014.09.11,00:15:22.826,106.744,106.741,1.69,1
2014.09.11,00:15:23.270,106.742,106.74,1,1
2014.09.11,00:15:23.573,106.739,106.738,1.12,1
2014.09.11,00:15:23.624,106.739,106.735,2.62,2.25
2014.09.11,00:15:23.726,106.737,106.734,1,3.19
2014.09.11,00:15:24.239,106.736,106.734,1,2.25
2014.09.11,00:15:24.496,106.739,106.736,2.62,1
2014.09.11,00:15:24.597,106.74,106.738,1,1
2014.09.11,00:15:25.131,106.744,106.74,1.69,2.25
2014.09.11,00:15:25.702,106.745,106.74,7.69,3.75
2014.09.11,00:15:25.752,106.745,106.742,5.44,1
2014.09.11,00:15:26.376,106.745,106.743,1.69,1
2014.09.11,00:15:26.886,106.746,106.743,2.06,1
2014.09.11,00:15:27.687,106.745,106.743,1,1
2014.09.11,00:15:27.942,106.745,106.741,1,3.75
2014.09.11,00:15:36.279,106.745,106.742,1,1
2014.09.11,00:15:37.384,106.745,106.741,1,3
2014.09.11,00:15:37.931,106.745,106.742,1.25,1
2014.09.11,00:15:40.150,106.745,106.741,1.25,3.94
2014.09.11,00:15:40.679,106.745,106.742,1.25,1
2014.09.11,00:15:41.184,106.744,106.741,1,1
2014.09.11,00:15:45.920,106.745,106.741,1.25,3
2014.09.11,00:15:47.596,106.745,106.742,1,1
2014.09.11,00:15:48.814,106.745,106.741,1,3.75
2014.09.11,00:15:53.481,106.746,106.742,3.19,1
2014.09.11,00:15:59.326,106.747,106.745,2.44,1
2014.09.11,00:15:59.832,106.748,106.745,1.69,1
2014.09.11,00:16:02.285,106.748,106.745,1.69,2.25
2014.09.11,00:16:02.588,106.751,106.748,1.87,2.44
2014.09.11,00:16:02.892,106.753,106.751,1.25,1.5
2014.09.11,00:16:03.196,106.755,106.753,1.19,1
2014.09.11,00:16:03.702,106.755,106.752,1.69,3
2014.09.11,00:16:04.208,106.755,106.752,1.25,3
2014.09.11,00:16:07.109,106.756,106.752,4.69,1
2014.09.11,00:16:08.142,106.756,106.752,5.44,1
2014.09.11,00:16:09.108,106.756,106.752,4.69,1
2014.09.11,00:16:16.434,106.756,106.753,3.94,1
2014.09.11,00:16:16.738,106.757,106.755,1.69,1
2014.09.11,00:16:17.444,106.757,106.754,1.69,2.25
2014.09.11,00:16:17.950,106.757,106.754,1,1
2014.09.11,00:16:18.525,106.757,106.754,2.44,1
2014.09.11,00:16:19.657,106.755,106.754,1,1
2014.09.11,00:16:20.414,106.756,106.754,3.94,1
2014.09.11,00:16:23.989,106.756,106.753,1.69,1
2014.09.11,00:16:24.625,106.755,106.753,1,1
2014.09.11,00:16:28.210,106.755,106.752,1,2.44
2014.09.11,00:16:29.242,106.754,106.752,1,1.69
2014.09.11,00:16:29.545,106.75,106.748,1,1
2014.09.11,00:16:30.002,106.751,106.747,2.25,1.69
2014.09.11,00:16:30.052,106.749,106.747,1,1.25
2014.09.11,00:16:30.560,106.75,106.748,1,1
2014.09.11,00:16:31.066,106.75,106.747,1,1.69
2014.09.11,00:16:32.378,106.751,106.747,1.69,2.44
2014.09.11,00:16:32.731,106.752,106.749,1,1
2014.09.11,00:16:33.236,106.752,106.75,1,1
2014.09.11,00:16:34.628,106.752,106.751,1.5,1
2014.09.11,00:16:34.730,106.752,106.749,1,2.44
2014.09.11,00:16:37.173,106.751,106.749,1,1.25
2014.09.11,00:16:37.679,106.751,106.748,1.25,1.5
2014.09.11,00:16:43.471,106.752,106.749,1.25,1
2014.09.11,00:16:47.123,106.75,106.748,1,1.25
2014.09.11,00:16:47.427,106.747,106.744,1,1.5
2014.09.11,00:16:49.528,106.747,106.744,3.19,1.5
2014.09.11,00:16:50.522,106.747,106.744,2.25,1.5
2014.09.11,00:17:06.618,106.748,106.745,3.94,1
2014.09.11,00:17:07.136,106.748,106.744,3.94,2.25
2014.09.11,00:17:08.263,106.747,106.744,1,1
2014.09.11,00:17:12.237,106.747,106.743,1,1
2014.09.11,00:17:12.902,106.747,106.744,1.25,1
2014.09.11,00:17:17.111,106.746,106.743,1,2.25
2014.09.11,00:17:17.364,106.744,106.741,1,2.44
2014.09.11,00:17:18.594,106.744,106.741,3.19,1.5
2014.09.11,00:17:24.545,106.743,106.739,2.44,2.44
2014.09.11,00:17:24.597,106.741,106.739,1,1.5
2014.09.11,00:17:24.901,106.739,106.734,2.25,2.62
2014.09.11,00:17:24.952,106.737,106.734,1,2.62
2014.09.11,00:17:25.255,106.739,106.736,1.5,1.69
2014.09.11,00:17:25.762,106.74,106.737,1.69,1
2014.09.11,00:17:27.250,106.741,106.737,1.69,3.19
2014.09.11,00:17:27.812,106.74,106.737,1,1.69
2014.09.11,00:17:28.116,106.738,106.736,1,1.5
2014.09.11,00:17:28.268,106.737,106.733,1.5,3.19
2014.09.11,00:17:28.319,106.735,106.733,1,1
2014.09.11,00:17:28.824,106.735,106.732,2.25,1
2014.09.11,00:17:29.339,106.734,106.731,2.25,1
2014.09.11,00:17:29.647,106.733,106.731,1,1
2014.09.11,00:17:29.849,106.733,106.731,1,1.5
2014.09.11,00:17:30.153,106.734,106.733,1.25,1.5
2014.09.11,00:17:30.413,106.737,106.735,1,1
2014.09.11,00:17:30.464,106.739,106.734,2.25,3.19
2014.09.11,00:17:30.566,106.737,106.735,1,1
2014.09.11,00:17:31.071,106.737,106.733,1,2.44
2014.09.11,00:17:31.720,106.737,106.733,1.25,2.44
2014.09.11,00:17:32.599,106.737,106.734,1.25,1
2014.09.11,00:17:33.306,106.738,106.734,3.19,1
2014.09.11,00:17:35.049,106.737,106.734,1,1
2014.09.11,00:17:36.218,106.737,106.735,1,1
2014.09.11,00:17:36.874,106.737,106.734,1,1
2014.09.11,00:17:37.178,106.739,106.738,1.5,2.25
2014.09.11,00:17:37.684,106.742,106.739,2.25,1
2014.09.11,00:17:38.158,106.739,106.736,1,5.44
2014.09.11,00:17:38.672,106.739,106.735,1.69,3.19
2014.09.11,00:17:39.181,106.739,106.736,1.25,1
2014.09.11,00:17:39.697,106.738,106.736,1,1.5
2014.09.11,00:17:39.799,106.738,106.734,1.5,2.25
2014.09.11,00:17:40.305,106.736,106.733,1,1
2014.09.11,00:17:41.935,106.736,106.732,1,3
2014.09.11,00:17:42.641,106.736,106.733,1,1
2014.09.11,00:17:45.340,106.736,106.734,1.25,1
2014.09.11,00:17:45.879,106.736,106.733,1.25,1
2014.09.11,00:17:48.106,106.735,106.733,1,1
2014.09.11,00:17:48.258,106.732,106.729,1,3
2014.09.11,00:17:48.561,106.731,106.727,1.69,2.44
2014.09.11,00:17:49.070,106.732,106.729,2.44,1
2014.09.11,00:17:49.577,106.732,106.729,1,1.69
2014.09.11,00:17:50.785,106.733,106.729,2.44,3.94
2014.09.11,00:17:51.309,106.733,106.73,1.5,1.25
2014.09.11,00:17:51.922,106.732,106.73,1,2.44
2014.09.11,00:17:52.436,106.733,106.73,2.25,2.44
2014.09.11,00:17:53.153,106.733,106.729,2.25,1
2014.09.11,00:17:53.457,106.734,106.731,3.75,2.44
2014.09.11,00:17:54.668,106.734,106.731,2.44,1
2014.09.11,00:17:55.277,106.733,106.73,1.25,1.5
2014.09.11,00:17:55.782,106.732,106.729,1.5,1
2014.09.11,00:17:56.720,106.732,106.728,1.25,2.44
2014.09.11,00:17:57.705,106.733,106.729,4.69,1
2014.09.11,00:17:58.316,106.732,106.728,1.25,3.19
2014.09.11,00:17:58.824,106.732,106.729,1.25,1.5
2014.09.11,00:17:59.785,106.733,106.729,1.69,1
2014.09.11,00:18:03.097,106.734,106.73,6.19,1.5
2014.09.11,00:18:04.107,106.734,106.732,3.19,1
2014.09.11,00:18:04.208,106.733,106.73,1,3.19
2014.09.11,00:18:04.713,106.732,106.729,1,1.69
2014.09.11,00:18:05.218,106.732,106.73,1,1
2014.09.11,00:18:06.512,106.733,106.73,2.44,1
2014.09.11,00:18:08.138,106.732,106.729,1,1.5
2014.09.11,00:18:08.645,106.733,106.73,1.5,1
2014.09.11,00:18:09.151,106.732,106.729,1,1.5
2014.09.11,00:18:10.110,106.73,106.729,1,1
2014.09.11,00:18:10.515,106.732,106.728,3,2.25
2014.09.11,00:18:11.020,106.731,106.728,1,2.44
2014.09.11,00:18:12.338,106.731,106.728,3.94,1
2014.09.11,00:18:13.656,106.731,106.728,3,1
2014.09.11,00:18:14.262,106.729,106.728,1,1
2014.09.11,00:18:14.768,106.73,106.727,1,1.5
2014.09.11,00:18:16.374,106.731,106.727,1.69,1
2014.09.11,00:18:16.879,106.73,106.727,1.69,1
2014.09.11,00:18:19.735,106.731,106.728,1,1
2014.09.11,00:18:20.038,106.733,106.731,1,2.5
2014.09.11,00:18:20.190,106.734,106.732,1.69,1.5
2014.09.11,00:18:20.392,106.734,106.73,3.19,1.69
2014.09.11,00:18:20.797,106.732,106.73,1,1
2014.09.11,00:18:21.302,106.731,106.729,1.5,1.5
2014.09.11,00:18:21.834,106.732,106.729,1,1.5
2014.09.11,00:18:22.163,106.73,106.728,1.5,1
2014.09.11,00:18:22.366,106.73,106.727,1.5,1
2014.09.11,00:18:22.871,106.729,106.727,1,1
2014.09.11,00:18:23.894,106.729,106.726,1,2.25
2014.09.11,00:18:24.769,106.73,106.726,1.5,3
2014.09.11,00:18:25.137,106.73,106.727,1.69,1
2014.09.11,00:18:25.642,106.731,106.729,1.5,1.69
2014.09.11,00:18:26.147,106.732,106.729,1,3.19
2014.09.11,00:18:28.299,106.732,106.73,1,1
2014.09.11,00:18:28.803,106.734,106.73,4.69,2.44
2014.09.11,00:18:30.773,106.733,106.73,1,1.25
2014.09.11,00:18:31.127,106.735,106.731,3.19,2.44
2014.09.11,00:18:31.380,106.733,106.731,1,1.69
2014.09.11,00:18:31.918,106.734,106.73,1.69,3.94
2014.09.11,00:18:32.431,106.733,106.73,1,3.94
2014.09.11,00:18:32.950,106.734,106.731,1.5,1.25
2014.09.11,00:18:33.253,106.736,106.733,1,1
2014.09.11,00:18:33.557,106.738,106.736,1,1.5
2014.09.11,00:18:34.082,106.738,106.737,1,1
2014.09.11,00:18:34.587,106.741,106.738,2.44,1
2014.09.11,00:18:34.840,106.741,106.738,1.25,1
2014.09.11,00:18:35.093,106.741,106.74,1,1
2014.09.11,00:18:35.246,106.744,106.741,3.19,1.5
2014.09.11,00:18:36.205,106.744,106.742,1.25,1
2014.09.11,00:18:36.407,106.746,106.743,2.44,1
2014.09.11,00:18:36.912,106.746,106.744,2.44,1
2014.09.11,00:18:37.731,106.746,106.744,2.44,1
2014.09.11,00:18:39.771,106.745,106.744,1,1
2014.09.11,00:18:40.277,106.744,106.741,1,1.25
2014.09.11,00:18:40.894,106.743,106.74,1,5.44
2014.09.11,00:18:41.312,106.741,106.738,1,2.44
2014.09.11,00:18:41.868,106.74,106.737,2.44,1
2014.09.11,00:18:42.374,106.739,106.737,1,1.5
2014.09.11,00:18:42.880,106.74,106.737,1,1.69
2014.09.11,00:18:45.870,106.739,106.737,1,1
2014.09.11,00:18:46.021,106.737,106.734,1,5.25
2014.09.11,00:18:46.526,106.737,106.733,3,1.5
2014.09.11,00:18:47.152,106.736,106.733,1,1.25
2014.09.11,00:18:51.010,106.735,106.732,1,3.94
2014.09.11,00:18:51.314,106.733,106.731,1,1
2014.09.11,00:18:51.850,106.733,106.73,1,1.69
2014.09.11,00:18:52.555,106.733,106.731,1,1
2014.09.11,00:18:56.857,106.734,106.731,1.69,1.5
2014.09.11,00:18:57.403,106.733,106.731,1,1.5
2014.09.11,00:18:57.932,106.734,106.731,2.25,1.5
2014.09.11,00:19:04.542,106.732,106.731,1,1
2014.09.11,00:19:05.048,106.732,106.73,1,1.69
2014.09.11,00:19:05.873,106.734,106.73,4.69,1.69
2014.09.11,00:19:11.727,106.734,106.731,1.69,1
2014.09.11,00:19:12.232,106.735,106.731,3,3
2014.09.11,00:19:12.752,106.735,106.732,2.25,1
2014.09.11,00:19:13.624,106.735,106.731,2.25,3
2014.09.11,00:19:15.337,106.735,106.732,1.5,1
2014.09.11,00:19:15.874,106.735,106.731,3.19,3.19
2014.09.11,00:19:16.379,106.735,106.732,3.19,1
2014.09.11,00:19:16.582,106.732,106.731,1.5,1.5
2014.09.11,00:19:16.734,106.732,106.729,2.62,1.69
2014.09.11,00:19:17.239,106.733,106.729,1.69,3.94
2014.09.11,00:19:18.601,106.732,106.729,1,2.25
2014.09.11,00:19:19.561,106.731,106.729,1,2.44
2014.09.11,00:19:19.814,106.731,106.727,1,1.69
2014.09.11,00:19:20.369,106.731,106.728,1,1
2014.09.11,00:19:23.679,106.732,106.73,1,1
2014.09.11,00:19:24.184,106.733,106.729,1.5,1
2014.09.11,00:19:24.786,106.732,106.729,1,1.69
2014.09.11,00:19:25.696,106.732,106.728,1,3.19
2014.09.11,00:19:27.873,106.73,106.728,1,2.44
2014.09.11,00:19:28.177,106.728,106.724,5.44,1
2014.09.11,00:19:28.279,106.727,106.722,1.69,3.19
2014.09.11,00:19:28.483,106.727,106.724,2.44,1
2014.09.11,00:19:29.308,106.727,106.724,1.5,1
2014.09.11,00:19:29.815,106.728,106.725,1.5,1
2014.09.11,00:19:30.119,106.732,106.728,1,1.5
2014.09.11,00:19:30.624,106.732,106.729,1,1
2014.09.11,00:19:31.140,106.732,106.728,1.5,1.5
2014.09.11,00:19:34.899,106.732,106.729,2.44,1
2014.09.11,00:19:35.752,106.733,106.729,3.19,1.5
2014.09.11,00:19:42.306,106.732,106.729,1,1
2014.09.11,00:19:42.558,106.731,106.727,1.5,1.87
2014.09.11,00:19:42.963,106.728,106.726,1,1
2014.09.11,00:19:43.114,106.728,106.724,2.25,4.5
2014.09.11,00:19:43.619,106.728,106.725,1,1
2014.09.11,00:19:45.839,106.729,106.726,3.19,1
2014.09.11,00:19:46.345,106.729,106.726,1.69,1
2014.09.11,00:19:47.622,106.727,106.725,1.5,2.44
2014.09.11,00:19:47.927,106.721,106.719,1.5,1
2014.09.11,00:19:48.433,106.722,106.719,1.69,1
2014.09.11,00:19:48.938,106.723,106.72,1.69,1
2014.09.11,00:19:49.512,106.723,106.721,1.69,1
2014.09.11,00:19:49.974,106.723,106.719,3.94,1.25
2014.09.11,00:19:50.494,106.722,106.719,1.5,1.25
2014.09.11,00:19:51.055,106.721,106.719,1,1
2014.09.11,00:19:51.592,106.721,106.718,1,2.25
2014.09.11,00:19:52.115,106.722,106.718,2.25,2.25
2014.09.11,00:19:52.907,106.722,106.719,2.25,1
2014.09.11,00:19:53.412,106.721,106.719,1,1
2014.09.11,00:19:53.975,106.722,106.719,2.25,1
2014.09.11,00:19:54.935,106.721,106.719,1,1.5
2014.09.11,00:20:03.174,106.721,106.718,2.25,1.69
2014.09.11,00:20:04.108,106.72,106.718,1,1
2014.09.11,00:20:04.210,106.719,106.716,1.5,3.19
2014.09.11,00:20:04.666,106.718,106.714,1,3
2014.09.11,00:20:04.767,106.718,106.716,1,1
2014.09.11,00:20:05.374,106.718,106.714,1.5,4.69
2014.09.11,00:20:06.374,106.717,106.714,1,4.69
2014.09.11,00:20:06.879,106.717,106.714,1.5,3.19
2014.09.11,00:20:09.309,106.718,106.714,1,2.44
2014.09.11,00:20:09.876,106.719,106.715,1.5,1.5
2014.09.11,00:20:10.405,106.719,106.716,1.5,1
2014.09.11,00:20:10.956,106.719,106.715,1.5,1
2014.09.11,00:20:12.597,106.718,106.715,1.69,1
2014.09.11,00:20:13.102,106.717,106.714,1,1.25
2014.09.11,00:20:14.720,106.717,106.713,1.5,2.44
2014.09.11,00:20:16.503,106.716,106.713,1,1.25
2014.09.11,00:20:17.008,106.717,106.714,1,1.69
2014.09.11,00:20:18.702,106.717,106.715,1,1
2014.09.11,00:20:19.212,106.717,106.714,1,1.69
2014.09.11,00:20:22.883,106.718,106.714,1.5,2.25
2014.09.11,00:20:23.404,106.718,106.715,1.5,1
2014.09.11,00:20:23.707,106.721,106.719,1,1
2014.09.11,00:20:23.909,106.721,106.718,1,1.5
2014.09.11,00:20:25.829,106.722,106.718,2.44,1.5
2014.09.11,00:20:26.586,106.719,106.718,1,1
2014.09.11,00:20:33.124,106.72,106.718,1,1
2014.09.11,00:20:34.810,106.722,106.72,2.25,1
2014.09.11,00:20:35.322,106.722,106.719,1.5,1.25
2014.09.11,00:20:37.114,106.72,106.718,1,1
2014.09.11,00:20:41.436,106.719,106.718,1,1
2014.09.11,00:20:41.941,106.719,106.717,1,1.25
2014.09.11,00:20:42.473,106.72,106.718,1,1
2014.09.11,00:20:42.980,106.72,106.717,1,1.25
2014.09.11,00:20:43.536,106.721,106.717,3.94,1.69
2014.09.11,00:20:43.940,106.719,106.717,1,1.25
2014.09.11,00:20:44.041,106.721,106.717,3.19,2.44
2014.09.11,00:20:44.606,106.721,106.716,3.94,4.69
2014.09.11,00:20:45.135,106.719,106.716,1,4.69
2014.09.11,00:20:45.710,106.719,106.716,1,4.69
2014.09.11,00:20:48.734,106.72,106.716,1,5.44
2014.09.11,00:20:48.993,106.718,106.716,1.37,3.19
2014.09.11,00:20:49.095,106.716,106.713,1,3.19
2014.09.11,00:20:49.297,106.715,106.711,1.5,2.25
2014.09.11,00:20:49.803,106.715,106.712,3.19,1
2014.09.11,00:20:50.308,106.715,106.712,3.19,1
2014.09.11,00:20:51.368,106.714,106.711,1.25,1.5
2014.09.11,00:20:51.661,106.714,106.713,1,1
2014.09.11,00:20:51.964,106.715,106.711,1.5,1.5
2014.09.11,00:20:56.357,106.715,106.712,1.69,1
2014.09.11,00:20:56.963,106.717,106.714,5.81,1
2014.09.11,00:20:57.166,106.718,106.714,1,1.5
2014.09.11,00:20:57.675,106.718,106.714,3.19,3
2014.09.11,00:20:58.183,106.719,106.715,3.19,3
2014.09.11,00:20:59.183,106.719,106.715,3.75,2.25
2014.09.11,00:20:59.963,106.719,106.715,3.19,2.25
2014.09.11,00:21:00.562,106.719,106.716,3.19,1
2014.09.11,00:21:00.916,106.72,106.717,1.25,1.5
2014.09.11,00:21:01.421,106.721,106.717,1.25,2.25
2014.09.11,00:21:01.922,106.721,106.718,1.25,1
2014.09.11,00:21:03.904,106.721,106.719,1.25,1
2014.09.11,00:21:04.413,106.722,106.719,3.19,1
2014.09.11,00:21:05.087,106.721,106.719,1,1
2014.09.11,00:21:05.593,106.719,106.717,1,1.69
2014.09.11,00:21:05.897,106.717,106.714,3.94,1
2014.09.11,00:21:05.999,106.716,106.712,3.56,2.44
2014.09.11,00:21:06.100,106.715,106.712,1.69,1
2014.09.11,00:21:06.151,106.714,106.71,1.25,3.94
2014.09.11,00:21:06.202,106.714,106.713,1.25,1
2014.09.11,00:21:06.303,106.714,106.711,1.25,1
2014.09.11,00:21:06.809,106.714,106.71,1.69,3.94
2014.09.11,00:21:06.910,106.712,106.71,1.87,1.5
2014.09.11,00:21:07.063,106.712,106.708,1.87,2.25
2014.09.11,00:21:07.367,106.71,106.708,1,1
2014.09.11,00:21:07.468,106.71,106.706,1,1.5
2014.09.11,00:21:07.722,106.71,106.708,1.25,1
2014.09.11,00:21:08.177,106.708,106.706,1,1
2014.09.11,00:21:08.279,106.71,106.706,1.12,1
2014.09.11,00:21:08.985,106.711,106.707,2.06,1.25
2014.09.11,00:21:09.591,106.709,106.706,1.45,1
2014.09.11,00:21:09.642,106.705,106.702,2.5,2.25
2014.09.11,00:21:09.693,106.702,106.7,1.5,1.5
2014.09.11,00:21:09.744,106.702,106.7,2.25,1
2014.09.11,00:21:09.795,106.7,106.697,1,3.19
2014.09.11,00:21:10.302,106.699,106.696,1,1
2014.09.11,00:21:10.808,106.7,106.696,3,1
2014.09.11,00:21:11.264,106.701,106.698,3.19,1
2014.09.11,00:21:11.568,106.702,106.7,1,1
2014.09.11,00:21:12.074,106.702,106.699,1,1.25
2014.09.11,00:21:12.579,106.702,106.698,1.69,2.44
2014.09.11,00:21:13.387,106.702,106.699,1.25,1
2014.09.11,00:21:15.558,106.703,106.699,1,1
2014.09.11,00:21:15.861,106.704,106.701,3.94,1
2014.09.11,00:21:16.367,106.704,106.701,3.19,1
2014.09.11,00:21:16.874,106.704,106.701,2.44,1
2014.09.11,00:21:16.975,106.704,106.699,2.44,3
2014.09.11,00:21:17.481,106.703,106.699,1.5,2.25
2014.09.11,00:21:17.999,106.702,106.699,1,1
2014.09.11,00:21:18.514,106.703,106.7,1,1
2014.09.11,00:21:19.642,106.704,106.7,3.94,1.5
2014.09.11,00:21:19.895,106.704,106.702,1,1.5
2014.09.11,00:21:20.299,106.706,106.703,1,1
2014.09.11,00:21:20.552,106.707,106.705,1.5,1
2014.09.11,00:21:20.704,106.709,106.706,1,1
2014.09.11,00:21:20.805,106.712,106.706,5.81,3
2014.09.11,00:21:21.159,106.712,106.709,2.44,1
2014.09.11,00:21:21.664,106.712,106.708,1.19,3
2014.09.11,00:21:22.219,106.712,106.708,1.25,3.94
2014.09.11,00:21:22.846,106.713,106.709,1.69,1
2014.09.11,00:21:24.564,106.711,106.708,1,1.69
2014.09.11,00:21:27.955,106.711,106.708,1.69,1.5
2014.09.11,00:21:28.669,106.711,106.707,1.69,1.5
2014.09.11,00:21:33.542,106.711,106.708,2.44,1
2014.09.11,00:21:33.914,106.712,106.709,2.44,1
2014.09.11,00:21:34.433,106.712,106.708,1.69,3.19
2014.09.11,00:21:34.993,106.712,106.709,1.25,1
2014.09.11,00:21:42.759,106.712,106.71,1.25,1
2014.09.11,00:21:42.961,106.714,106.711,2.44,1
2014.09.11,00:21:43.568,106.713,106.711,1,1
2014.09.11,00:21:44.073,106.713,106.71,1,4.69
2014.09.11,00:21:46.340,106.714,106.71,1.25,3.75
2014.09.11,00:21:46.441,106.714,106.712,1.25,1
2014.09.11,00:21:46.543,106.716,106.713,1.69,1
2014.09.11,00:21:46.694,106.717,106.715,2.44,1
2014.09.11,00:21:46.847,106.719,106.716,1.25,1
2014.09.11,00:21:47.698,106.718,106.715,1,1.69
2014.09.11,00:21:48.203,106.718,106.714,3.94,1
2014.09.11,00:21:48.406,106.715,106.713,1.5,1
2014.09.11,00:21:48.911,106.714,106.712,1,1
2014.09.11,00:21:49.372,106.713,106.711,1,1.5
2014.09.11,00:21:49.676,106.713,106.709,2.44,2.44
2014.09.11,00:21:51.765,106.714,106.712,2.44,1
2014.09.11,00:21:51.866,106.715,106.713,2.25,1
2014.09.11,00:21:51.968,106.717,106.712,1.5,4.5
2014.09.11,00:21:52.495,106.718,106.713,4.69,1
2014.09.11,00:21:54.091,106.718,106.713,4.69,1.69
2014.09.11,00:21:55.118,106.717,106.713,1.25,1.25
2014.09.11,00:21:57.716,106.715,106.713,1.5,1
2014.09.11,00:21:57.919,106.714,106.711,2.25,1.5
2014.09.11,00:21:58.425,106.714,106.71,3,2.25
2014.09.11,00:21:58.930,106.714,106.711,1.5,1
2014.09.11,00:22:03.989,106.714,106.71,1,2.25
2014.09.11,00:22:04.444,106.712,106.709,1.69,1
2014.09.11,00:22:04.958,106.711,106.709,1.5,1
2014.09.11,00:22:08.686,106.712,106.708,3.19,1
2014.09.11,00:22:09.192,106.71,106.707,1,1
2014.09.11,00:22:17.176,106.711,106.707,2.44,1.69
2014.09.11,00:22:19.471,106.71,106.707,1,1
2014.09.11,00:22:22.992,106.711,106.707,1.69,1.5
2014.09.11,00:22:24.795,106.71,106.707,1,2.44
2014.09.11,00:22:27.396,106.71,106.706,2.25,2.25
2014.09.11,00:22:27.901,106.709,106.706,1,2.25
2014.09.11,00:22:28.981,106.708,106.706,1,1.5
2014.09.11,00:22:29.132,106.705,106.702,1,4.69
2014.09.11,00:22:29.183,106.703,106.702,1,3
2014.09.11,00:22:29.992,106.704,106.702,1.69,1
2014.09.11,00:22:30.499,106.703,106.702,1,1
2014.09.11,00:22:31.033,106.704,106.702,2.44,1
2014.09.11,00:22:31.577,106.703,106.702,1,1
2014.09.11,00:22:33.471,106.703,106.701,2.44,1
2014.09.11,00:22:33.623,106.702,106.698,1,4.31
2014.09.11,00:22:35.424,106.702,106.698,3,2.25
2014.09.11,00:22:36.283,106.702,106.699,1,1
2014.09.11,00:22:39.184,106.7,106.699,1,1
2014.09.11,00:22:39.285,106.701,106.697,3.75,1.5
2014.09.11,00:22:39.591,106.699,106.697,1.5,1
2014.09.11,00:22:39.692,106.699,106.695,1.5,4.69
2014.09.11,00:22:40.556,106.699,106.696,3,1
2014.09.11,00:22:41.166,106.698,106.695,1,2.25
2014.09.11,00:22:42.646,106.698,106.694,1.5,1.69
2014.09.11,00:22:43.508,106.698,106.696,1,1
2014.09.11,00:22:44.753,106.699,106.696,1.25,3
2014.09.11,00:22:45.287,106.699,106.697,1,1
2014.09.11,00:22:45.807,106.699,106.696,1.5,1.69
2014.09.11,00:22:47.600,106.7,106.696,1.5,3
2014.09.11,00:22:48.120,106.7,106.697,1,2.25
2014.09.11,00:22:48.685,106.699,106.697,1,1
2014.09.11,00:22:49.190,106.7,106.696,3.19,3.19
2014.09.11,00:22:49.494,106.699,106.694,1,3.19
2014.09.11,00:22:49.999,106.698,106.694,1,3.94
2014.09.11,00:22:50.504,106.699,106.695,1.5,1
2014.09.11,00:22:51.889,106.699,106.696,1,1
2014.09.11,00:22:52.091,106.698,106.694,1,1.69
2014.09.11,00:22:52.597,106.699,106.695,3.19,1.5
2014.09.11,00:22:53.102,106.698,106.695,1,1
2014.09.11,00:22:53.837,106.699,106.695,3.19,1.5
2014.09.11,00:22:54.352,106.699,106.696,2.44,1
2014.09.11,00:22:57.845,106.699,106.697,1.69,1
2014.09.11,00:23:02.605,106.7,106.698,1.25,1
2014.09.11,00:23:02.858,106.7,106.697,1,1.5
2014.09.11,00:23:07.593,106.7,106.698,1,1
2014.09.11,00:23:08.099,106.701,106.699,1.5,2.25
2014.09.11,00:23:08.150,106.702,106.701,1,1
2014.09.11,00:23:08.202,106.703,106.701,1,1.5
2014.09.11,00:23:08.253,106.704,106.703,1.25,1.5
2014.09.11,00:23:08.457,106.708,106.705,1.69,3
2014.09.11,00:23:08.761,106.709,106.707,2.44,1
2014.09.11,00:23:09.266,106.709,106.707,1.5,1
2014.09.11,00:23:09.671,106.711,106.707,2.44,2.44
2014.09.11,00:23:10.075,106.712,106.709,2.44,1
2014.09.11,00:23:11.175,106.712,106.708,1.25,1
2014.09.11,00:23:12.393,106.711,106.707,1,2.25
2014.09.11,00:23:14.391,106.711,106.708,1.25,1
2014.09.11,00:23:14.695,106.713,106.711,1,3
2014.09.11,00:23:14.846,106.715,106.712,1.69,1.5
2014.09.11,00:23:17.986,106.715,106.712,1.19,1
2014.09.11,00:23:26.450,106.714,106.71,2.44,3
2014.09.11,00:23:26.955,106.713,106.711,1.69,1
2014.09.11,00:23:29.810,106.713,106.712,1,1
2014.09.11,00:23:30.311,106.714,106.712,1.25,1
2014.09.11,00:23:31.340,106.715,106.713,1,1
2014.09.11,00:23:31.594,106.717,106.714,2.44,2.5
2014.09.11,00:23:31.645,106.717,106.715,1.69,1
2014.09.11,00:23:31.898,106.719,106.717,1.19,1.5
2014.09.11,00:23:32.415,106.72,106.717,2.44,2.25
2014.09.11,00:23:32.935,106.72,106.717,2.44,2.25
2014.09.11,00:23:34.301,106.72,106.718,1.25,1
2014.09.11,00:23:34.825,106.721,106.717,3.19,2.44
2014.09.11,00:23:35.442,106.721,106.717,3.19,2.25
2014.09.11,00:23:35.846,106.721,106.719,1.5,1
2014.09.11,00:23:35.947,106.721,106.717,2.44,1.5
2014.09.11,00:23:36.049,106.721,106.719,1.25,1
2014.09.11,00:23:37.171,106.722,106.719,3.19,1
2014.09.11,00:23:39.527,106.722,106.719,3.94,1
2014.09.11,00:23:43.396,106.719,106.715,2.25,6
2014.09.11,00:23:43.497,106.717,106.715,1.5,2.25
2014.09.11,00:23:43.649,106.716,106.712,7.31,1.5
2014.09.11,00:23:43.700,106.714,106.712,1,1.5
2014.09.11,00:23:43.952,106.716,106.713,3.37,1
2014.09.11,00:23:45.040,106.716,106.712,1,2.25
2014.09.11,00:23:47.223,106.716,106.713,1,1
2014.09.11,00:23:47.735,106.716,106.712,2.25,2.25
2014.09.11,00:23:54.572,106.716,106.712,3.19,1.5
2014.09.11,00:23:57.187,106.716,106.714,1.69,2.25
2014.09.11,00:23:57.492,106.72,106.718,3.75,1
2014.09.11,00:23:57.997,106.721,106.718,1,1.5
2014.09.11,00:23:58.906,106.721,106.717,1,3
2014.09.11,00:24:00.688,106.721,106.718,1.25,1
2014.09.11,00:24:00.992,106.721,106.72,1,1
2014.09.11,00:24:01.509,106.723,106.72,3.19,1
2014.09.11,00:24:06.099,106.723,106.72,1.69,3
2014.09.11,00:24:07.320,106.723,106.719,2.44,2.25
2014.09.11,00:24:07.942,106.723,106.72,2.44,1
2014.09.11,00:24:09.051,106.722,106.72,1,1
2014.09.11,00:24:09.556,106.724,106.721,2.44,1
2014.09.11,00:24:10.098,106.724,106.72,3.19,1.5
2014.09.11,00:24:10.629,106.724,106.721,2.44,1
2014.09.11,00:24:11.869,106.724,106.72,6.94,2.25
2014.09.11,00:24:13.646,106.724,106.72,6.56,1.5
2014.09.11,00:24:20.852,106.724,106.72,3.19,1.5
2014.09.11,00:24:21.358,106.724,106.721,2.44,1
2014.09.11,00:24:23.183,106.724,106.72,2.44,1.5
2014.09.11,00:24:24.296,106.723,106.721,1.25,1
2014.09.11,00:24:24.802,106.724,106.722,1,1.5
2014.09.11,00:24:26.332,106.724,106.723,1,1.5
2014.09.11,00:24:26.484,106.726,106.723,1.25,2.25
2014.09.11,00:24:27.004,106.727,106.723,1.69,2.25
2014.09.11,00:24:28.428,106.727,106.724,1.25,1
2014.09.11,00:24:30.839,106.727,106.725,1,1
2014.09.11,00:24:31.142,106.728,106.727,1,1.5
2014.09.11,00:24:31.193,106.73,106.727,1,2.25
2014.09.11,00:24:31.245,106.732,106.729,1.5,2.69
2014.09.11,00:24:31.296,106.732,106.73,1,1
2014.09.11,00:24:31.549,106.734,106.732,1,1
2014.09.11,00:24:32.055,106.736,106.732,3.94,1.5
2014.09.11,00:24:32.562,106.736,106.733,3.19,1
2014.09.11,00:24:33.074,106.736,106.734,1.69,1
2014.09.11,00:24:33.593,106.737,106.735,1.25,1
2014.09.11,00:24:34.560,106.738,106.735,1.5,2.25
2014.09.11,00:24:35.116,106.738,106.737,1,1
2014.09.11,00:24:35.623,106.739,106.737,1,1
2014.09.11,00:24:36.027,106.742,106.738,2.25,1
2014.09.11,00:24:36.078,106.739,106.738,1,1
2014.09.11,00:24:36.230,106.742,106.74,1.69,1
2014.09.11,00:24:36.483,106.743,106.741,1,1
2014.09.11,00:24:36.786,106.743,106.739,2.25,1.5
2014.09.11,00:24:36.837,106.74,106.739,1,1.5
2014.09.11,00:24:37.140,106.736,106.734,1,2.25
2014.09.11,00:24:37.444,106.736,106.733,1.25,1
2014.09.11,00:24:37.545,106.734,106.732,1,1.69
2014.09.11,00:24:38.101,106.733,106.731,1,1.5
2014.09.11,00:24:38.606,106.733,106.73,1,3.19
2014.09.11,00:24:39.113,106.733,106.731,1,1.25
2014.09.11,00:24:39.891,106.733,106.73,1,1.25
2014.09.11,00:24:41.540,106.733,106.731,1,1
2014.09.11,00:24:42.157,106.733,106.73,1,2.44
2014.09.11,00:24:42.664,106.733,106.731,1,1
2014.09.11,00:24:43.171,106.733,106.73,1,2.44
2014.09.11,00:24:43.677,106.734,106.731,1.5,1
2014.09.11,00:24:44.660,106.735,106.731,2.25,2.25
2014.09.11,00:24:44.964,106.737,106.733,2.25,1.5
2014.09.11,00:24:45.470,106.736,106.733,1,1
2014.09.11,00:24:47.899,106.737,106.733,3.19,1.69
2014.09.11,00:24:48.985,106.736,106.733,1,1
2014.09.11,00:24:49.440,106.734,106.732,1,1
2014.09.11,00:24:49.896,106.732,106.729,1,2.44
2014.09.11,00:24:50.401,106.731,106.728,1,2.62
2014.09.11,00:24:50.768,106.733,106.729,2.44,1
2014.09.11,00:24:51.273,106.733,106.73,1,1.5
2014.09.11,00:24:51.778,106.734,106.73,2.44,2.25
2014.09.11,00:24:53.807,106.733,106.73,1,1.5
2014.09.11,00:24:55.832,106.734,106.73,4.69,1.69
2014.09.11,00:24:59.695,106.734,106.731,1.25,1
2014.09.11,00:25:05.621,106.734,106.73,2.25,2.25
2014.09.11,00:25:07.458,106.734,106.731,2.25,1
2014.09.11,00:25:07.965,106.734,106.732,1,1
2014.09.11,00:25:08.471,106.736,106.731,5.44,1.69
2014.09.11,00:25:08.623,106.733,106.731,1,1.69
2014.09.11,00:25:10.755,106.733,106.73,2.25,2.25
2014.09.11,00:25:20.997,106.734,106.73,3.94,2.44
2014.09.11,00:25:21.502,106.734,106.73,2.25,3.94
2014.09.11,00:25:23.779,106.733,106.73,1,3.94
2014.09.11,00:25:25.792,106.734,106.73,1,4.69
2014.09.11,00:25:26.326,106.734,106.73,1,3.94
2014.09.11,00:25:28.800,106.734,106.731,1,1.25
2014.09.11,00:25:29.104,106.732,106.729,2.25,1.5
2014.09.11,00:25:29.609,106.731,106.729,1,1.5
2014.09.11,00:25:30.215,106.732,106.729,1.5,1.5
2014.09.11,00:25:31.246,106.732,106.73,1,1
2014.09.11,00:25:32.888,106.732,106.729,1,2.25
2014.09.11,00:25:33.418,106.731,106.729,1,1
2014.09.11,00:25:35.309,106.732,106.729,4.69,1
2014.09.11,00:25:36.130,106.731,106.729,1,1
2014.09.11,00:25:36.637,106.731,106.727,1,3.94
2014.09.11,00:25:37.187,106.732,106.729,2.44,1
2014.09.11,00:25:37.692,106.733,106.729,3.19,3.19
2014.09.11,00:25:40.369,106.733,106.732,2.25,1
2014.09.11,00:25:40.521,106.735,106.731,2.44,1.5
2014.09.11,00:25:41.026,106.734,106.731,1,3.19
2014.09.11,00:25:41.531,106.735,106.731,1.25,5.06
2014.09.11,00:25:42.133,106.735,106.731,1,4.31
2014.09.11,00:25:43.147,106.735,106.731,1,2.81
2014.09.11,00:25:44.049,106.735,106.732,1,1
2014.09.11,00:25:44.563,106.736,106.732,1.5,2.25
2014.09.11,00:25:47.893,106.736,106.733,1,1
2014.09.11,00:25:49.541,106.737,106.733,3.19,1
2014.09.11,00:25:49.643,106.737,106.734,1,2.44
2014.09.11,00:25:49.744,106.739,106.737,1,1
2014.09.11,00:25:49.845,106.741,106.738,1.5,1.5
2014.09.11,00:25:49.946,106.743,106.739,3.75,1
2014.09.11,00:25:50.923,106.743,106.738,4.69,1.69
2014.09.11,00:25:51.484,106.742,106.739,1.25,1
2014.09.11,00:25:52.770,106.741,106.739,1,1.69
2014.09.11,00:25:53.125,106.739,106.737,1,1
2014.09.11,00:25:53.176,106.738,106.735,1.5,1
2014.09.11,00:25:53.683,106.737,106.734,1,1
2014.09.11,00:25:54.187,106.736,106.733,1,1
2014.09.11,00:25:55.390,106.735,106.733,1,1
2014.09.11,00:25:55.916,106.735,106.732,1,1
2014.09.11,00:25:56.985,106.735,106.733,1,1
2014.09.11,00:25:57.036,106.737,106.733,3.94,1.5
2014.09.11,00:25:57.087,106.735,106.733,1,1.5
2014.09.11,00:25:57.592,106.735,106.732,1,1
2014.09.11,00:25:57.895,106.736,106.734,1.5,1
2014.09.11,00:25:58.400,106.737,106.734,1,1.5
2014.09.11,00:25:59.176,106.736,106.733,1,3
2014.09.11,00:25:59.681,106.735,106.732,1,3.94
2014.09.11,00:25:59.984,106.733,106.731,1.5,1
2014.09.11,00:26:00.591,106.733,106.73,1,2.25
2014.09.11,00:26:00.945,106.735,106.731,3.19,5.25
2014.09.11,00:26:01.454,106.735,106.732,1.69,1
2014.09.11,00:26:01.975,106.734,106.732,1,1.25
2014.09.11,00:26:03.888,106.734,106.733,1,1.5
2014.09.11,00:26:03.939,106.736,106.734,1.5,1
2014.09.11,00:26:04.444,106.737,106.733,1,3.94
2014.09.11,00:26:04.949,106.738,106.734,2.44,1.25
2014.09.11,00:26:05.455,106.738,106.735,1.25,1.5
2014.09.11,00:26:05.960,106.739,106.735,3.75,2.25
2014.09.11,00:26:06.751,106.739,106.737,1.5,1
2014.09.11,00:26:07.811,106.739,106.736,1,1
2014.09.11,00:26:08.324,106.738,106.735,1.5,1.5
2014.09.11,00:26:09.570,106.739,106.735,2.44,3.19
2014.09.11,00:26:10.076,106.739,106.736,1,5.25
2014.09.11,00:26:11.923,106.739,106.735,2.25,1
2014.09.11,00:26:15.281,106.738,106.735,1,9.19
2014.09.11,00:26:24.388,106.739,106.736,1,1
2014.09.11,00:26:24.902,106.739,106.737,1,2.25
2014.09.11,00:26:25.106,106.741,106.738,1,1.69
2014.09.11,00:26:25.157,106.741,106.74,1,1
2014.09.11,00:26:25.208,106.743,106.74,1,1.5
2014.09.11,00:26:25.714,106.744,106.741,1.5,1.25
2014.09.11,00:26:26.118,106.742,106.74,1,2.44
2014.09.11,00:26:26.624,106.743,106.74,1.5,2.44
2014.09.11,00:26:26.927,106.742,106.739,1,2.25
2014.09.11,00:26:26.979,106.741,106.739,1,2.25
2014.09.11,00:26:27.534,106.742,106.739,1,1.5
2014.09.11,00:26:29.013,106.741,106.739,1.5,1
2014.09.11,00:26:29.115,106.739,106.737,1,1.25
2014.09.11,00:26:29.267,106.738,106.736,1,1
2014.09.11,00:26:29.520,106.738,106.734,1.5,6.94
2014.09.11,00:26:30.230,106.738,106.734,2.25,6.19
2014.09.11,00:26:31.786,106.738,106.736,2.25,1
2014.09.11,00:26:31.888,106.741,106.737,3,2.25
2014.09.11,00:26:32.192,106.741,106.74,1.5,1
2014.09.11,00:26:32.243,106.743,106.74,3,1
2014.09.11,00:26:32.496,106.742,106.74,1,2.25
2014.09.11,00:26:32.598,106.743,106.74,1,3.75
2014.09.11,00:26:33.254,106.743,106.74,1,4.69
2014.09.11,00:26:34.139,106.744,106.74,2.25,4.69
2014.09.11,00:26:34.664,106.743,106.741,1,1.25
2014.09.11,00:26:35.679,106.745,106.741,5.44,8.44
2014.09.11,00:26:36.186,106.744,106.741,1,8.44
2014.09.11,00:26:37.760,106.743,106.741,1,9
2014.09.11,00:26:38.268,106.744,106.741,2.25,8.25
2014.09.11,00:26:39.645,106.744,106.74,3,2.81
2014.09.11,00:26:42.927,106.744,106.741,1.5,1
2014.09.11,00:26:43.457,106.744,106.74,2.25,2.81
2014.09.11,00:26:44.050,106.744,106.74,2.25,3.56
2014.09.11,00:26:47.193,106.744,106.74,2.44,3.56
2014.09.11,00:26:47.696,106.745,106.741,3.94,1.5
2014.09.11,00:26:48.264,106.744,106.742,1.25,1
2014.09.11,00:26:48.823,106.744,106.741,1,1.31
2014.09.11,00:26:50.962,106.744,106.741,1,2.06
2014.09.11,00:26:51.366,106.746,106.742,2.44,3.56
2014.09.11,00:26:51.909,106.746,106.742,1.5,4.31
2014.09.11,00:26:56.580,106.747,106.743,3.19,2.44
2014.09.11,00:26:59.222,106.747,106.744,2.44,1
2014.09.11,00:27:00.999,106.748,106.744,2.44,1
2014.09.11,00:27:03.806,106.748,106.744,3.94,1
2014.09.11,00:27:04.831,106.748,106.744,3.94,1.25
2014.09.11,00:27:07.090,106.748,106.745,1,1.5
2014.09.11,00:27:07.618,106.749,106.745,2.44,3
2014.09.11,00:27:08.987,106.748,106.745,1,1.69
2014.09.11,00:27:10.108,106.748,106.746,1,1
2014.09.11,00:27:11.320,106.748,106.745,1,1.69
2014.09.11,00:27:13.049,106.747,106.745,1,1
2014.09.11,00:27:15.174,106.747,106.744,1,3.19
2014.09.11,00:27:16.278,106.748,106.744,2.25,1
2014.09.11,00:27:16.783,106.747,106.744,1,1
2014.09.11,00:27:17.288,106.748,106.744,3.94,1.25
2014.09.11,00:27:17.843,106.747,106.744,1,1.25
2014.09.11,00:27:18.690,106.746,106.743,1,2.44
2014.09.11,00:27:18.943,106.747,106.742,1,6.94
2014.09.11,00:27:19.488,106.746,106.743,1,1
2014.09.11,00:27:20.257,106.747,106.743,1,1.5
2014.09.11,00:27:22.264,106.748,106.743,3.94,2.25
2014.09.11,00:27:22.788,106.747,106.743,1,2.25
2014.09.11,00:27:23.497,106.746,106.742,1,7.69
2014.09.11,00:27:26.525,106.746,106.743,1,1.25
2014.09.11,00:27:28.769,106.747,106.743,1.25,1.69
2014.09.11,00:27:29.274,106.746,106.743,1,1.69
2014.09.11,00:27:32.417,106.747,106.743,1.25,3.19
2014.09.11,00:27:33.903,106.746,106.743,1,1.69
2014.09.11,00:27:39.211,106.747,106.743,1.69,2.44
2014.09.11,00:27:46.947,106.746,106.743,1,1.5
2014.09.11,00:27:48.212,106.745,106.742,1,1.69
2014.09.11,00:27:48.775,106.745,106.742,3.94,1
2014.09.11,00:27:48.927,106.742,106.74,1.5,1.5
2014.09.11,00:27:49.432,106.741,106.74,1,1
2014.09.11,00:27:50.209,106.741,106.739,1,1
2014.09.11,00:27:50.467,106.741,106.737,1.5,4.31
2014.09.11,00:27:50.719,106.739,106.737,1,2.06
2014.09.11,00:27:50.871,106.737,106.735,1,8.25
2014.09.11,00:27:51.376,106.737,106.734,1.5,1
2014.09.11,00:27:58.892,106.737,106.734,2.44,1.5
2014.09.11,00:28:02.510,106.737,106.734,2.44,1.5
2014.09.11,00:28:03.020,106.737,106.734,2.44,1.5
2014.09.11,00:28:04.239,106.737,106.734,1.5,1.5
2014.09.11,00:28:08.797,106.738,106.734,3.19,6
2014.09.11,00:28:21.413,106.738,106.735,1,1
2014.09.11,00:28:21.918,106.738,106.734,1.5,6.19
2014.09.11,00:28:24.210,106.738,106.734,1.5,6.94
2014.09.11,00:28:26.211,106.738,106.734,1.5,6
2014.09.11,00:28:29.117,106.738,106.734,1.5,7.69
2014.09.11,00:28:31.459,106.738,106.734,1.69,7.69
2014.09.11,00:28:32.472,106.738,106.735,1.25,1
2014.09.11,00:28:35.640,106.738,106.736,1,1
2014.09.11,00:28:35.892,106.742,106.739,1,3
2014.09.11,00:28:35.943,106.743,106.742,1.5,3.75
2014.09.11,00:28:36.095,106.745,106.743,1,1.5
2014.09.11,00:28:36.600,106.746,106.743,2.44,1
2014.09.11,00:28:39.056,106.746,106.742,2.25,1.25
2014.09.11,00:28:39.638,106.746,106.742,2.25,1.69
2014.09.11,00:28:40.150,106.746,106.742,2.44,1.69
2014.09.11,00:28:42.691,106.746,106.742,2.25,1.69
2014.09.11,00:28:44.195,106.746,106.744,2.25,1
2014.09.11,00:28:50.990,106.746,106.743,2.25,1.25
2014.09.11,00:28:54.495,106.746,106.744,3,1
2014.09.11,00:28:55.001,106.747,106.745,1.5,1
2014.09.11,00:29:15.555,106.748,106.745,2.25,2.25
2014.09.11,00:29:15.859,106.749,106.747,1,2.25
2014.09.11,00:29:16.011,106.752,106.749,2.44,1
2014.09.11,00:29:16.516,106.751,106.749,1,1
2014.09.11,00:29:17.123,106.752,106.749,2.25,1.5
2014.09.11,00:29:19.170,106.751,106.748,1.5,2.62
2014.09.11,00:29:19.675,106.751,106.749,1.5,1
2014.09.11,00:29:21.254,106.75,106.749,1,1
2014.09.11,00:29:23.331,106.751,106.749,2.25,1.5
2014.09.11,00:29:24.241,106.751,106.748,2.25,1
2014.09.11,00:29:24.747,106.749,106.746,1,7.31
2014.09.11,00:29:25.253,106.748,106.747,1,1.25
2014.09.11,00:29:25.974,106.749,106.747,1.5,1
2014.09.11,00:29:26.574,106.748,106.746,1,1.69
2014.09.11,00:29:29.146,106.747,106.745,1,2.44
2014.09.11,00:29:29.400,106.747,106.743,1.5,3.19
2014.09.11,00:29:30.173,106.747,106.743,1.5,3.19
2014.09.11,00:29:31.269,106.747,106.743,1.25,3.19
2014.09.11,00:29:33.283,106.748,106.744,3.19,1.69
2014.09.11,00:29:34.405,106.748,106.744,2.25,1.69
2014.09.11,00:29:39.231,106.748,106.744,1.5,1
2014.09.11,00:29:39.735,106.747,106.743,1,1.69
2014.09.11,00:29:40.824,106.747,106.743,1,2.44
2014.09.11,00:29:41.178,106.749,106.746,2.25,1
2014.09.11,00:29:41.482,106.75,106.748,1.5,1.5
2014.09.11,00:29:42.003,106.75,106.749,1.5,1
2014.09.11,00:29:44.094,106.75,106.748,1,1
2014.09.11,00:29:44.196,106.751,106.749,2.44,1
2014.09.11,00:29:44.993,106.75,106.749,1,1
2014.09.11,00:29:45.144,106.75,106.747,1.25,1
2014.09.11,00:29:45.806,106.749,106.747,1,1
2014.09.11,00:29:46.009,106.751,106.747,2.25,1.69
2014.09.11,00:29:46.110,106.751,106.75,1.5,1
2014.09.11,00:29:49.106,106.751,106.749,1,1
2014.09.11,00:29:49.819,106.752,106.749,1.25,1
2014.09.11,00:29:50.687,106.751,106.749,1,1.25
2014.09.11,00:29:51.193,106.751,106.748,1,3
2014.09.11,00:29:54.529,106.753,106.75,1.69,1
2014.09.11,00:29:55.034,106.752,106.75,1,2.25
2014.09.11,00:29:55.539,106.751,106.748,5.44,1
2014.09.11,00:30:01.165,106.75,106.747,1.25,1
2014.09.11,00:30:01.673,106.749,106.747,1.5,1
2014.09.11,00:30:11.714,106.749,106.748,1,1.5
2014.09.11,00:30:11.815,106.752,106.749,1.25,1.5
2014.09.11,00:30:12.219,106.754,106.752,5.44,1
2014.09.11,00:30:12.724,106.754,106.751,1.5,1.5
2014.09.11,00:30:13.229,106.754,106.75,1.5,3.75
2014.09.11,00:30:13.734,106.754,106.75,1.5,4.69
2014.09.11,00:30:23.599,106.754,106.752,1,1
2014.09.11,00:30:24.113,106.754,106.751,1.5,1.5
2014.09.11,00:30:24.619,106.753,106.75,1,2.25
2014.09.11,00:30:25.177,106.752,106.749,1,2.44
2014.09.11,00:30:31.066,106.751,106.749,1,1.69
2014.09.11,00:30:31.370,106.75,106.747,2.25,1.25
2014.09.11,00:30:33.425,106.75,106.748,1.5,1
2014.09.11,00:30:33.931,106.751,106.749,1.69,1
2014.09.11,00:30:34.487,106.751,106.75,1,1
2014.09.11,00:30:34.992,106.752,106.749,1.5,2.44
2014.09.11,00:30:35.512,106.753,106.75,1.5,1.5
2014.09.11,00:30:44.957,106.753,106.749,1.5,2.25
2014.09.11,00:30:45.463,106.752,106.748,3.19,2.25
2014.09.11,00:30:45.767,106.749,106.747,1,1.5
2014.09.11,00:30:46.070,106.752,106.749,2.25,1
2014.09.11,00:30:46.575,106.753,106.75,1.5,1
2014.09.11,00:30:48.536,106.752,106.75,1,1
2014.09.11,00:30:53.442,106.753,106.75,3.94,1
2014.09.11,00:30:53.957,106.752,106.75,1,1
2014.09.11,00:30:54.477,106.753,106.75,2.44,1
2014.09.11,00:30:55.266,106.753,106.749,3.19,3.94
2014.09.11,00:30:56.454,106.753,106.75,2.25,1
2014.09.11,00:30:57.478,106.752,106.75,1,1
2014.09.11,00:30:58.972,106.753,106.75,1.25,1
2014.09.11,00:31:02.218,106.753,106.751,1.5,1
2014.09.11,00:31:03.492,106.753,106.752,1,1
2014.09.11,00:31:06.040,106.753,106.751,1,1.25
2014.09.11,00:31:10.108,106.754,106.751,1.5,1.5
2014.09.11,00:31:12.052,106.754,106.75,2.25,1.5
2014.09.11,00:31:13.297,106.75,106.749,1.5,1.25
2014.09.11,00:31:13.398,106.749,106.747,1,2.25
2014.09.11,00:31:13.499,106.748,106.746,1,1
2014.09.11,00:31:13.601,106.747,106.744,1,3.19
2014.09.11,00:31:14.106,106.748,106.746,1,1
2014.09.11,00:31:14.692,106.749,106.746,1.69,1
2014.09.11,00:31:18.462,106.75,106.749,2.25,1.5
2014.09.11,00:31:18.615,106.754,106.75,3.94,3
2014.09.11,00:31:19.119,106.754,106.751,1.25,1.5
2014.09.11,00:31:19.787,106.754,106.752,1.5,1
2014.09.11,00:31:21.239,106.754,106.751,1,1
2014.09.11,00:31:21.746,106.754,106.752,1,1
2014.09.11,00:31:26.316,106.756,106.753,4.69,1
2014.09.11,00:31:26.821,106.756,106.752,3.19,3.19
2014.09.11,00:31:27.418,106.755,106.752,1,3.19
2014.09.11,00:31:27.958,106.756,106.752,1.5,3.19
2014.09.11,00:31:29.003,106.757,106.753,3,2.44
2014.09.11,00:31:30.011,106.757,106.753,1.5,1.5
2014.09.11,00:31:32.217,106.755,106.753,1,1.5
2014.09.11,00:31:32.825,106.756,106.753,1.5,1
2014.09.11,00:31:33.761,106.757,106.753,1,1.5
2014.09.11,00:31:34.276,106.757,106.754,1,1.69
2014.09.11,00:31:34.781,106.757,106.755,1,1.25
2014.09.11,00:31:35.288,106.757,106.754,1,1.69
2014.09.11,00:31:40.044,106.758,106.754,3.75,1.69
2014.09.11,00:31:40.348,106.758,106.756,2.25,1.25
2014.09.11,00:31:41.127,106.758,106.755,2.25,1.25
2014.09.11,00:31:43.120,106.758,106.756,1.5,1.25
2014.09.11,00:31:45.384,106.757,106.756,1,1.25
2014.09.11,00:31:45.586,106.757,106.754,1,1.25
2014.09.11,00:31:59.412,106.756,106.754,1,1.5
2014.09.11,00:32:00.238,106.755,106.754,1,1.69
2014.09.11,00:32:04.329,106.756,106.754,1,1
2014.09.11,00:32:07.425,106.755,106.754,1,1
2014.09.11,00:32:10.690,106.754,106.752,1,1
2014.09.11,00:32:11.196,106.754,106.752,2.25,1
2014.09.11,00:32:22.328,106.753,106.752,1,1
2014.09.11,00:32:22.480,106.755,106.752,2.25,1
2014.09.11,00:32:23.338,106.756,106.754,2.25,1
2014.09.11,00:32:25.435,106.754,106.752,1,1.69
2014.09.11,00:32:28.950,106.755,106.752,1.5,1
2014.09.11,00:32:48.232,106.756,106.754,1.5,1
2014.09.11,00:32:50.952,106.755,106.752,1,1.5
2014.09.11,00:32:51.713,106.756,106.754,1.69,1
2014.09.11,00:32:54.974,106.755,106.752,1,1.69
2014.09.11,00:32:55.539,106.756,106.754,1.69,1
2014.09.11,00:32:56.049,106.755,106.752,1,1.69
2014.09.11,00:32:56.940,106.756,106.754,1.25,1
2014.09.11,00:33:02.282,106.757,106.755,1.69,1
2014.09.11,00:33:07.111,106.757,106.756,1,1
2014.09.11,00:33:07.365,106.759,106.756,4.5,1.5
2014.09.11,00:33:07.921,106.759,106.757,5.25,1
2014.09.11,00:33:08.539,106.759,106.756,1,1
2014.09.11,00:33:09.152,106.759,106.755,1,1.5
2014.09.11,00:33:11.525,106.759,106.758,1,1
2014.09.11,00:33:11.678,106.761,106.759,1,1
2014.09.11,00:33:11.779,106.763,106.759,1.5,1
2014.09.11,00:33:11.880,106.763,106.761,1.5,1
2014.09.11,00:33:12.386,106.765,106.762,1.19,1
2014.09.11,00:33:12.488,106.766,106.762,7.69,1
2014.09.11,00:33:16.487,106.766,106.763,2.25,1
2014.09.11,00:33:18.321,106.766,106.764,1,1
2014.09.11,00:33:18.473,106.768,106.765,1.69,1.5
2014.09.11,00:33:19.129,106.766,106.765,1,1
2014.09.11,00:33:19.635,106.765,106.762,3.75,2.44
2014.09.11,00:33:19.837,106.765,106.762,1.5,1.25
2014.09.11,00:33:20.343,106.766,106.762,3.19,1.25
2014.09.11,00:33:21.024,106.766,106.763,1.5,1
2014.09.11,00:33:22.155,106.765,106.763,1,1
2014.09.11,00:33:22.206,106.764,106.761,1.5,2.44
2014.09.11,00:33:22.762,106.763,106.761,1,1
2014.09.11,00:33:23.267,106.764,106.76,6,1.5
2014.09.11,00:33:23.775,106.764,106.761,5.25,1
2014.09.11,00:33:24.719,106.764,106.76,1.5,2.25
2014.09.11,00:33:25.124,106.763,106.76,2.44,1.5
2014.09.11,00:33:25.275,106.761,106.758,1.5,3.19
2014.09.11,00:33:25.832,106.761,106.76,1,1
2014.09.11,00:33:25.933,106.764,106.76,5.25,1
2014.09.11,00:33:26.559,106.765,106.762,2.44,1
2014.09.11,00:33:28.136,106.765,106.762,2.44,1
2014.09.11,00:33:28.946,106.765,106.76,1.69,4.69
2014.09.11,00:33:29.451,106.765,106.762,1.25,1
2014.09.11,00:33:33.030,106.766,106.763,2.44,1
2014.09.11,00:33:33.334,106.767,106.765,1,2.25
2014.09.11,00:33:33.638,106.769,106.767,1,1.5
2014.09.11,00:33:34.447,106.77,106.767,1,1
2014.09.11,00:33:36.165,106.771,106.767,2.44,1.5
2014.09.11,00:33:36.671,106.771,106.768,1,1.5
2014.09.11,00:33:40.512,106.772,106.768,3.19,2.44
2014.09.11,00:33:42.870,106.771,106.768,1,1.69
2014.09.11,00:33:43.375,106.771,106.769,1.5,1
2014.09.11,00:33:44.133,106.771,106.768,1.5,1.69
2014.09.11,00:33:45.718,106.772,106.768,1.69,1.69
2014.09.11,00:33:46.480,106.771,106.768,1.5,1.25
2014.09.11,00:33:47.566,106.771,106.767,1.5,3.75
2014.09.11,00:33:48.898,106.77,106.767,1,1.5
2014.09.11,00:33:49.435,106.77,106.766,1.5,1.69
2014.09.11,00:33:54.288,106.768,106.766,1,1
2014.09.11,00:33:54.793,106.769,106.765,1,4.69
2014.09.11,00:33:56.297,106.77,106.765,1.69,8.44
2014.09.11,00:33:56.810,106.769,106.765,1,7.69
2014.09.11,00:33:57.318,106.77,106.767,1.69,1
2014.09.11,00:33:58.000,106.77,106.766,1.5,3.75
2014.09.11,00:33:59.267,106.77,106.767,1,1
2014.09.11,00:33:59.571,106.773,106.771,2.44,1
2014.09.11,00:33:59.623,106.772,106.769,1,2.44
2014.09.11,00:34:00.279,106.772,106.77,1.5,1.5
2014.09.11,00:34:00.583,106.773,106.772,1,1
2014.09.11,00:34:00.634,106.775,106.772,1.25,1
2014.09.11,00:34:00.836,106.777,106.773,3,3
2014.09.11,00:34:01.089,106.774,106.773,1,1
2014.09.11,00:34:01.190,106.776,106.773,2.44,1
2014.09.11,00:34:01.292,106.776,106.771,4.69,1.69
2014.09.11,00:34:01.696,106.774,106.772,1,1.25
2014.09.11,00:34:02.201,106.775,106.772,1,1.69
2014.09.11,00:34:02.505,106.777,106.773,1.25,3
2014.09.11,00:34:03.010,106.777,106.774,1.69,1
2014.09.11,00:34:03.515,106.777,106.773,1.5,1.5
2014.09.11,00:34:04.020,106.776,106.774,1,1
2014.09.11,00:34:07.730,106.777,106.774,1,1.5
2014.09.11,00:34:09.318,106.777,106.773,1.5,2.25
2014.09.11,00:34:10.636,106.775,106.772,1,2.44
2014.09.11,00:34:10.940,106.772,106.771,1.5,1
2014.09.11,00:34:11.092,106.772,106.769,1.5,2.44
2014.09.11,00:34:11.244,106.77,106.769,1,2.44
2014.09.11,00:34:12.229,106.77,106.768,1,1.69
2014.09.11,00:34:13.349,106.771,106.768,1.5,1
2014.09.11,00:34:14.063,106.771,106.767,2.25,3.19
2014.09.11,00:34:14.571,106.771,106.767,2.25,3.94
2014.09.11,00:34:15.076,106.77,106.767,2.25,1
2014.09.11,00:34:15.608,106.77,106.766,2.25,1.25
2014.09.11,00:34:16.116,106.769,106.766,1,1.5
2014.09.11,00:34:23.454,106.769,106.765,2.25,1
2014.09.11,00:34:23.764,106.767,106.764,1,2.44
2014.09.11,00:34:24.467,106.765,106.763,1,1.25
2014.09.11,00:34:24.669,106.762,106.759,1.5,1.25
2014.09.11,00:34:24.771,106.76,106.758,1,1.5
2014.09.11,00:34:25.273,106.76,106.757,1,1
2014.09.11,00:34:25.779,106.761,106.758,2.25,1
2014.09.11,00:34:26.301,106.76,106.757,1,1
2014.09.11,00:34:26.836,106.759,106.757,1,1
2014.09.11,00:34:27.392,106.76,106.758,1,1
2014.09.11,00:34:27.493,106.762,106.759,1.5,1.5
2014.09.11,00:34:28.023,106.763,106.759,2.44,1.69
2014.09.11,00:34:28.685,106.762,106.759,1.25,1
2014.09.11,00:34:29.090,106.764,106.76,2.44,1.5
2014.09.11,00:34:29.596,106.763,106.761,1,1.25
2014.09.11,00:34:29.798,106.762,106.759,1,2.44
2014.09.11,00:34:30.304,106.761,106.759,1,1
2014.09.11,00:34:30.831,106.762,106.759,1,1
2014.09.11,00:34:31.343,106.762,106.76,1,1.5
2014.09.11,00:34:31.850,106.762,106.759,1,2.44
2014.09.11,00:34:32.595,106.761,106.759,1,1
2014.09.11,00:34:32.899,106.761,106.757,1.25,1.69
2014.09.11,00:34:34.069,106.761,106.759,1.25,1
2014.09.11,00:34:37.088,106.762,106.759,3.19,1
2014.09.11,00:34:37.604,106.762,106.76,1.5,1
2014.09.11,00:34:37.908,106.764,106.762,1,1
2014.09.11,00:34:38.418,106.765,106.762,1,1.5
2014.09.11,00:34:39.429,106.766,106.763,1,3
2014.09.11,00:34:40.005,106.767,106.763,1.5,3.75
2014.09.11,00:34:40.512,106.767,106.764,1.69,1
2014.09.11,00:34:41.497,106.766,106.763,1,2.25
2014.09.11,00:34:41.801,106.765,106.761,1.5,1.5
2014.09.11,00:34:42.307,106.765,106.762,1,1.5
2014.09.11,00:34:42.921,106.765,106.761,1.5,3
2014.09.11,00:34:43.377,106.763,106.761,1,1.5
2014.09.11,00:34:43.579,106.765,106.761,2.44,1.5
2014.09.11,00:34:44.084,106.764,106.761,4.5,1
2014.09.11,00:34:44.610,106.763,106.759,3,3.19
2014.09.11,00:34:47.096,106.763,106.759,2.25,3.94
2014.09.11,00:34:47.350,106.765,106.762,1.69,2.25
2014.09.11,00:34:47.854,106.766,106.762,1.5,2.25
2014.09.11,00:34:48.161,106.763,106.761,1,1
2014.09.11,00:34:48.666,106.763,106.76,1.25,2.25
2014.09.11,00:34:48.969,106.764,106.762,3.75,1
2014.09.11,00:34:49.121,106.767,106.763,10.31,1
2014.09.11,00:34:49.654,106.767,106.762,10.69,1
2014.09.11,00:34:50.059,106.765,106.762,1,1
2014.09.11,00:34:50.563,106.766,106.762,1,1
2014.09.11,00:34:52.877,106.765,106.761,1,2.44
2014.09.11,00:34:56.241,106.764,106.761,1,1.69
2014.09.11,00:34:56.545,106.761,106.758,1.5,1.5
2014.09.11,00:34:56.848,106.759,106.756,1,3.94
2014.09.11,00:34:57.354,106.76,106.757,1,2.44
2014.09.11,00:34:57.960,106.761,106.757,2.44,2.25
2014.09.11,00:34:58.263,106.761,106.76,1,1
2014.09.11,00:34:58.768,106.762,106.759,3.94,1
2014.09.11,00:34:59.274,106.762,106.758,3.19,3.19
2014.09.11,00:35:00.769,106.762,106.759,1.69,3.75
2014.09.11,00:35:01.072,106.764,106.762,1.69,1
2014.09.11,00:35:01.580,106.765,106.762,1.25,1
2014.09.11,00:35:02.231,106.766,106.762,1.25,1.25
2014.09.11,00:35:02.721,106.763,106.761,1,2.25
2014.09.11,00:35:03.227,106.763,106.76,2.44,1
2014.09.11,00:35:03.746,106.763,106.76,2.44,1
2014.09.11,00:35:04.451,106.763,106.761,2.44,1
2014.09.11,00:35:04.755,106.764,106.761,1,1.5
2014.09.11,00:35:07.787,106.764,106.762,1,1
2014.09.11,00:35:10.289,106.764,106.761,1,1.69
2014.09.11,00:35:10.391,106.762,106.76,1,2.44
2014.09.11,00:35:10.745,106.761,106.758,1.5,1
2014.09.11,00:35:14.185,106.761,106.76,1,1
2014.09.11,00:35:14.590,106.763,106.76,1.5,1
2014.09.11,00:35:14.944,106.765,106.762,1.5,1
2014.09.11,00:35:17.593,106.764,106.762,1.69,1
2014.09.11,00:35:18.201,106.765,106.762,4.5,1
2014.09.11,00:35:20.131,106.764,106.762,1,1
2014.09.11,00:35:22.921,106.765,106.762,1.5,1
2014.09.11,00:35:23.427,106.764,106.762,1.69,1
2014.09.11,00:35:29.056,106.763,106.761,1,1.5
2014.09.11,00:35:37.332,106.763,106.76,1.69,3
2014.09.11,00:35:37.947,106.762,106.76,1.25,1.5
2014.09.11,00:35:47.263,106.763,106.76,1.69,1
2014.09.11,00:35:49.448,106.762,106.76,1.25,1.5
2014.09.11,00:35:50.242,106.761,106.759,3,1
2014.09.11,00:35:50.344,106.759,106.757,1.25,1.5
2014.09.11,00:35:50.648,106.758,106.755,1.25,1.5
2014.09.11,00:35:51.155,106.757,106.755,1.25,1.5
2014.09.11,00:35:52.780,106.758,106.755,1.25,1.5
2014.09.11,00:35:52.831,106.758,106.756,1.25,1
2014.09.11,00:35:52.882,106.76,106.758,1,7.5
2014.09.11,00:35:53.388,106.761,106.759,1.25,1.5
2014.09.11,00:35:55.178,106.761,106.758,1.69,3
2014.09.11,00:35:55.646,106.761,106.76,1,1
2014.09.11,00:35:55.949,106.761,106.76,1,1
2014.09.11,00:35:56.052,106.762,106.76,1.25,1.5
2014.09.11,00:36:00.389,106.761,106.76,1,1
2014.09.11,00:36:01.899,106.761,106.759,1.69,1
2014.09.11,00:36:02.405,106.761,106.76,1,1
2014.09.11,00:36:08.200,106.762,106.76,1,2.25
2014.09.11,00:36:08.706,106.763,106.761,1,1
2014.09.11,00:36:09.255,106.763,106.762,1,1
2014.09.11,00:36:09.870,106.763,106.761,1.5,1
2014.09.11,00:36:10.325,106.765,106.763,1.5,1
2014.09.11,00:36:10.528,106.768,106.765,1,3
2014.09.11,00:36:10.680,106.768,106.766,1,1
2014.09.11,00:36:11.286,106.77,106.767,1,2.44
2014.09.11,00:36:11.388,106.769,106.766,1,2.25
2014.09.11,00:36:11.943,106.768,106.767,1,1.69
2014.09.11,00:36:12.832,106.77,106.767,1.87,1.5
2014.09.11,00:36:12.933,106.769,106.767,1,2.25
2014.09.11,00:36:13.187,106.769,106.766,1,2.25
2014.09.11,00:36:13.709,106.768,106.767,1,2.25
2014.09.11,00:36:14.132,106.77,106.767,1.69,2.25
2014.09.11,00:36:15.092,106.77,106.768,1.69,1
2014.09.11,00:36:15.598,106.77,106.767,1.69,1
2014.09.11,00:36:16.204,106.77,106.768,1,1
2014.09.11,00:36:16.868,106.77,106.767,1,2.44
2014.09.11,00:36:17.475,106.77,106.766,3.19,3.94
2014.09.11,00:36:17.678,106.768,106.766,1,3.19
2014.09.11,00:36:18.191,106.768,106.767,1,1
2014.09.11,00:36:18.890,106.769,106.766,1.5,2.44
2014.09.11,00:36:19.396,106.77,106.767,1.69,1.5
2014.09.11,00:36:19.901,106.771,106.768,1,2.25
2014.09.11,00:36:20.406,106.772,106.768,2.44,3.19
2014.09.11,00:36:21.370,106.772,106.769,2.44,1
2014.09.11,00:36:21.674,106.775,106.773,1.5,1
2014.09.11,00:36:21.911,106.777,106.774,2.06,1
2014.09.11,00:36:23.125,106.777,106.775,1.5,1.5
2014.09.11,00:36:23.277,106.779,106.776,2.44,1
2014.09.11,00:36:23.784,106.779,106.777,1.69,1
2014.09.11,00:36:24.289,106.779,106.777,2.44,1
2014.09.11,00:36:24.391,106.779,106.775,2.44,3.94
2014.09.11,00:36:25.047,106.779,106.777,2.44,1
2014.09.11,00:36:25.249,106.779,106.776,2.44,1
2014.09.11,00:36:25.806,106.779,106.777,2.44,1
2014.09.11,00:36:26.262,106.781,106.777,1.69,2.25
2014.09.11,00:36:27.567,106.78,106.777,1,2.44
2014.09.11,00:36:28.072,106.78,106.776,3,2.25
2014.09.11,00:36:28.578,106.779,106.775,1,3.19
2014.09.11,00:36:29.808,106.78,106.775,3.19,1
2014.09.11,00:36:29.961,106.778,106.776,1,1
2014.09.11,00:36:30.372,106.78,106.777,2.44,1
2014.09.11,00:36:31.080,106.779,106.777,1,1
2014.09.11,00:36:31.586,106.78,106.777,2.44,1
2014.09.11,00:36:31.688,106.78,106.778,2.44,1
2014.09.11,00:36:32.092,106.78,106.777,1.5,1
2014.09.11,00:36:33.046,106.78,106.777,3.19,1
2014.09.11,00:36:33.554,106.778,106.776,1,1.5
2014.09.11,00:36:34.060,106.779,106.776,1.69,1.5
2014.09.11,00:36:34.565,106.778,106.776,1,1.69
2014.09.11,00:36:34.939,106.78,106.777,3.19,1
2014.09.11,00:36:35.447,106.781,106.777,3.75,3
2014.09.11,00:36:36.488,106.779,106.777,1,3
2014.09.11,00:36:36.923,106.781,106.777,3,3
2014.09.11,00:36:37.428,106.781,106.778,1.5,1
2014.09.11,00:36:39.134,106.781,106.778,2.5,1.25
2014.09.11,00:36:41.519,106.781,106.778,1.69,1
2014.09.11,00:36:43.587,106.78,106.776,1,3.94
2014.09.11,00:36:44.092,106.779,106.776,1,1.25
2014.09.11,00:36:45.046,106.779,106.777,2.25,1
2014.09.11,00:36:45.300,106.781,106.779,1,1
2014.09.11,00:36:45.806,106.782,106.78,1.69,1
2014.09.11,00:36:47.519,106.782,106.779,2.25,1
2014.09.11,00:36:50.635,106.783,106.779,3.94,2.25
2014.09.11,00:36:52.139,106.783,106.78,2.44,1
2014.09.11,00:36:53.838,106.783,106.779,2.44,2.25
2014.09.11,00:36:54.796,106.783,106.78,1,1.25
2014.09.11,00:36:54.847,106.783,106.782,1,1.12
2014.09.11,00:36:54.949,106.785,106.783,2.44,1
2014.09.11,00:36:55.101,106.787,106.784,1.69,2.25
2014.09.11,00:36:55.405,106.786,106.783,3.75,1.5
2014.09.11,00:36:55.912,106.785,106.782,3,1
2014.09.11,00:36:56.216,106.783,106.78,1.5,3
2014.09.11,00:36:56.519,106.785,106.782,1.5,6
2014.09.11,00:36:56.621,106.787,106.783,1.5,2.25
2014.09.11,00:36:57.025,106.786,106.782,3.19,6.56
2014.09.11,00:36:57.531,106.784,106.781,1.5,1.25
2014.09.11,00:36:58.151,106.784,106.78,3,5.25
2014.09.11,00:37:01.374,106.784,106.779,2.25,1.25
2014.09.11,00:37:01.677,106.782,106.778,1,4.31
2014.09.11,00:37:02.208,106.783,106.779,1.5,1
2014.09.11,00:37:04.675,106.782,106.779,1,1.5
2014.09.11,00:37:05.180,106.782,106.778,1,7.31
2014.09.11,00:37:05.685,106.783,106.778,2.25,7.69
2014.09.11,00:37:06.224,106.783,106.778,3.19,8.44
2014.09.11,00:37:07.877,106.783,106.778,1.5,8.81
2014.09.11,00:37:08.843,106.783,106.778,2.44,8.81
2014.09.11,00:37:12.238,106.783,106.778,1.5,4.31
2014.09.11,00:37:14.468,106.783,106.779,1.69,1.25
2014.09.11,00:37:14.973,106.782,106.779,1,1.25
2014.09.11,00:37:16.589,106.78,106.778,1,1.31
2014.09.11,00:37:16.690,106.782,106.779,1.5,1
2014.09.11,00:37:19.860,106.779,106.777,1,7.5
2014.09.11,00:37:20.366,106.779,106.778,1,1
2014.09.11,00:37:20.872,106.779,106.777,1.5,1
2014.09.11,00:37:21.396,106.778,106.777,1,1
2014.09.11,00:37:21.941,106.778,106.775,1.69,1
2014.09.11,00:37:22.143,106.776,106.773,1,1.5
2014.09.11,00:37:22.245,106.774,106.772,1,1.5
2014.09.11,00:37:22.497,106.774,106.77,3,1.5
2014.09.11,00:37:23.002,106.773,106.77,1,1
2014.09.11,00:37:23.608,106.772,106.769,1.69,2.25
2014.09.11,00:37:24.116,106.772,106.768,4.69,1
2014.09.11,00:37:24.759,106.77,106.767,1,1.69
2014.09.11,00:37:25.063,106.772,106.769,2.44,1
2014.09.11,00:37:25.568,106.772,106.768,1.69,2.44
2014.09.11,00:37:26.112,106.772,106.768,2.44,2.25
2014.09.11,00:37:27.282,106.772,106.769,1.69,1
2014.09.11,00:37:28.094,106.772,106.768,1.69,1.5
2014.09.11,00:37:29.104,106.772,106.769,1.69,1
2014.09.11,00:37:29.616,106.771,106.768,1.25,1.5
2014.09.11,00:37:30.026,106.77,106.766,1.69,9.19
2014.09.11,00:37:30.894,106.77,106.767,1.69,1
2014.09.11,00:37:32.106,106.77,106.766,1.69,2.44
2014.09.11,00:37:32.613,106.769,106.765,1.69,2.44
2014.09.11,00:37:33.127,106.768,106.765,1,1.69
2014.09.11,00:37:34.705,106.769,106.765,1,1
2014.09.11,00:37:36.152,106.769,106.767,1.25,3
2014.09.11,00:37:36.354,106.772,106.769,1.69,1
2014.09.11,00:37:38.634,106.772,106.769,1.25,2.5
2014.09.11,00:37:39.410,106.772,106.769,1.25,1.5
2014.09.11,00:37:39.613,106.771,106.767,1,2.44
2014.09.11,00:37:40.118,106.771,106.766,1.5,2.44
2014.09.11,00:37:40.624,106.77,106.766,2.25,1.69
2014.09.11,00:37:42.343,106.769,106.766,1,1.69
2014.09.11,00:37:42.848,106.77,106.766,3.94,2.44
2014.09.11,00:37:43.050,106.768,106.766,1,2.44
2014.09.11,00:37:47.547,106.769,106.766,1,1.69
2014.09.11,00:37:47.851,106.771,106.767,3.19,2.44
2014.09.11,00:37:48.420,106.771,106.768,2.44,1
2014.09.11,00:37:51.481,106.77,106.768,1,1
2014.09.11,00:37:51.986,106.769,106.767,1,1.69
2014.09.11,00:37:52.519,106.769,106.766,1.5,1
2014.09.11,00:37:53.050,106.769,106.767,1.5,1
2014.09.11,00:37:58.087,106.769,106.766,1,1.69
2014.09.11,00:37:58.441,106.767,106.765,1,1
2014.09.11,00:37:58.579,106.767,106.763,2.44,2.44
2014.09.11,00:37:59.085,106.767,106.764,1.25,1
2014.09.11,00:37:59.489,106.765,106.763,1,1.25
2014.09.11,00:37:59.540,106.765,106.761,2.44,2.25
2014.09.11,00:37:59.641,106.763,106.76,1,1
2014.09.11,00:38:00.147,106.763,106.759,1,6.94
2014.09.11,00:38:00.652,106.763,106.76,1,1
2014.09.11,00:38:01.651,106.764,106.76,1.5,3.19
2014.09.11,00:38:02.156,106.763,106.759,1.5,3.19
2014.09.11,00:38:02.663,106.763,106.76,1,1.69
2014.09.11,00:38:03.279,106.764,106.76,2.25,2.44
2014.09.11,00:38:04.290,106.764,106.762,1.5,1.5
2014.09.11,00:38:04.391,106.764,106.76,1.5,1.25
2014.09.11,00:38:04.997,106.764,106.762,1.5,1
2014.09.11,00:38:05.458,106.763,106.76,2.25,1.25
2014.09.11,00:38:06.168,106.763,106.761,1,1
2014.09.11,00:38:06.320,106.763,106.761,1,1
2014.09.11,00:38:06.472,106.766,106.764,1,3.75
2014.09.11,00:38:07.003,106.768,106.766,1.5,1
2014.09.11,00:38:07.509,106.768,106.765,1.5,1
2014.09.11,00:38:08.013,106.769,106.766,1.69,1
2014.09.11,00:38:11.000,106.769,106.765,1,1.5
2014.09.11,00:38:11.891,106.769,106.766,1.69,1
2014.09.11,00:38:13.862,106.77,106.766,3,1.5
2014.09.11,00:38:15.907,106.769,106.766,1,1
2014.09.11,00:38:16.347,106.767,106.765,1,1
2014.09.11,00:38:16.500,106.766,106.763,1,1
2014.09.11,00:38:17.612,106.767,106.763,1.5,1.5
2014.09.11,00:38:19.111,106.766,106.763,1,1.5
2014.09.11,00:38:19.616,106.765,106.762,1,1
2014.09.11,00:38:20.843,106.764,106.762,1,1
2014.09.11,00:38:21.445,106.764,106.761,1,1.25
2014.09.11,00:38:22.167,106.765,106.761,1.69,1.69
2014.09.11,00:38:22.318,106.763,106.761,1,1
2014.09.11,00:38:22.521,106.763,106.759,1,1
2014.09.11,00:38:22.723,106.761,106.757,1.5,3.19
2014.09.11,00:38:23.028,106.762,106.759,2.25,1.5
2014.09.11,00:38:23.538,106.763,106.759,2.25,3
2014.09.11,00:38:24.155,106.763,106.759,2.25,1.69
2014.09.11,00:38:24.713,106.763,106.761,1,1
2014.09.11,00:38:25.223,106.764,106.761,1.25,1
2014.09.11,00:38:25.728,106.763,106.761,1,1
2014.09.11,00:38:26.243,106.763,106.76,1,2.44
2014.09.11,00:38:26.770,106.763,106.761,1,1
2014.09.11,00:38:28.236,106.764,106.761,1.25,1
2014.09.11,00:38:32.241,106.765,106.761,1,2.5
2014.09.11,00:38:32.645,106.768,106.763,3.56,2.44
2014.09.11,00:38:32.948,106.769,106.765,1.69,1.5
2014.09.11,00:38:36.261,106.767,106.766,1.5,1
2014.09.11,00:38:36.514,106.765,106.763,1,1
2014.09.11,00:38:36.716,106.764,106.76,1.69,3.19
2014.09.11,00:38:37.222,106.763,106.761,1,2.25
2014.09.11,00:38:38.165,106.765,106.761,3,2.25
2014.09.11,00:38:40.331,106.764,106.761,1,1.5
2014.09.11,00:38:41.459,106.763,106.76,1,1.5
2014.09.11,00:38:41.561,106.761,106.758,1,1.5
2014.09.11,00:38:42.066,106.76,106.757,1.5,1.69
2014.09.11,00:38:44.006,106.76,106.758,1.5,1
2014.09.11,00:38:45.481,106.76,106.757,1.5,2.44
2014.09.11,00:38:45.988,106.76,106.756,3.19,3.19
2014.09.11,00:38:46.292,106.759,106.758,1,1
2014.09.11,00:38:46.494,106.761,106.757,1.69,2.44
2014.09.11,00:38:46.545,106.761,106.759,1.69,1
2014.09.11,00:38:46.646,106.76,106.757,1.5,2.44
2014.09.11,00:38:47.102,106.76,106.759,1.5,1
2014.09.11,00:38:47.305,106.762,106.76,1.25,1
2014.09.11,00:38:47.658,106.761,106.757,1.5,2.25
2014.09.11,00:38:48.193,106.76,106.757,1,1.5
2014.09.11,00:38:48.874,106.76,106.758,1,1
2014.09.11,00:38:49.379,106.76,106.757,1,2.44
2014.09.11,00:38:49.582,106.76,106.759,1,1
2014.09.11,00:38:49.936,106.762,106.759,1,1.25
2014.09.11,00:38:50.441,106.762,106.76,1,1
2014.09.11,00:38:50.947,106.761,106.76,1.25,1
2014.09.11,00:38:51.463,106.762,106.76,2.44,1
2014.09.11,00:38:52.693,106.761,106.758,1,3.19
2014.09.11,00:38:52.794,106.76,106.758,2.5,1.5
2014.09.11,00:38:52.845,106.759,106.758,1,1
2014.09.11,00:38:53.098,106.752,106.749,1,2.25
2014.09.11,00:38:53.604,106.752,106.748,1,3.94
2014.09.11,00:38:53.705,106.754,106.75,1.5,1
2014.09.11,00:38:53.756,106.754,106.752,1.5,1
2014.09.11,00:38:54.262,106.755,106.753,1,1
2014.09.11,00:38:54.874,106.754,106.751,1,3.19
2014.09.11,00:38:54.975,106.757,106.753,3.19,1
2014.09.11,00:38:55.381,106.757,106.755,1.19,1
2014.09.11,00:38:55.886,106.757,106.754,1.19,1
2014.09.11,00:38:56.038,106.758,106.754,3.94,1
2014.09.11,00:38:56.925,106.758,106.755,2.44,1
2014.09.11,00:38:57.690,106.758,106.756,1.25,1
2014.09.11,00:38:59.237,106.758,106.757,1.25,1
2014.09.11,00:38:59.439,106.76,106.758,1.5,1
2014.09.11,00:38:59.743,106.761,106.759,1,4.12
2014.09.11,00:39:00.249,106.763,106.76,1,1
2014.09.11,00:39:00.763,106.762,106.759,1,4.5
2014.09.11,00:39:00.815,106.762,106.759,1,4.5
2014.09.11,00:39:01.320,106.761,106.758,1.5,1.69
2014.09.11,00:39:01.725,106.759,106.757,1,5.81
2014.09.11,00:39:02.030,106.757,106.753,1.25,1.5
2014.09.11,00:39:02.131,106.755,106.752,1,1.25
2014.09.11,00:39:02.636,106.756,106.754,1.69,1
2014.09.11,00:39:03.344,106.756,106.753,1,1.25
2014.09.11,00:39:04.663,106.756,106.754,1,1
2014.09.11,00:39:04.764,106.756,106.752,1.5,3
2014.09.11,00:39:05.278,106.756,106.753,1,1
2014.09.11,00:39:05.783,106.757,106.755,1,1
2014.09.11,00:39:06.353,106.758,106.755,1.69,1.5
2014.09.11,00:39:06.875,106.759,106.755,4.69,1.69
2014.09.11,00:39:07.538,106.759,106.758,1.5,1
2014.09.11,00:39:07.690,106.761,106.758,1.87,1.5
2014.09.11,00:39:07.842,106.761,106.76,1.12,1
2014.09.11,00:39:08.199,106.762,106.758,2.44,3.19
2014.09.11,00:39:08.351,106.76,106.758,1.5,1.5
2014.09.11,00:39:08.818,106.761,106.759,2.44,1
2014.09.11,00:39:08.970,106.762,106.761,1.5,1
2014.09.11,00:39:09.482,106.763,106.761,1.5,1.5
2014.09.11,00:39:10.859,106.762,106.76,1,1
2014.09.11,00:39:11.112,106.759,106.757,1,1
2014.09.11,00:39:11.214,106.759,106.755,1.5,2.62
2014.09.11,00:39:11.525,106.759,106.757,1.5,1
2014.09.11,00:39:11.576,106.761,106.758,1.5,1.5
2014.09.11,00:39:12.081,106.762,106.759,3.75,1
2014.09.11,00:39:12.283,106.76,106.759,1,1
2014.09.11,00:39:12.385,106.76,106.757,1,1.69
2014.09.11,00:39:12.913,106.759,106.756,1,2.44
2014.09.11,00:39:13.368,106.758,106.755,1,2.44
2014.09.11,00:39:14.226,106.758,106.756,1,1
2014.09.11,00:39:15.489,106.76,106.757,1.5,1
2014.09.11,00:39:15.842,106.76,106.759,1.5,1
2014.09.11,00:39:16.347,106.761,106.759,1.5,1.25
2014.09.11,00:39:16.550,106.76,106.757,1.5,1.25
2014.09.11,00:39:16.702,106.76,106.759,1,1.69
2014.09.11,00:39:16.904,106.762,106.759,1,1.69
2014.09.11,00:39:17.412,106.761,106.759,1.5,1.19
2014.09.11,00:39:17.715,106.763,106.759,3.75,2.44
2014.09.11,00:39:18.220,106.763,106.759,3.75,2.44
2014.09.11,00:39:20.365,106.763,106.759,3,2.44
2014.09.11,00:39:23.475,106.763,106.759,3,1.5
2014.09.11,00:39:23.980,106.762,106.759,1.5,1.5
2014.09.11,00:39:32.745,106.762,106.758,1.5,6.19
2014.09.11,00:39:33.305,106.762,106.759,1.5,4.31
2014.09.11,00:39:35.143,106.763,106.759,1,4.31
2014.09.11,00:39:35.741,106.762,106.76,1,1.25
2014.09.11,00:39:36.251,106.762,106.76,1,4.69
2014.09.11,00:39:37.213,106.762,106.758,1,5.25
2014.09.11,00:39:37.315,106.763,106.76,1.5,5.44
2014.09.11,00:39:37.872,106.762,106.76,1,1.69
2014.09.11,00:39:38.380,106.763,106.76,1.5,1.25
2014.09.11,00:39:39.104,106.763,106.759,1,4.69
2014.09.11,00:39:39.609,106.762,106.759,1.5,4.69
2014.09.11,00:39:40.155,106.762,106.76,1,1
2014.09.11,00:39:41.169,106.763,106.76,1,4.5
2014.09.11,00:39:42.833,106.762,106.76,1,3.94
2014.09.11,00:39:42.934,106.763,106.762,1,1
2014.09.11,00:39:43.137,106.765,106.762,1.5,1.5
2014.09.11,00:39:43.642,106.765,106.761,2.25,4.87
2014.09.11,00:39:44.147,106.765,106.762,1,1.5
2014.09.11,00:39:44.693,106.766,106.762,2.25,1.5
