Time,Ask,Bid,AskVolume,BidVolume,
2014.08.11,00:00:01.091,1.34046,1.34042,1.25,1.69
2014.08.11,00:00:02.159,1.34047,1.34043,4.69,1
2014.08.11,00:00:02.667,1.34046,1.34042,1.32,2.44
2014.08.11,00:00:03.175,1.34046,1.34043,1.32,1
2014.08.11,00:00:07.058,1.34046,1.34043,3.75,1.69
2014.08.11,00:00:07.362,1.34043,1.34041,2.25,1
2014.08.11,00:00:08.324,1.34043,1.34042,1.5,1
2014.08.11,00:00:08.830,1.34045,1.34043,2.44,1
2014.08.11,00:00:08.982,1.34043,1.34041,3,1.69
2014.08.11,00:00:09.815,1.34042,1.34041,1,1
2014.08.11,00:00:10.540,1.34043,1.34041,2.63,1
2014.08.11,00:00:11.061,1.34043,1.3404,7.99,2.25
2014.08.11,00:00:11.617,1.34042,1.34041,1.13,1
2014.08.11,00:00:13.607,1.34043,1.3404,7.5,3.19
2014.08.11,00:00:14.535,1.34043,1.34041,5.25,1
2014.08.11,00:00:15.525,1.34043,1.34041,3.38,1.25
2014.08.11,00:00:17.960,1.34043,1.34041,4.5,1.25
2014.08.11,00:00:20.674,1.34042,1.3404,1.13,2.07
2014.08.11,00:00:21.191,1.34041,1.3404,1,1
2014.08.11,00:00:21.699,1.34042,1.3404,3.38,1.5
2014.08.11,00:00:22.204,1.34043,1.3404,1.5,2.44
2014.08.11,00:00:22.882,1.34043,1.3404,2.25,3.19
2014.08.11,00:00:23.453,1.34043,1.3404,3,3.57
2014.08.11,00:00:25.859,1.34043,1.3404,3,2.44
2014.08.11,00:00:35.748,1.34043,1.3404,4.88,2.44
2014.08.11,00:00:36.257,1.34043,1.3404,1.88,5.07
2014.08.11,00:00:38.917,1.34043,1.3404,1.5,2.07
2014.08.11,00:00:39.917,1.34043,1.3404,1.88,2.82
2014.08.11,00:00:40.933,1.34043,1.3404,1.88,2.07
2014.08.11,00:00:41.905,1.34043,1.3404,1.5,2.44
2014.08.11,00:00:42.901,1.34043,1.3404,1.5,2.44
2014.08.11,00:00:43.897,1.34043,1.3404,1.5,2.44
2014.08.11,00:00:47.938,1.34043,1.3404,1.5,2.07
2014.08.11,00:00:50.221,1.34044,1.3404,5.25,3.57
2014.08.11,00:00:50.936,1.34044,1.3404,5.25,4.32
2014.08.11,00:00:51.478,1.34043,1.3404,1,3.57
2014.08.11,00:00:52.022,1.34044,1.3404,5.25,3.19
2014.08.11,00:00:54.020,1.34044,1.3404,5.25,4.32
2014.08.11,00:00:56.660,1.34042,1.34036,3,3.75
2014.08.11,00:00:56.964,1.34035,1.34033,1,2.44
2014.08.11,00:00:57.166,1.34037,1.34035,2.25,1
2014.08.11,00:00:57.217,1.34037,1.34035,1,1.5
2014.08.11,00:00:57.318,1.34039,1.34037,1,2.25
2014.08.11,00:00:57.407,1.34041,1.34039,1,2.5
2014.08.11,00:00:57.509,1.34042,1.3404,1.24,1
2014.08.11,00:00:58.017,1.34043,1.34042,1,1
2014.08.11,00:00:58.068,1.34045,1.34042,1.62,1
2014.08.11,00:00:58.927,1.34044,1.34042,1,1
2014.08.11,00:00:59.443,1.34044,1.3404,3.75,2.82
2014.08.11,00:01:00.309,1.34044,1.3404,1.5,3.57
2014.08.11,00:01:01.484,1.34043,1.3404,2.07,1.88
2014.08.11,00:01:01.636,1.34041,1.34039,1,1.69
2014.08.11,00:01:01.946,1.3404,1.34037,2.81,2.44
2014.08.11,00:01:05.697,1.3404,1.34036,3.56,3
2014.08.11,00:01:05.906,1.34038,1.34035,1.5,2.82
2014.08.11,00:01:10.735,1.34038,1.34034,2.25,3.19
2014.08.11,00:01:11.038,1.34036,1.34034,1,1.5
2014.08.11,00:01:12.692,1.34037,1.34034,1,2.25
2014.08.11,00:01:13.234,1.34038,1.34034,3,2.44
2014.08.11,00:01:19.004,1.34037,1.34034,1,3.12
2014.08.11,00:01:19.858,1.34038,1.34034,4.69,3.12
2014.08.11,00:01:20.364,1.34037,1.34034,2.25,3.12
2014.08.11,00:01:20.869,1.34038,1.34034,6.19,2.93
2014.08.11,00:01:21.486,1.34037,1.34034,1,2.93
2014.08.11,00:01:22.092,1.34038,1.34034,6.19,2.93
2014.08.11,00:01:22.597,1.34037,1.34034,1,2.63
2014.08.11,00:01:23.102,1.34038,1.34034,5.44,2.93
2014.08.11,00:01:23.809,1.34037,1.34034,1,2.93
2014.08.11,00:01:30.227,1.34036,1.34033,1.5,1.43
2014.08.11,00:01:30.739,1.34035,1.34032,1,7.24
2014.08.11,00:01:31.251,1.34036,1.34034,1.25,1.05
2014.08.11,00:01:34.210,1.34034,1.34032,3.25,6.49
2014.08.11,00:01:34.362,1.34033,1.34031,1.5,1.88
2014.08.11,00:01:34.463,1.34032,1.3403,1,10.32
2014.08.11,00:01:34.968,1.34032,1.3403,1,10.99
2014.08.11,00:01:35.271,1.34034,1.34031,2.44,6
2014.08.11,00:01:40.122,1.34035,1.34032,1.25,9.3
2014.08.11,00:01:40.631,1.34036,1.34032,3.94,7.69
2014.08.11,00:01:41.339,1.34036,1.34032,3.94,8.74
2014.08.11,00:01:42.043,1.34035,1.34032,1,6.94
2014.08.11,00:01:49.809,1.34035,1.34032,1.5,7.99
2014.08.11,00:01:57.515,1.34036,1.34032,5.25,7.8
2014.08.11,00:01:58.377,1.34035,1.34032,1,7.99
2014.08.11,00:01:59.441,1.34035,1.34032,1.5,3.87
2014.08.11,00:02:00.198,1.34035,1.34033,1,1.5
2014.08.11,00:02:00.703,1.34034,1.34033,1,1.5
2014.08.11,00:02:00.855,1.34036,1.34033,3.94,1.5
2014.08.11,00:02:02.315,1.34034,1.34033,1,1.5
2014.08.11,00:02:02.416,1.34036,1.34033,3,1.5
2014.08.11,00:02:02.921,1.34035,1.34033,1,1.5
2014.08.11,00:02:05.051,1.34036,1.34033,1.69,1.5
2014.08.11,00:02:13.177,1.34035,1.34033,1,1.69
2014.08.11,00:02:16.269,1.34034,1.34033,1,1.5
2014.08.11,00:02:16.774,1.34035,1.34033,2.63,1.5
2014.08.11,00:02:17.279,1.34034,1.34033,1,1.5
2014.08.11,00:02:17.816,1.34035,1.34033,2.07,1.5
2014.08.11,00:02:18.332,1.34034,1.34033,1.5,1.5
2014.08.11,00:02:18.433,1.34034,1.34031,1.5,4.69
2014.08.11,00:02:20.423,1.34034,1.34031,1,4.69
2014.08.11,00:02:21.122,1.34034,1.34033,1,2.25
2014.08.11,00:02:21.679,1.34034,1.34032,1,3.19
2014.08.11,00:02:22.184,1.34034,1.34031,1,4.69
2014.08.11,00:02:22.336,1.34033,1.34031,1,3.19
2014.08.11,00:02:22.639,1.34034,1.34031,1,1.69
2014.08.11,00:02:23.293,1.34034,1.34032,1,1
2014.08.11,00:02:24.333,1.34034,1.34031,1,5.44
2014.08.11,00:02:25.337,1.34034,1.34031,1,5.44
2014.08.11,00:02:26.408,1.34033,1.34031,1,5.07
2014.08.11,00:02:26.922,1.34035,1.34033,1.5,1.5
2014.08.11,00:02:26.973,1.34036,1.34034,1.5,1.13
2014.08.11,00:02:27.498,1.34035,1.34032,1.69,3
2014.08.11,00:02:27.750,1.34035,1.34032,1.69,1.13
2014.08.11,00:02:29.333,1.34033,1.34031,1,5.63
2014.08.11,00:02:30.101,1.34033,1.34031,1,8.44
2014.08.11,00:02:35.126,1.34035,1.34031,2.25,9.94
2014.08.11,00:02:35.634,1.34035,1.34031,2.25,9.94
2014.08.11,00:02:36.166,1.34033,1.34031,1,8.63
2014.08.11,00:02:36.709,1.34035,1.34031,1.5,6.94
2014.08.11,00:02:36.962,1.34037,1.34034,1.69,1.5
2014.08.11,00:02:37.063,1.34035,1.34034,1,1.5
2014.08.11,00:02:37.316,1.34034,1.34032,1,1.5
2014.08.11,00:02:39.739,1.34036,1.34033,1.69,1
2014.08.11,00:02:39.790,1.34035,1.34034,1,1.5
2014.08.11,00:02:40.244,1.34037,1.34034,1,6.19
2014.08.11,00:02:40.749,1.34037,1.34035,1,1.3
2014.08.11,00:02:42.645,1.34037,1.34035,1,1.54
2014.08.11,00:02:44.549,1.34036,1.34034,1,7.88
2014.08.11,00:02:52.763,1.34037,1.34035,1,1.91
2014.08.11,00:03:22.392,1.34036,1.34034,3,1.62
2014.08.11,00:03:22.746,1.34035,1.34032,6.93,2.33
2014.08.11,00:03:22.797,1.34033,1.34031,1.5,1.5
2014.08.11,00:03:23.302,1.34032,1.3403,1,5.78
2014.08.11,00:03:23.807,1.34033,1.3403,2.25,3.49
2014.08.11,00:03:24.313,1.34032,1.3403,1,5.4
2014.08.11,00:03:25.024,1.34033,1.3403,2.25,6.12
2014.08.11,00:03:25.562,1.34032,1.3403,1,4.62
2014.08.11,00:03:30.949,1.34032,1.34031,1,1
2014.08.11,00:03:31.151,1.34034,1.34032,1.5,1.5
2014.08.11,00:03:31.691,1.34035,1.34032,1,4.69
2014.08.11,00:03:32.203,1.34034,1.34032,1,4.69
2014.08.11,00:03:36.648,1.34036,1.34032,2.25,6.19
2014.08.11,00:03:37.162,1.34035,1.34032,1.5,3.87
2014.08.11,00:03:37.675,1.34036,1.34032,3.19,5.37
2014.08.11,00:03:38.232,1.34036,1.34032,3,6.12
2014.08.11,00:03:39.400,1.34036,1.34034,2.25,1.5
2014.08.11,00:03:39.654,1.34038,1.34036,2.44,1
2014.08.11,00:03:41.778,1.34038,1.34036,1.5,1
2014.08.11,00:03:45.814,1.34038,1.34037,1,1
2014.08.11,00:03:46.342,1.34039,1.34037,2.44,1
2014.08.11,00:03:48.745,1.34039,1.34036,1.5,1.25
2014.08.11,00:03:54.114,1.34039,1.34037,1.5,1
2014.08.11,00:03:56.188,1.34039,1.34036,1.5,2.44
2014.08.11,00:03:56.708,1.34039,1.34037,1.5,1
2014.08.11,00:03:57.484,1.34039,1.34036,1.5,2.44
2014.08.11,00:03:58.499,1.34039,1.34037,1.5,1
2014.08.11,00:03:59.206,1.34039,1.34036,1.5,1.69
2014.08.11,00:04:00.733,1.34039,1.34037,1.5,1
2014.08.11,00:04:01.440,1.34039,1.34036,1.5,3.19
2014.08.11,00:04:01.944,1.34039,1.34037,1.5,1
2014.08.11,00:04:02.046,1.3404,1.34039,1,3
2014.08.11,00:04:02.097,1.34041,1.34039,1.13,3.57
2014.08.11,00:04:02.602,1.34042,1.3404,1.5,1.32
2014.08.11,00:04:03.876,1.34043,1.34041,1,1.5
2014.08.11,00:04:04.406,1.34044,1.34042,1,1
2014.08.11,00:04:05.916,1.34044,1.34041,1,3.19
2014.08.11,00:04:08.905,1.34042,1.34041,1,1.69
2014.08.11,00:04:17.145,1.34044,1.34041,1,1.69
2014.08.11,00:04:20.657,1.34043,1.34041,1,1.69
2014.08.11,00:04:23.500,1.34044,1.34041,1.69,4.13
2014.08.11,00:04:24.358,1.34044,1.34042,1,1
2014.08.11,00:04:24.616,1.34045,1.34044,1.5,1
2014.08.11,00:04:24.667,1.34047,1.34044,3.19,1
2014.08.11,00:04:26.277,1.34045,1.34043,1,2.55
2014.08.11,00:04:26.580,1.34046,1.34043,1,1.99
2014.08.11,00:04:43.460,1.34047,1.34043,5.44,2.74
2014.08.11,00:04:43.964,1.34046,1.34043,1,2.37
2014.08.11,00:04:48.721,1.34046,1.34042,2.44,4.99
2014.08.11,00:04:49.610,1.34046,1.34042,4.69,3.49
2014.08.11,00:04:52.201,1.34046,1.34042,4.69,3.49
2014.08.11,00:04:52.737,1.34044,1.34042,1,2.74
2014.08.11,00:04:53.248,1.34045,1.34043,1,1.05
2014.08.11,00:04:54.594,1.34046,1.34043,3.19,1.05
2014.08.11,00:04:58.195,1.34045,1.34043,1,1.24
2014.08.11,00:04:59.166,1.34044,1.34042,1,1.88
2014.08.11,00:04:59.672,1.34045,1.34042,1.69,2.93
2014.08.11,00:05:00.177,1.34046,1.34043,1.69,1.05
2014.08.11,00:05:00.683,1.34045,1.34042,1,3.87
2014.08.11,00:05:02.098,1.34046,1.34042,3,4.62
2014.08.11,00:05:02.612,1.34045,1.34042,1,4.99
2014.08.11,00:05:06.749,1.34044,1.34042,1,1.55
2014.08.11,00:05:07.254,1.34042,1.34041,1,1.5
2014.08.11,00:05:07.406,1.34041,1.3404,1,1.83
2014.08.11,00:05:07.710,1.34043,1.34041,1.25,1
2014.08.11,00:05:07.811,1.34043,1.34042,1,1
2014.08.11,00:05:08.242,1.34042,1.3404,2.5,3.44
2014.08.11,00:05:08.394,1.34041,1.3404,2.25,2.04
2014.08.11,00:05:09.330,1.34041,1.34039,3.2,1.05
2014.08.11,00:05:09.482,1.3404,1.34038,1.89,1.8
2014.08.11,00:05:09.735,1.34039,1.34037,1,2.44
2014.08.11,00:05:09.836,1.34041,1.34038,5.58,1.5
2014.08.11,00:05:10.139,1.34039,1.34038,1,1.5
2014.08.11,00:05:10.843,1.3404,1.34038,1.18,1.69
2014.08.11,00:05:11.197,1.34039,1.34037,1,3.3
2014.08.11,00:05:11.400,1.3404,1.34038,2.12,1.69
2014.08.11,00:05:12.202,1.34039,1.34038,1.06,1.5
2014.08.11,00:05:12.707,1.3404,1.34038,2.12,1.5
2014.08.11,00:05:15.796,1.3404,1.34038,2.12,2.25
2014.08.11,00:05:16.321,1.3404,1.34038,2.87,1.5
2014.08.11,00:05:22.521,1.3404,1.34037,5.87,2.44
2014.08.11,00:05:25.042,1.3404,1.34038,4.37,1
2014.08.11,00:05:25.143,1.34041,1.34039,2.44,2.5
2014.08.11,00:05:25.599,1.34039,1.34037,1.5,1.69
2014.08.11,00:05:26.103,1.34037,1.34036,1,1
2014.08.11,00:05:27.114,1.34037,1.34035,1,3.52
2014.08.11,00:05:28.087,1.34038,1.34035,3.19,3.04
2014.08.11,00:05:28.592,1.34039,1.34036,1,2.44
2014.08.11,00:05:43.330,1.34038,1.34036,1,1
2014.08.11,00:05:43.882,1.34039,1.34036,1,2.25
2014.08.11,00:05:47.920,1.3404,1.34036,5.44,3.19
2014.08.11,00:05:48.427,1.34039,1.34036,1,2.44
2014.08.11,00:06:00.334,1.34038,1.34036,1,1.5
2014.08.11,00:06:00.882,1.34039,1.34036,1,1.5
2014.08.11,00:06:08.181,1.34038,1.34036,1,1.5
2014.08.11,00:06:10.027,1.34039,1.34036,3.2,1.5
2014.08.11,00:06:29.563,1.34039,1.34037,1.5,1
2014.08.11,00:06:32.131,1.34038,1.34037,1,1
2014.08.11,00:06:43.445,1.34039,1.34037,1.69,1
2014.08.11,00:06:45.158,1.34039,1.34036,1.5,1
2014.08.11,00:06:46.759,1.34039,1.34035,1.69,6.33
2014.08.11,00:06:47.721,1.34039,1.34035,1.5,7.08
2014.08.11,00:06:59.685,1.34039,1.34036,2.25,1.88
2014.08.11,00:07:00.192,1.34041,1.34039,1,3.94
2014.08.11,00:07:00.499,1.34042,1.34041,1,2.25
2014.08.11,00:07:04.679,1.34044,1.34042,1.69,1
2014.08.11,00:07:05.336,1.34042,1.34041,1.5,3.38
2014.08.11,00:07:06.981,1.34043,1.34042,1,1
2014.08.11,00:07:07.486,1.34042,1.34041,1,1.88
2014.08.11,00:07:11.785,1.34042,1.3404,1.5,2.63
2014.08.11,00:07:12.305,1.34041,1.34039,1,1.5
2014.08.11,00:07:19.856,1.34041,1.3404,1.12,1
2014.08.11,00:07:21.854,1.34042,1.3404,3.84,1
2014.08.11,00:07:25.122,1.34043,1.3404,3,1
2014.08.11,00:07:32.185,1.34042,1.3404,1,1
2014.08.11,00:07:32.690,1.34043,1.34041,1,1.5
2014.08.11,00:07:33.146,1.34045,1.34043,3.57,1
2014.08.11,00:07:33.451,1.34046,1.34044,3.19,1
2014.08.11,00:07:34.058,1.34047,1.34045,1.25,1
2014.08.11,00:07:34.210,1.34049,1.34046,3,2.63
2014.08.11,00:07:38.349,1.34048,1.34046,1,1
2014.08.11,00:07:38.888,1.34049,1.34045,4.69,6.41
2014.08.11,00:07:38.989,1.34049,1.34047,2.44,1
2014.08.11,00:07:42.168,1.34049,1.34046,1.69,1.5
2014.08.11,00:07:44.159,1.34049,1.34047,2.25,1
2014.08.11,00:07:44.611,1.3405,1.34047,3.38,1
2014.08.11,00:07:44.864,1.34051,1.34049,4.8,1
2014.08.11,00:07:45.369,1.34052,1.3405,1,1
2014.08.11,00:07:54.609,1.34052,1.34049,2.25,1
2014.08.11,00:07:54.862,1.3405,1.34048,1,1.8
2014.08.11,00:07:55.367,1.3405,1.34047,1.5,3
2014.08.11,00:07:55.873,1.3405,1.34048,3.19,1
2014.08.11,00:07:58.245,1.3405,1.34047,4.69,1
2014.08.11,00:08:04.365,1.34048,1.34047,1,1
2014.08.11,00:08:08.907,1.34048,1.34046,1.5,1
2014.08.11,00:08:10.131,1.34048,1.34047,1.5,1
2014.08.11,00:08:10.586,1.3405,1.34048,1.93,1
2014.08.11,00:08:11.092,1.3405,1.34049,1.18,1
2014.08.11,00:08:11.586,1.34049,1.34048,1.5,1.5
2014.08.11,00:08:11.789,1.34051,1.34049,3.43,2.25
2014.08.11,00:08:11.890,1.34049,1.34048,1.18,1.5
2014.08.11,00:08:13.745,1.34049,1.34046,1.18,1.69
2014.08.11,00:08:23.927,1.34049,1.34047,1,1
2014.08.11,00:08:24.939,1.34049,1.34046,1,1.5
2014.08.11,00:08:27.532,1.34049,1.34047,1,1
2014.08.11,00:08:39.673,1.34048,1.34047,1,1
2014.08.11,00:08:40.178,1.3405,1.34047,4.13,1
2014.08.11,00:08:41.198,1.34048,1.34046,1,1.25
2014.08.11,00:08:42.033,1.34049,1.34047,4.88,1
2014.08.11,00:08:43.801,1.34049,1.34047,3.38,1
2014.08.11,00:08:44.370,1.34048,1.34046,1,1.69
2014.08.11,00:08:45.389,1.34049,1.34047,3.38,1
2014.08.11,00:08:45.896,1.34048,1.34046,1,1.69
2014.08.11,00:08:46.440,1.34048,1.34046,2.63,1.69
2014.08.11,00:08:51.306,1.34048,1.34046,1,1
2014.08.11,00:08:52.895,1.34048,1.34045,1,4.55
2014.08.11,00:08:53.400,1.34048,1.34045,1,4.17
2014.08.11,00:08:54.452,1.34048,1.34047,1,1
2014.08.11,00:08:54.964,1.34049,1.34047,4.13,1
2014.08.11,00:08:55.574,1.34048,1.34047,1.5,1
2014.08.11,00:08:58.867,1.34049,1.34047,3.57,1
2014.08.11,00:09:07.310,1.34048,1.34046,1,1
2014.08.11,00:09:14.641,1.34047,1.34045,3.38,3.24
2014.08.11,00:09:15.146,1.34047,1.34046,4.13,1
2014.08.11,00:09:15.247,1.34047,1.34046,1.5,1.5
2014.08.11,00:09:15.784,1.34046,1.34045,3.75,1.06
2014.08.11,00:09:18.644,1.34045,1.34044,1.5,1
2014.08.11,00:09:18.745,1.34045,1.34042,12.75,2.25
2014.08.11,00:09:18.847,1.34042,1.34039,6.01,3.75
2014.08.11,00:09:18.948,1.34039,1.34037,4.38,1.5
2014.08.11,00:09:19.050,1.34038,1.34036,1,1.24
2014.08.11,00:09:19.477,1.3404,1.34038,6.38,1
2014.08.11,00:09:20.089,1.34041,1.34039,6.19,1.37
2014.08.11,00:09:20.815,1.3404,1.34038,5.25,1
2014.08.11,00:09:21.326,1.3404,1.34038,5.07,1
2014.08.11,00:09:21.787,1.34038,1.34035,1,7.8
2014.08.11,00:09:22.299,1.34038,1.34037,1,1
2014.08.11,00:09:30.933,1.34039,1.34037,1.5,1
2014.08.11,00:09:31.243,1.3404,1.34038,5.63,1
2014.08.11,00:09:37.139,1.34039,1.34036,1,1.24
2014.08.11,00:09:37.646,1.3404,1.34038,4.69,1
2014.08.11,00:09:38.452,1.34039,1.34038,1,1
2014.08.11,00:09:39.168,1.34038,1.34036,1,1.05
2014.08.11,00:09:40.676,1.3404,1.34037,3.94,1
2014.08.11,00:09:44.269,1.34039,1.34036,1.5,5.74
2014.08.11,00:09:47.179,1.3404,1.34037,1.5,1.25
2014.08.11,00:10:00.472,1.3404,1.34038,2.25,1
2014.08.11,00:10:00.981,1.34038,1.34036,1,1.24
2014.08.11,00:10:13.882,1.34038,1.34035,1,6.49
2014.08.11,00:10:16.746,1.34038,1.34035,1,5.17
2014.08.11,00:10:16.948,1.34041,1.34038,3.38,10.5
2014.08.11,00:10:16.999,1.34043,1.3404,1,5.25
2014.08.11,00:10:17.505,1.34044,1.34043,1.5,1
2014.08.11,00:10:30.070,1.34046,1.34043,7.32,1
2014.08.11,00:10:33.662,1.34046,1.34044,1,1
2014.08.11,00:10:34.168,1.34047,1.34045,6.19,1
2014.08.11,00:10:37.265,1.34046,1.34043,1.5,9.49
2014.08.11,00:10:51.052,1.34046,1.34044,1.5,8.25
2014.08.11,00:10:57.298,1.34046,1.34044,1.5,9
2014.08.11,00:10:59.531,1.34048,1.34045,4.69,1
2014.08.11,00:11:06.369,1.34046,1.34044,1.5,7.5
2014.08.11,00:11:06.898,1.34044,1.34043,1.5,5.25
2014.08.11,00:11:07.252,1.34046,1.34043,4.5,5.25
2014.08.11,00:11:07.757,1.34045,1.34043,1.25,9.75
2014.08.11,00:11:08.556,1.34046,1.34044,6,5.5
2014.08.11,00:11:09.443,1.34046,1.34044,5.44,5.5
2014.08.11,00:11:09.544,1.34045,1.34043,1,5.25
2014.08.11,00:11:12.638,1.34046,1.34043,6.94,1
2014.08.11,00:11:13.545,1.34045,1.34043,1,1
2014.08.11,00:11:15.263,1.34046,1.34043,6.94,1
2014.08.11,00:11:15.780,1.34045,1.34043,1,1
2014.08.11,00:11:16.581,1.34046,1.34043,6.94,1
2014.08.11,00:11:17.101,1.34045,1.34043,1,1.5
2014.08.11,00:11:17.947,1.34045,1.34044,1.25,1
2014.08.11,00:11:21.379,1.34046,1.34044,6.19,1
2014.08.11,00:11:22.773,1.34045,1.34044,1,1
2014.08.11,00:11:29.056,1.34046,1.34044,6.19,1
2014.08.11,00:11:29.602,1.34045,1.34044,1,1
2014.08.11,00:11:32.732,1.34046,1.34044,5.44,1
2014.08.11,00:11:33.237,1.34045,1.34044,1,1
2014.08.11,00:11:37.047,1.34046,1.34044,6.19,1
2014.08.11,00:11:37.575,1.34045,1.34044,1,1
2014.08.11,00:11:55.714,1.34046,1.34044,3.94,1
2014.08.11,00:11:56.227,1.34046,1.34045,1.5,1
2014.08.11,00:11:56.741,1.34047,1.34045,1.69,1
2014.08.11,00:12:23.694,1.34047,1.34045,2.82,1
2014.08.11,00:12:45.347,1.34049,1.34046,3.94,1
2014.08.11,00:12:45.855,1.34047,1.34046,1,1
2014.08.11,00:12:57.334,1.34048,1.34046,1.5,1
2014.08.11,00:12:58.157,1.34049,1.34047,3.94,1
2014.08.11,00:12:59.075,1.34049,1.34047,3,1
2014.08.11,00:13:02.163,1.3405,1.34048,6.94,1
2014.08.11,00:13:15.585,1.3405,1.34048,6.38,1
2014.08.11,00:13:15.837,1.34052,1.34049,5.93,5.5
2014.08.11,00:13:16.040,1.34053,1.34052,1.5,1.5
2014.08.11,00:13:16.243,1.34055,1.34053,3.38,1
2014.08.11,00:13:17.235,1.34054,1.34053,1,1.13
2014.08.11,00:13:19.353,1.34055,1.34053,1.25,5.25
2014.08.11,00:13:19.870,1.34055,1.34053,1.69,5.25
2014.08.11,00:13:20.466,1.34054,1.34053,1,4.88
2014.08.11,00:13:22.881,1.34055,1.34053,2.44,5.25
2014.08.11,00:13:23.427,1.34054,1.34053,1,4.13
2014.08.11,00:13:24.042,1.34055,1.34053,2.44,4.5
2014.08.11,00:13:24.566,1.34054,1.34053,1,3.38
2014.08.11,00:13:25.460,1.34055,1.34053,2.44,3.75
2014.08.11,00:13:26.095,1.34054,1.34052,1,8.55
2014.08.11,00:13:35.186,1.34058,1.34053,1.5,3.75
2014.08.11,00:13:35.490,1.34064,1.34058,1,18.01
2014.08.11,00:13:35.894,1.34066,1.34064,1.69,1
2014.08.11,00:13:36.147,1.34067,1.34065,1,5.07
2014.08.11,00:13:36.400,1.34072,1.3407,1.69,6
2014.08.11,00:13:36.502,1.34072,1.3407,1,7.5
2014.08.11,00:13:36.553,1.34074,1.34072,1.5,1
2014.08.11,00:13:37.159,1.34079,1.34074,7.5,8.25
2014.08.11,00:13:37.665,1.3408,1.34078,1.69,1.88
2014.08.11,00:13:38.781,1.34081,1.34079,1.25,1
2014.08.11,00:13:39.286,1.34082,1.3408,1.25,2.25
2014.08.11,00:13:39.337,1.3408,1.34079,1.13,1
2014.08.11,00:13:39.874,1.3408,1.34079,1.13,1
2014.08.11,00:13:41.652,1.34082,1.3408,2.44,1
2014.08.11,00:13:42.625,1.34081,1.34078,1,1.25
2014.08.11,00:13:42.676,1.3408,1.34079,1,1
2014.08.11,00:13:43.189,1.34079,1.34078,1,1
2014.08.11,00:13:43.290,1.34079,1.34078,1,1
2014.08.11,00:13:43.341,1.34079,1.34077,1,1.5
2014.08.11,00:13:46.395,1.34077,1.34076,1,1
2014.08.11,00:13:46.932,1.34079,1.34077,4.69,1
2014.08.11,00:13:47.441,1.34077,1.34076,1,1
2014.08.11,00:13:48.576,1.34078,1.34076,2.44,1
2014.08.11,00:13:51.789,1.34077,1.34076,1,1
2014.08.11,00:13:51.840,1.34077,1.34075,1,3.57
2014.08.11,00:13:51.891,1.34079,1.34076,2.44,1
2014.08.11,00:13:51.993,1.34077,1.34075,3,1.69
2014.08.11,00:13:52.094,1.34076,1.34075,1,4.5
2014.08.11,00:13:52.196,1.34077,1.34075,2.82,3
2014.08.11,00:14:04.084,1.34075,1.34072,3,1.25
2014.08.11,00:14:04.892,1.34076,1.34074,4.32,1
2014.08.11,00:14:05.991,1.34075,1.34073,3.19,1
2014.08.11,00:14:06.547,1.34075,1.34072,2.25,1.69
2014.08.11,00:14:07.076,1.34076,1.34074,2.82,1
2014.08.11,00:14:07.582,1.34075,1.34074,1.5,1
2014.08.11,00:14:13.603,1.34074,1.34073,1,1
2014.08.11,00:14:14.115,1.34075,1.34073,2.63,1
2014.08.11,00:14:19.738,1.34075,1.34073,2.48,1
2014.08.11,00:14:20.244,1.34073,1.34072,1,1.5
2014.08.11,00:14:20.777,1.34073,1.34072,1,1.5
2014.08.11,00:14:21.639,1.34073,1.34071,1,1.5
2014.08.11,00:14:22.900,1.34074,1.34072,4.5,1
2014.08.11,00:14:23.001,1.34073,1.34071,2.63,1
2014.08.11,00:14:23.511,1.34073,1.34071,1.25,1
2014.08.11,00:14:26.110,1.34072,1.3407,1.5,2.25
2014.08.11,00:14:26.615,1.34074,1.34071,2.44,1
2014.08.11,00:14:27.129,1.34074,1.34071,1.69,1
2014.08.11,00:14:28.744,1.34074,1.34072,1.69,2.25
2014.08.11,00:14:28.896,1.34076,1.34072,1.69,6.19
2014.08.11,00:14:28.947,1.34076,1.34074,1.25,1
2014.08.11,00:14:29.857,1.34076,1.34072,3,4.5
2014.08.11,00:14:38.771,1.34076,1.34072,3.75,2.63
2014.08.11,00:14:39.282,1.34076,1.34072,4.69,2.63
2014.08.11,00:14:50.977,1.34075,1.34073,1.5,1
2014.08.11,00:14:51.533,1.34075,1.34073,5.07,1
2014.08.11,00:14:52.555,1.34075,1.34073,5.44,1
2014.08.11,00:14:53.496,1.34075,1.34072,4.69,1.5
2014.08.11,00:14:55.701,1.34075,1.34072,1.5,5.44
2014.08.11,00:14:56.467,1.34075,1.34072,1.5,4.69
2014.08.11,00:14:59.488,1.34075,1.34073,1,1
2014.08.11,00:14:59.993,1.34076,1.34073,4.32,1.5
2014.08.11,00:15:03.741,1.34075,1.34073,1,1.5
2014.08.11,00:15:04.259,1.34075,1.34072,4.5,1
2014.08.11,00:15:08.028,1.34075,1.34073,2.63,1
2014.08.11,00:15:09.227,1.34077,1.34074,8.44,1.5
2014.08.11,00:15:14.067,1.34077,1.34075,8.44,1
2014.08.11,00:15:16.046,1.34077,1.34074,4.69,1.5
2014.08.11,00:15:17.064,1.34077,1.34074,4.69,1.5
2014.08.11,00:15:17.584,1.34077,1.34074,4.69,1.5
2014.08.11,00:15:22.544,1.34077,1.34075,2.44,1
2014.08.11,00:15:23.056,1.34077,1.34075,1.69,1
2014.08.11,00:15:29.168,1.34076,1.34075,1,1
2014.08.11,00:15:31.178,1.34078,1.34075,6.38,1
2014.08.11,00:15:31.701,1.34078,1.34075,5.82,1
2014.08.11,00:15:32.978,1.34078,1.34075,7.32,1
2014.08.11,00:15:33.681,1.34078,1.34075,10.69,1
2014.08.11,00:15:36.083,1.34077,1.34074,1.32,3
2014.08.11,00:15:40.143,1.34078,1.34075,9.94,1
2014.08.11,00:15:45.768,1.34078,1.34074,8.44,3.75
2014.08.11,00:15:47.775,1.34077,1.34074,1.32,3
2014.08.11,00:15:49.800,1.34078,1.34074,10.69,3
2014.08.11,00:15:50.318,1.34078,1.34075,8.44,1
2014.08.11,00:15:54.224,1.34078,1.34074,5.44,4.69
2014.08.11,00:15:54.739,1.34078,1.34075,3.94,1
2014.08.11,00:16:04.808,1.34078,1.34075,3.57,1
2014.08.11,00:16:05.162,1.34078,1.34077,3.57,1
2014.08.11,00:16:05.669,1.34079,1.34078,3.57,1
2014.08.11,00:16:06.174,1.3408,1.34078,3.87,1
2014.08.11,00:16:06.678,1.3408,1.34078,2.74,1
2014.08.11,00:16:06.982,1.34082,1.3408,1.69,1
2014.08.11,00:16:07.286,1.34084,1.34082,2.44,1.5
2014.08.11,00:16:07.599,1.34086,1.34084,1,1
2014.08.11,00:16:07.751,1.34086,1.34084,1,1
2014.08.11,00:16:08.256,1.34084,1.34083,1,1
2014.08.11,00:16:08.624,1.34083,1.3408,3.75,2.82
2014.08.11,00:16:08.826,1.34081,1.3408,1,1
2014.08.11,00:16:08.978,1.34081,1.34078,2.25,1.69
2014.08.11,00:16:09.506,1.3408,1.34078,1,1.25
2014.08.11,00:16:10.277,1.3408,1.34077,1,2.44
2014.08.11,00:16:17.408,1.3408,1.34078,1.25,1
2014.08.11,00:16:17.913,1.3408,1.34078,1.25,1
2014.08.11,00:16:21.823,1.3408,1.34079,1,1
2014.08.11,00:16:22.328,1.34081,1.34079,1.69,1
2014.08.11,00:16:23.905,1.34081,1.34078,1.5,1.25
2014.08.11,00:16:28.089,1.34081,1.34079,2.44,1
2014.08.11,00:16:28.392,1.34083,1.34081,1.5,1
2014.08.11,00:16:28.444,1.34083,1.34082,1.5,1
2014.08.11,00:16:28.951,1.34084,1.34082,4.69,1
2014.08.11,00:16:29.255,1.34082,1.3408,1,1.69
2014.08.11,00:16:29.305,1.34081,1.34079,1.5,3.75
2014.08.11,00:16:47.498,1.34081,1.34079,4.32,1
2014.08.11,00:16:48.011,1.3408,1.34078,5.25,1
2014.08.11,00:17:00.330,1.34079,1.34078,1.5,1
2014.08.11,00:17:03.270,1.34079,1.34077,1.5,1
2014.08.11,00:17:03.996,1.34077,1.34075,1,3.94
2014.08.11,00:17:04.300,1.34074,1.34072,6,1.5
2014.08.11,00:17:04.502,1.34072,1.3407,1,1
2014.08.11,00:17:04.654,1.34068,1.34067,1.69,1
2014.08.11,00:17:04.705,1.34068,1.34065,3.94,1
2014.08.11,00:17:04.859,1.34066,1.34065,1.25,1
2014.08.11,00:17:05.367,1.34066,1.34064,2.25,1
2014.08.11,00:17:06.609,1.34066,1.34065,1.5,1
2014.08.11,00:17:14.172,1.34065,1.34063,1,1.88
2014.08.11,00:17:15.057,1.34065,1.34062,1,2.44
2014.08.11,00:17:17.864,1.34065,1.34062,1,5.07
2014.08.11,00:17:18.118,1.34066,1.34065,1.5,1
2014.08.11,00:17:19.578,1.34066,1.34064,1.5,1
2014.08.11,00:17:25.158,1.34066,1.34063,1.5,1.25
2014.08.11,00:17:32.989,1.34066,1.34062,3.19,6.19
2014.08.11,00:17:36.002,1.34066,1.34062,3,6.19
2014.08.11,00:17:43.199,1.34066,1.34064,2.25,1
2014.08.11,00:17:43.704,1.34066,1.34065,1.5,1
2014.08.11,00:17:44.221,1.34066,1.34064,1.5,1
2014.08.11,00:17:46.187,1.34067,1.34064,3.94,1.5
2014.08.11,00:17:48.271,1.34067,1.34065,2.25,1
2014.08.11,00:17:52.999,1.34067,1.34064,2.25,1.25
2014.08.11,00:18:02.484,1.34067,1.34065,2.25,1
2014.08.11,00:18:13.573,1.34067,1.34064,2.25,3.38
2014.08.11,00:18:13.725,1.34069,1.34067,1,1.88
2014.08.11,00:18:13.827,1.34072,1.34069,1.5,5.63
2014.08.11,00:18:13.878,1.34072,1.34069,1,6.57
2014.08.11,00:18:14.384,1.34073,1.3407,3.94,3
2014.08.11,00:18:16.996,1.34073,1.34071,2.25,1.25
2014.08.11,00:18:17.097,1.34075,1.34071,5.82,3.94
2014.08.11,00:18:18.771,1.34075,1.34071,3.94,6
2014.08.11,00:18:26.424,1.34074,1.34072,1,1.88
2014.08.11,00:18:26.990,1.34073,1.34071,1,3.94
2014.08.11,00:18:27.502,1.34074,1.34071,1,3.94
2014.08.11,00:18:29.785,1.34074,1.34072,1,2.25
2014.08.11,00:18:38.232,1.34074,1.34072,1,1.88
2014.08.11,00:18:38.737,1.34074,1.34072,1,2.25
2014.08.11,00:18:42.327,1.34074,1.34072,1,3
2014.08.11,00:18:43.393,1.34075,1.34072,3.75,3
2014.08.11,00:18:44.623,1.34075,1.34072,3.75,2.63
2014.08.11,00:18:46.941,1.34075,1.34072,3.75,2.44
2014.08.11,00:18:49.117,1.34075,1.34072,3.75,1.88
2014.08.11,00:18:50.218,1.34075,1.34073,3.75,1
2014.08.11,00:18:51.439,1.34075,1.34072,3.75,2.63
2014.08.11,00:18:51.945,1.34075,1.34072,4.5,3
2014.08.11,00:18:53.441,1.34075,1.34072,2.25,3.19
2014.08.11,00:18:54.540,1.34075,1.34073,2.25,1
2014.08.11,00:18:55.045,1.34075,1.34072,2.25,2.44
2014.08.11,00:18:55.549,1.34075,1.34072,3,3.19
2014.08.11,00:18:59.205,1.34075,1.34072,3,2.44
2014.08.11,00:19:00.146,1.34075,1.34072,2.25,3.19
2014.08.11,00:19:00.836,1.34074,1.34072,1.5,1.5
2014.08.11,00:19:00.988,1.34073,1.34071,5.25,1.13
2014.08.11,00:19:01.039,1.34072,1.34069,1,4.5
2014.08.11,00:19:01.141,1.34071,1.34069,3.42,3
2014.08.11,00:19:01.647,1.3407,1.34068,1,1.25
2014.08.11,00:19:02.233,1.34071,1.34068,3,1.25
2014.08.11,00:19:03.299,1.34071,1.34069,2.25,1.38
2014.08.11,00:19:03.401,1.34073,1.3407,3.19,1
2014.08.11,00:19:03.956,1.34072,1.3407,1,1
2014.08.11,00:19:04.879,1.34072,1.34071,1,1
2014.08.11,00:19:05.446,1.34073,1.34071,2.25,1
2014.08.11,00:19:12.561,1.34073,1.3407,2.25,1.25
2014.08.11,00:19:16.371,1.34072,1.3407,1,1
2014.08.11,00:19:16.880,1.34072,1.34069,2.25,2.44
2014.08.11,00:19:17.396,1.34071,1.34069,1,1.5
2014.08.11,00:19:18.107,1.3407,1.34069,1,1.5
2014.08.11,00:19:23.308,1.34071,1.34069,2.25,1.5
2014.08.11,00:19:27.807,1.34072,1.34069,2.44,1.5
2014.08.11,00:19:28.314,1.34071,1.34069,1,1.5
2014.08.11,00:19:36.974,1.34072,1.34069,1.25,3.75
2014.08.11,00:19:37.505,1.34072,1.3407,1,1
2014.08.11,00:19:46.261,1.34072,1.34071,1,1
2014.08.11,00:19:46.412,1.34075,1.34072,2.44,1.88
2014.08.11,00:19:46.918,1.34076,1.34073,1,3.19
2014.08.11,00:19:47.423,1.34075,1.34073,1,1.69
2014.08.11,00:19:47.928,1.34076,1.34073,1,1.69
2014.08.11,00:19:48.433,1.34075,1.34073,1,1.69
2014.08.11,00:19:48.585,1.34074,1.34072,1,1.25
2014.08.11,00:19:48.838,1.34071,1.34069,1,1.69
2014.08.11,00:19:54.448,1.3407,1.34068,1.5,1.13
2014.08.11,00:19:56.993,1.34069,1.34067,1,3.94
2014.08.11,00:19:59.751,1.3407,1.34068,1.5,2.82
2014.08.11,00:20:00.816,1.34069,1.34067,1,1.32
2014.08.11,00:20:03.005,1.3407,1.34067,2.25,3.19
2014.08.11,00:20:24.932,1.3407,1.34067,1,5.07
2014.08.11,00:20:25.440,1.3407,1.34068,1,1.5
2014.08.11,00:20:25.643,1.34071,1.3407,1,1.69
2014.08.11,00:20:25.694,1.34073,1.34071,5.25,1
2014.08.11,00:20:25.897,1.34075,1.34073,2.82,1
2014.08.11,00:20:26.150,1.34076,1.34073,1.69,1.5
2014.08.11,00:20:26.958,1.34076,1.34074,1.69,1.5
2014.08.11,00:20:27.462,1.34076,1.34073,1.5,3.57
2014.08.11,00:20:37.751,1.34074,1.34073,1,1.25
2014.08.11,00:20:37.954,1.34072,1.3407,1.5,1.5
2014.08.11,00:20:38.257,1.3407,1.34068,1,2.25
2014.08.11,00:20:39.592,1.3407,1.34068,1.5,1.32
2014.08.11,00:20:41.675,1.34071,1.34068,1,4.32
2014.08.11,00:20:44.824,1.34072,1.34068,3.94,5.07
2014.08.11,00:20:52.893,1.34072,1.34069,3.19,1
2014.08.11,00:20:53.397,1.34071,1.34068,1,3.57
2014.08.11,00:20:59.111,1.34072,1.34068,6.19,3.57
2014.08.11,00:21:01.836,1.34072,1.34069,5.44,1
2014.08.11,00:21:14.930,1.3407,1.34069,1.5,1.5
2014.08.11,00:21:15.446,1.34071,1.34068,1.5,2.07
2014.08.11,00:21:16.744,1.34072,1.34069,3.19,1.5
2014.08.11,00:21:17.250,1.34072,1.34071,1,1
2014.08.11,00:21:17.755,1.34073,1.34071,3,1
2014.08.11,00:21:18.109,1.34072,1.34069,1,3.19
2014.08.11,00:21:18.614,1.34071,1.34069,1,1.69
2014.08.11,00:21:20.992,1.34072,1.34069,2.44,1.5
2014.08.11,00:21:33.873,1.34072,1.34069,3.94,1.5
2014.08.11,00:21:34.923,1.34072,1.34069,3.19,1.5
2014.08.11,00:21:52.243,1.34071,1.34069,1,1.5
2014.08.11,00:22:05.621,1.34072,1.34069,4.32,1.5
2014.08.11,00:22:08.035,1.34072,1.34069,5.07,1.5
2014.08.11,00:22:10.062,1.34072,1.34069,4.69,1.5
2014.08.11,00:22:11.075,1.34072,1.34069,5.44,1.5
2014.08.11,00:22:12.046,1.34072,1.34069,1.69,1.5
2014.08.11,00:22:12.553,1.34071,1.34069,1,1.5
2014.08.11,00:22:13.059,1.34069,1.34067,1,4.05
2014.08.11,00:22:13.372,1.34066,1.34063,3.19,1
2014.08.11,00:22:13.423,1.34063,1.34062,1,3.19
2014.08.11,00:22:13.727,1.3406,1.34057,1.5,4.8
2014.08.11,00:22:13.778,1.3406,1.34057,1.69,1.5
2014.08.11,00:22:14.283,1.34059,1.34056,3,1.25
2014.08.11,00:22:15.590,1.34059,1.34057,1.5,1
2014.08.11,00:22:16.796,1.34059,1.34056,2.25,1
2014.08.11,00:22:28.448,1.34059,1.34055,3,3.38
2014.08.11,00:22:31.479,1.34059,1.34055,4.69,3
2014.08.11,00:22:34.180,1.34058,1.34056,2.44,1
2014.08.11,00:22:41.581,1.34056,1.34055,1,1
2014.08.11,00:22:41.683,1.34056,1.34052,7.13,3.75
2014.08.11,00:22:41.734,1.34053,1.34052,1,3.75
2014.08.11,00:22:42.239,1.34054,1.34052,2.44,1.5
2014.08.11,00:22:43.097,1.34053,1.3405,1.5,1.69
2014.08.11,00:22:43.301,1.34052,1.34048,5.25,3
2014.08.11,00:22:43.509,1.3405,1.34048,1,1.5
2014.08.11,00:22:44.015,1.3405,1.34046,4.69,2.25
2014.08.11,00:22:44.521,1.34047,1.34046,1.25,1.5
2014.08.11,00:22:44.623,1.34047,1.34043,4.69,5.07
2014.08.11,00:22:44.825,1.34045,1.34043,1,2.63
2014.08.11,00:22:45.381,1.34047,1.34043,3.94,4.13
2014.08.11,00:22:45.885,1.34047,1.34044,2.44,1
2014.08.11,00:22:48.099,1.34047,1.34043,2.44,4.69
2014.08.11,00:22:48.924,1.34047,1.34044,1.69,1
2014.08.11,00:22:49.659,1.34047,1.34043,3.19,4.69
2014.08.11,00:22:50.536,1.34046,1.34043,1,3.94
2014.08.11,00:22:53.519,1.34045,1.34043,1,1.5
2014.08.11,00:23:00.349,1.34047,1.34043,5.44,2.44
2014.08.11,00:23:00.855,1.34047,1.34044,3.94,1
2014.08.11,00:23:06.402,1.34047,1.34044,5.82,1
2014.08.11,00:23:09.347,1.34047,1.34045,5.07,1
2014.08.11,00:23:11.634,1.34047,1.34045,4.69,1
2014.08.11,00:23:13.155,1.34046,1.34045,1,1
2014.08.11,00:23:13.673,1.34047,1.34045,4.69,1
2014.08.11,00:23:14.185,1.34046,1.34044,1,1
2014.08.11,00:23:21.145,1.34047,1.34045,5.82,1
2014.08.11,00:23:21.933,1.34046,1.34043,2.25,2.44
2014.08.11,00:23:22.035,1.34045,1.34043,1.69,2.5
2014.08.11,00:23:22.545,1.34045,1.34043,3.94,1.5
2014.08.11,00:23:24.851,1.34045,1.34044,1.69,1
2014.08.11,00:23:39.385,1.34045,1.34043,1,1.5
2014.08.11,00:23:39.892,1.34046,1.34044,3.57,1
2014.08.11,00:23:40.397,1.34046,1.34044,2.82,1
2014.08.11,00:23:51.351,1.34045,1.34044,1,1.5
2014.08.11,00:23:51.654,1.34045,1.34043,1.69,1
2014.08.11,00:23:52.176,1.34044,1.34043,1,1
2014.08.11,00:23:59.205,1.34045,1.34043,5.07,1
2014.08.11,00:23:59.508,1.34044,1.34042,2.44,1.5
2014.08.11,00:24:01.044,1.34044,1.34042,2.44,1.5
2014.08.11,00:24:01.568,1.34045,1.34042,3.94,1.5
2014.08.11,00:24:02.091,1.34045,1.34043,3.57,1
2014.08.11,00:24:16.481,1.34046,1.34045,1.69,1
2014.08.11,00:24:16.886,1.34048,1.34045,3.94,2.25
2014.08.11,00:24:17.410,1.34047,1.34045,1,1.5
2014.08.11,00:24:17.918,1.34048,1.34045,4.69,1.5
2014.08.11,00:24:18.429,1.34046,1.34045,1,1.5
2014.08.11,00:24:18.531,1.34046,1.34043,1,3
2014.08.11,00:24:25.474,1.34046,1.34044,1,1
2014.08.11,00:24:26.405,1.34045,1.34044,1,1
2014.08.11,00:24:26.936,1.34046,1.34044,1,1
2014.08.11,00:24:27.440,1.34047,1.34044,4.69,1
2014.08.11,00:24:29.773,1.34047,1.34044,5.44,1
2014.08.11,00:24:31.395,1.34047,1.34044,4.69,1
2014.08.11,00:24:32.068,1.34047,1.34044,4.69,1
2014.08.11,00:24:32.832,1.34045,1.34044,1,1
2014.08.11,00:24:33.345,1.34046,1.34044,1.25,1
2014.08.11,00:24:49.020,1.34046,1.34043,6.57,1
2014.08.11,00:24:52.300,1.34045,1.34042,2.25,2.25
2014.08.11,00:24:52.864,1.34045,1.34043,2.25,1
2014.08.11,00:24:53.401,1.34045,1.34042,3.19,2.25
2014.08.11,00:25:22.354,1.34045,1.34043,1.13,1
2014.08.11,00:25:23.363,1.34046,1.34044,6.94,1
2014.08.11,00:25:26.639,1.34046,1.34043,6.19,1
2014.08.11,00:25:29.191,1.34046,1.34043,6.19,1
2014.08.11,00:25:29.847,1.34046,1.34043,6.19,1
2014.08.11,00:25:32.210,1.34046,1.34043,8.07,1
2014.08.11,00:25:32.789,1.34045,1.34043,1.13,1
2014.08.11,00:25:34.624,1.34046,1.34043,8.44,1
2014.08.11,00:25:35.132,1.34045,1.34043,1.13,1
2014.08.11,00:25:35.639,1.34045,1.34043,1.32,1
2014.08.11,00:25:36.170,1.34046,1.34044,7.13,1
2014.08.11,00:25:38.242,1.34046,1.34044,7.32,1
2014.08.11,00:25:38.751,1.34045,1.34042,1.13,2.44
2014.08.11,00:25:40.081,1.34046,1.34044,2.07,1
2014.08.11,00:25:40.586,1.34047,1.34045,1.25,1
2014.08.11,00:25:54.674,1.34047,1.34044,1,1.5
2014.08.11,00:25:55.179,1.34047,1.34045,2.44,1
2014.08.11,00:26:17.705,1.34046,1.34045,1,1
2014.08.11,00:26:18.222,1.34047,1.34045,1.69,1
2014.08.11,00:26:19.206,1.34046,1.34045,1,1
2014.08.11,00:26:19.993,1.34047,1.34045,2.44,1
2014.08.11,00:26:22.175,1.34046,1.34045,1,1
2014.08.11,00:26:22.836,1.34046,1.34044,2.25,1
2014.08.11,00:26:35.187,1.34046,1.34045,1.5,1
2014.08.11,00:26:38.675,1.34047,1.34045,2.44,1
2014.08.11,00:26:56.720,1.34049,1.34046,1,2.5
2014.08.11,00:26:56.872,1.34052,1.34049,3,5.51
2014.08.11,00:26:57.024,1.34055,1.34053,3.38,1
2014.08.11,00:26:57.126,1.34056,1.34054,1,3.75
2014.08.11,00:26:57.631,1.34057,1.34055,1,2.44
2014.08.11,00:26:58.136,1.34058,1.34056,3,1.5
2014.08.11,00:26:58.641,1.34058,1.34055,4.5,1
2014.08.11,00:26:59.199,1.34057,1.34054,1,3.75
2014.08.11,00:26:59.722,1.34058,1.34055,4.69,1.5
2014.08.11,00:27:00.228,1.34057,1.34056,1,1.5
2014.08.11,00:27:20.090,1.34057,1.34054,1.69,3
2014.08.11,00:27:23.954,1.34056,1.34054,1,2.25
2014.08.11,00:27:24.646,1.34057,1.34054,2.44,2.25
2014.08.11,00:27:26.132,1.34056,1.34054,1,2.25
2014.08.11,00:27:26.942,1.34057,1.34054,2.44,2.25
2014.08.11,00:27:27.502,1.34057,1.34054,1.69,2.25
2014.08.11,00:27:29.406,1.34057,1.34054,2.44,2.25
2014.08.11,00:27:31.410,1.34057,1.34054,3.19,2.25
2014.08.11,00:27:33.801,1.34057,1.34055,3.19,1
2014.08.11,00:27:36.118,1.34057,1.34055,1.69,1
2014.08.11,00:28:08.643,1.34058,1.34055,1.32,2.25
2014.08.11,00:28:15.146,1.34058,1.34056,2.07,1
2014.08.11,00:28:15.721,1.34059,1.34058,3.38,2.25
2014.08.11,00:28:16.024,1.34064,1.34062,1,2.69
2014.08.11,00:28:16.126,1.34065,1.34064,1,1.25
2014.08.11,00:28:16.227,1.34067,1.34065,1.13,1
2014.08.11,00:28:16.732,1.34069,1.34066,3.12,2.25
2014.08.11,00:28:25.962,1.3407,1.34068,3.94,1
2014.08.11,00:28:26.266,1.34073,1.34072,1.5,1
2014.08.11,00:28:26.367,1.34075,1.34072,6.38,3.75
2014.08.11,00:28:26.620,1.34076,1.34074,4.13,1
2014.08.11,00:28:26.923,1.34078,1.34075,3.19,1
2014.08.11,00:28:27.429,1.34078,1.34076,1.69,1.5
2014.08.11,00:28:27.948,1.34079,1.34076,1.69,2.25
2014.08.11,00:28:36.379,1.3408,1.34078,5.07,1
2014.08.11,00:28:36.785,1.34082,1.34079,2.74,2.63
2014.08.11,00:28:37.290,1.34082,1.34079,1.3,1.25
2014.08.11,00:28:37.795,1.34082,1.34078,1.99,3.57
2014.08.11,00:28:39.628,1.3408,1.34076,2.55,1.69
2014.08.11,00:28:39.780,1.34077,1.34076,1.5,1
2014.08.11,00:28:39.882,1.34077,1.34074,3.19,1.13
2014.08.11,00:28:40.390,1.34076,1.34074,1,1
2014.08.11,00:28:42.172,1.34075,1.34074,1,1
2014.08.11,00:28:42.224,1.34075,1.34072,1.5,1
2014.08.11,00:28:42.656,1.34075,1.34074,1,1
2014.08.11,00:28:42.707,1.34077,1.34074,3.19,1
2014.08.11,00:28:43.215,1.34076,1.34074,1,1
2014.08.11,00:28:44.537,1.34077,1.34074,2.44,1
2014.08.11,00:28:48.577,1.34078,1.34074,3.94,1.69
2014.08.11,00:28:53.976,1.34078,1.34075,1.25,1
2014.08.11,00:28:54.481,1.34078,1.34074,3.94,1.25
2014.08.11,00:28:54.987,1.34077,1.34074,1.69,1
2014.08.11,00:28:58.580,1.34076,1.34074,1,1
2014.08.11,00:29:00.587,1.34077,1.34074,1.69,1
2014.08.11,00:29:01.408,1.34076,1.34074,1,1
2014.08.11,00:29:03.885,1.34076,1.34073,1.25,1.5
2014.08.11,00:29:04.041,1.34074,1.34073,2.25,1
2014.08.11,00:29:04.244,1.34073,1.3407,2.25,4.88
2014.08.11,00:29:04.599,1.34071,1.3407,1,1.5
2014.08.11,00:29:05.226,1.34071,1.34068,4.69,1
2014.08.11,00:29:05.327,1.34069,1.34067,1,1.69
2014.08.11,00:29:08.087,1.34069,1.34067,1.5,1
2014.08.11,00:29:08.392,1.34071,1.34069,1.8,1
2014.08.11,00:29:08.445,1.34071,1.34069,2.55,1
2014.08.11,00:29:08.957,1.34073,1.34071,4.62,1
2014.08.11,00:29:09.514,1.34073,1.34071,3.87,1
2014.08.11,00:29:26.814,1.34074,1.34072,1.88,1
2014.08.11,00:29:26.916,1.34075,1.34073,5.07,1
2014.08.11,00:29:27.221,1.34078,1.34075,6,1
2014.08.11,00:29:28.121,1.34078,1.34076,3.94,1
2014.08.11,00:29:28.698,1.34077,1.34074,1,3.19
2014.08.11,00:29:32.841,1.34078,1.34076,3.94,1
2014.08.11,00:29:33.248,1.34078,1.34075,6.57,1
2014.08.11,00:29:36.952,1.34078,1.34075,6.19,1
2014.08.11,00:29:37.473,1.34077,1.34075,1,1
2014.08.11,00:29:37.992,1.34078,1.34075,6.94,1
2014.08.11,00:29:38.504,1.34077,1.34075,2.25,1
2014.08.11,00:29:39.111,1.34076,1.34075,1,1
2014.08.11,00:29:39.663,1.34076,1.34074,1.42,3
2014.08.11,00:29:42.192,1.34077,1.34074,2.44,2.25
2014.08.11,00:29:56.049,1.34076,1.34074,1,1.5
2014.08.11,00:29:56.612,1.34075,1.34073,3.6,1
2014.08.11,00:29:57.991,1.34073,1.34071,1.69,1.5
2014.08.11,00:29:58.245,1.34072,1.3407,1,1.5
2014.08.11,00:29:58.548,1.3407,1.34069,1,2.25
2014.08.11,00:29:58.801,1.3407,1.34067,1.69,1.5
2014.08.11,00:29:59.306,1.34069,1.34066,1.5,1.25
2014.08.11,00:30:00.957,1.34069,1.34066,4.5,1
2014.08.11,00:30:02.790,1.34069,1.34066,1.88,1.5
2014.08.11,00:30:07.064,1.34069,1.34065,3.38,3.19
2014.08.11,00:30:07.216,1.34068,1.34065,4.69,2.25
2014.08.11,00:30:07.318,1.34066,1.34063,1,1.69
2014.08.11,00:30:17.372,1.34066,1.34064,1,1
2014.08.11,00:30:18.129,1.34066,1.34063,1,2.44
2014.08.11,00:30:18.634,1.34066,1.34064,1,1.5
2014.08.11,00:30:22.968,1.34066,1.34065,1,1
2014.08.11,00:30:23.515,1.34066,1.34064,1,1.5
2014.08.11,00:30:24.070,1.34066,1.34065,1,1
2014.08.11,00:30:28.185,1.34067,1.34065,1.69,1
2014.08.11,00:30:28.728,1.34067,1.34066,1.5,1
2014.08.11,00:30:31.656,1.34067,1.34064,1.5,2.44
2014.08.11,00:30:55.082,1.34067,1.34063,4.5,3
2014.08.11,00:30:55.284,1.34066,1.34063,1.42,2.25
2014.08.11,00:30:55.385,1.34067,1.34063,3.75,5.25
2014.08.11,00:30:55.937,1.34067,1.34064,3.75,1
2014.08.11,00:31:01.952,1.34066,1.34064,1,1
2014.08.11,00:31:05.124,1.34066,1.34063,1,2.44
2014.08.11,00:31:05.629,1.34065,1.34063,1.17,2.25
2014.08.11,00:31:09.197,1.34064,1.34063,1,1.5
2014.08.11,00:31:09.702,1.34065,1.34062,11.7,1
2014.08.11,00:31:10.958,1.34064,1.34063,1.32,1
2014.08.11,00:31:11.464,1.34064,1.34062,1.32,1.5
2014.08.11,00:31:13.215,1.34065,1.34062,6.45,2.25
2014.08.11,00:31:13.724,1.34064,1.34062,1,1.5
2014.08.11,00:31:14.882,1.34065,1.34062,6.08,1.5
2014.08.11,00:31:15.429,1.34064,1.34062,1,1.5
2014.08.11,00:31:19.733,1.34064,1.34062,4.35,1
2014.08.11,00:31:20.239,1.34063,1.34061,1,3.75
2014.08.11,00:31:32.265,1.34063,1.34062,1,1
2014.08.11,00:31:32.570,1.34066,1.34063,3.19,1.5
2014.08.11,00:31:33.077,1.34066,1.34063,1.69,1.5
2014.08.11,00:31:35.809,1.34066,1.34064,1.5,1
2014.08.11,00:31:39.095,1.34066,1.34063,1.5,2.44
2014.08.11,00:31:41.374,1.34066,1.34064,1.5,1
2014.08.11,00:31:41.425,1.34068,1.34066,3.94,1
2014.08.11,00:31:41.475,1.34068,1.34066,2.44,1
2014.08.11,00:31:44.607,1.34068,1.34067,2.25,1
2014.08.11,00:31:47.775,1.34068,1.34066,1.5,1.5
2014.08.11,00:31:48.112,1.34073,1.34069,8.44,3.75
2014.08.11,00:31:48.416,1.34074,1.34072,3.19,1.13
2014.08.11,00:31:48.670,1.34074,1.3407,6.94,4.32
2014.08.11,00:31:49.125,1.34071,1.3407,1,1.5
2014.08.11,00:31:49.328,1.34071,1.34068,2.85,1.5
2014.08.11,00:31:49.833,1.3407,1.34067,4.69,1.5
2014.08.11,00:31:54.194,1.34069,1.34067,1,1
2014.08.11,00:31:59.006,1.3407,1.34067,6.38,1
2014.08.11,00:31:59.589,1.34069,1.34067,1,1
2014.08.11,00:32:00.343,1.34069,1.34066,1.5,2.25
2014.08.11,00:32:03.254,1.34068,1.34066,1,2.25
2014.08.11,00:32:03.800,1.34069,1.34066,3,2.25
2014.08.11,00:32:04.453,1.34068,1.34066,1,2.25
2014.08.11,00:32:05.996,1.34069,1.34066,3.94,2.25
2014.08.11,00:32:07.881,1.34068,1.34066,1,1.5
2014.08.11,00:32:09.256,1.34067,1.34066,2.85,1
2014.08.11,00:32:09.357,1.34066,1.34064,1.5,2.25
2014.08.11,00:32:09.710,1.34064,1.34062,1,1.5
2014.08.11,00:32:09.811,1.34065,1.34062,3.57,2.25
2014.08.11,00:32:10.013,1.34062,1.3406,1,5.25
2014.08.11,00:32:10.316,1.3406,1.34057,2.25,5.44
2014.08.11,00:32:10.367,1.3406,1.34057,2.25,2.44
2014.08.11,00:32:10.872,1.34059,1.34057,1.5,1.5
2014.08.11,00:32:25.985,1.34059,1.34058,2.25,1
2014.08.11,00:32:28.694,1.34059,1.34057,1.5,1.5
2014.08.11,00:32:57.087,1.34059,1.34058,1.5,1
2014.08.11,00:33:05.228,1.34061,1.34059,2.74,1
2014.08.11,00:33:06.102,1.3406,1.34058,1,1
2014.08.11,00:33:06.612,1.34061,1.34058,2.82,1
2014.08.11,00:33:07.122,1.3406,1.34058,1,1
2014.08.11,00:33:15.229,1.34061,1.34058,3.57,1
2014.08.11,00:33:16.634,1.3406,1.34058,1,1
2014.08.11,00:33:21.158,1.34061,1.34058,3.49,1.5
2014.08.11,00:33:21.764,1.3406,1.34058,1,1.5
2014.08.11,00:33:22.309,1.34061,1.34058,3.12,1.5
2014.08.11,00:33:27.572,1.3406,1.34058,1,1
2014.08.11,00:33:27.673,1.34059,1.34057,1,1.25
2014.08.11,00:33:32.791,1.34058,1.34056,1,1.69
2014.08.11,00:33:38.445,1.34062,1.34057,3.75,7.73
2014.08.11,00:33:38.698,1.34064,1.3406,4.32,7.32
2014.08.11,00:33:39.206,1.34062,1.3406,1,2.07
2014.08.11,00:33:41.002,1.34062,1.3406,1,4.69
2014.08.11,00:33:42.400,1.34062,1.34061,1,1
2014.08.11,00:33:42.925,1.34063,1.34061,1,1
2014.08.11,00:33:46.463,1.34064,1.34061,2.44,1
2014.08.11,00:33:46.918,1.34064,1.34062,2.25,1
2014.08.11,00:33:49.296,1.34064,1.34061,3,1.25
2014.08.11,00:33:50.977,1.34062,1.34061,1,2.25
2014.08.11,00:33:51.684,1.34063,1.34061,1.5,1
2014.08.11,00:33:52.088,1.34062,1.34061,1,1
2014.08.11,00:33:52.392,1.3406,1.34058,1,1.69
2014.08.11,00:33:52.896,1.3406,1.34056,3.75,4.69
2014.08.11,00:33:53.402,1.34059,1.34056,1,3.94
2014.08.11,00:33:56.502,1.34059,1.34056,1.5,2.44
2014.08.11,00:33:57.676,1.3406,1.34056,7.69,3.94
2014.08.11,00:33:58.180,1.34059,1.34056,1,3.19
2014.08.11,00:33:58.936,1.3406,1.34056,6.19,3.19
2014.08.11,00:34:01.617,1.3406,1.34056,8.44,3
2014.08.11,00:34:02.618,1.3406,1.34056,8.44,3.19
2014.08.11,00:34:03.149,1.3406,1.34057,7.69,1
2014.08.11,00:34:03.805,1.34059,1.34057,1,1
2014.08.11,00:34:09.311,1.3406,1.34057,5.82,1
2014.08.11,00:34:09.812,1.3406,1.34057,7.69,1
2014.08.11,00:34:10.355,1.3406,1.34056,5.07,3
2014.08.11,00:34:10.880,1.3406,1.34056,4.13,3
2014.08.11,00:34:14.775,1.34059,1.34056,1,3.19
2014.08.11,00:34:18.377,1.3406,1.34056,4.32,3.19
2014.08.11,00:34:20.364,1.34059,1.34056,1,3.19
2014.08.11,00:34:20.874,1.34058,1.34056,1,2.44
2014.08.11,00:34:34.125,1.34057,1.34056,1,1.69
2014.08.11,00:34:34.579,1.34056,1.34054,1.69,1
2014.08.11,00:34:34.833,1.34055,1.34052,1,2.44
2014.08.11,00:34:35.337,1.34054,1.34052,1.5,1.5
2014.08.11,00:34:40.842,1.34055,1.34052,2.44,1.5
2014.08.11,00:34:42.819,1.34053,1.34052,1,1.5
2014.08.11,00:34:43.124,1.34048,1.34047,1.5,2.25
2014.08.11,00:34:43.225,1.34048,1.34044,3,9.19
2014.08.11,00:34:48.757,1.34048,1.34044,2.25,3.19
2014.08.11,00:34:50.493,1.34048,1.34044,1.5,4.69
2014.08.11,00:34:51.135,1.34048,1.34044,1.5,4.69
2014.08.11,00:35:03.207,1.34048,1.34045,1,1.5
2014.08.11,00:35:10.946,1.34048,1.34047,1.5,1
2014.08.11,00:35:11.098,1.3405,1.34048,2.25,3.19
2014.08.11,00:35:11.553,1.34052,1.3405,1,1
2014.08.11,00:35:11.604,1.34053,1.34051,3.94,1
2014.08.11,00:35:11.756,1.34054,1.34052,2.25,1
2014.08.11,00:35:11.908,1.34055,1.34053,1.5,1
2014.08.11,00:35:12.414,1.34056,1.34053,2.44,1
2014.08.11,00:35:24.870,1.34056,1.34054,2.25,1
2014.08.11,00:35:25.682,1.34056,1.34054,4.88,1
2014.08.11,00:35:26.417,1.34056,1.34053,6.57,1
2014.08.11,00:35:29.816,1.34056,1.34053,6.57,1
2014.08.11,00:35:30.372,1.34056,1.34053,6.94,1
2014.08.11,00:35:32.853,1.34056,1.34053,6.94,1
2014.08.11,00:35:33.399,1.34056,1.34053,6.94,1
2014.08.11,00:35:36.129,1.34056,1.34053,5.82,1
2014.08.11,00:35:36.635,1.34055,1.34053,1.88,1
2014.08.11,00:35:41.852,1.34055,1.34052,1.32,2.25
2014.08.11,00:35:52.136,1.34054,1.34052,1,2.44
2014.08.11,00:35:52.440,1.3405,1.34048,3.93,1
2014.08.11,00:35:52.693,1.34048,1.34046,1.25,1
2014.08.11,00:35:53.198,1.34048,1.34047,1,1
2014.08.11,00:36:06.200,1.34049,1.34047,2.63,1
2014.08.11,00:36:09.982,1.34049,1.34047,2.25,1
2014.08.11,00:36:18.925,1.34052,1.34048,2.44,2.88
2014.08.11,00:36:19.076,1.34053,1.34052,2.25,2.1
2014.08.11,00:36:19.279,1.34055,1.34053,6.57,1
2014.08.11,00:36:19.531,1.34057,1.34055,2.44,1
2014.08.11,00:36:20.541,1.34058,1.34054,5.44,2.25
2014.08.11,00:36:21.519,1.34058,1.34055,5.44,1
2014.08.11,00:36:24.695,1.34058,1.34054,5.44,2.25
2014.08.11,00:36:25.278,1.34058,1.34054,6.19,2.44
2014.08.11,00:36:29.652,1.34058,1.34055,6.19,1
2014.08.11,00:36:34.301,1.34058,1.34056,5.44,1
2014.08.11,00:36:34.606,1.34063,1.34059,4.5,10.69
2014.08.11,00:36:34.708,1.34064,1.34062,1,4.92
2014.08.11,00:36:34.860,1.34067,1.34064,1.5,2.25
2014.08.11,00:36:37.304,1.34066,1.34064,1.69,2.25
2014.08.11,00:36:37.708,1.34066,1.34062,3.94,3.57
2014.08.11,00:37:00.884,1.34066,1.34063,3.94,1.5
2014.08.11,00:37:07.699,1.34066,1.34062,4.69,3.94
2014.08.11,00:37:11.783,1.34066,1.34062,4.94,3.19
2014.08.11,00:37:20.616,1.34065,1.34063,1,1
2014.08.11,00:37:23.193,1.34065,1.34062,1,3.19
2014.08.11,00:37:26.666,1.34065,1.34063,1,1
2014.08.11,00:37:26.820,1.34063,1.34062,1,1.5
2014.08.11,00:37:27.124,1.34062,1.34059,3.75,5.25
2014.08.11,00:37:27.175,1.34061,1.3406,2.25,1.5
2014.08.11,00:37:27.731,1.34061,1.34058,3.94,1.13
2014.08.11,00:37:28.893,1.3406,1.34058,1,1.05
2014.08.11,00:37:30.108,1.3406,1.34057,1.5,4.62
2014.08.11,00:37:30.769,1.3406,1.34057,1.5,4.43
2014.08.11,00:37:31.675,1.3406,1.34057,1.5,4.43
2014.08.11,00:37:32.686,1.3406,1.34057,1.5,4.43
2014.08.11,00:37:33.778,1.34061,1.34057,4.5,5.18
2014.08.11,00:37:35.328,1.34061,1.34059,2.25,1
2014.08.11,00:37:56.243,1.34061,1.34058,1.25,3
2014.08.11,00:38:01.369,1.34062,1.34058,4.24,3
2014.08.11,00:38:08.407,1.34062,1.34058,6.12,3
2014.08.11,00:38:16.109,1.34061,1.34059,2.44,1
2014.08.11,00:38:37.174,1.34061,1.34058,1.69,2.25
2014.08.11,00:38:39.697,1.3406,1.34058,1,2.25
2014.08.11,00:38:40.201,1.3406,1.34057,6,1.25
2014.08.11,00:38:40.321,1.34057,1.34056,1,2.07
2014.08.11,00:38:43.319,1.34058,1.34056,1.69,1
2014.08.11,00:38:45.640,1.34059,1.34056,1.25,3.6
2014.08.11,00:38:46.094,1.3406,1.34058,1.13,1
2014.08.11,00:38:47.294,1.34061,1.34058,2.74,2.25
2014.08.11,00:38:50.142,1.3406,1.34058,1,2.25
2014.08.11,00:39:38.106,1.34059,1.34058,1,1.13
2014.08.11,00:39:38.611,1.3406,1.34058,1.25,1.13
2014.08.11,00:39:44.340,1.34059,1.34058,1,1.88
2014.08.11,00:39:45.581,1.3406,1.34057,1,1.88
2014.08.11,00:39:46.471,1.3406,1.34057,1,1.88
2014.08.11,00:39:46.983,1.3406,1.34057,1.5,1.88
2014.08.11,00:39:47.286,1.34061,1.34057,4.24,1.95
2014.08.11,00:39:47.337,1.3406,1.34057,1,1.5
2014.08.11,00:39:47.845,1.34059,1.34057,1,1.5
2014.08.11,00:39:53.403,1.34058,1.34057,1,1.5
2014.08.11,00:40:00.658,1.34059,1.34057,1,1.5
2014.08.11,00:40:06.014,1.34059,1.34056,2.25,1
2014.08.11,00:40:11.468,1.34058,1.34056,1,1
2014.08.11,00:40:11.839,1.34056,1.34055,1,2.25
2014.08.11,00:40:12.092,1.34056,1.34053,1.5,1.25
2014.08.11,00:40:15.069,1.34055,1.34053,1,1.25
2014.08.11,00:41:08.928,1.34056,1.34053,1,2.82
2014.08.11,00:41:14.555,1.34056,1.34053,1,7.69
2014.08.11,00:41:17.606,1.34056,1.34053,1,6.94
2014.08.11,00:41:46.897,1.34055,1.34053,1,1.32
2014.08.11,00:41:47.200,1.34053,1.34051,5.5,5.07
2014.08.11,00:41:47.655,1.34052,1.34049,1.5,7.69
2014.08.11,00:41:47.807,1.3405,1.34048,1,7.88
2014.08.11,00:41:48.112,1.34049,1.34047,1,3.19
2014.08.11,00:41:48.162,1.3405,1.34048,3.75,1
2014.08.11,00:41:48.618,1.34049,1.34047,1,1.69
2014.08.11,00:41:49.123,1.34048,1.34047,1,1.5
2014.08.11,00:41:52.827,1.34048,1.34046,1,1.5
2014.08.11,00:41:52.929,1.34047,1.34045,1,4.13
2014.08.11,00:41:57.169,1.34049,1.34047,3.75,1
2014.08.11,00:41:57.423,1.34049,1.34047,3.75,2.29
2014.08.11,00:41:57.926,1.34048,1.34046,1,2.44
2014.08.11,00:41:58.461,1.34049,1.34047,3.75,1.25
2014.08.11,00:41:59.478,1.34049,1.34048,1.5,1
2014.08.11,00:42:02.217,1.34051,1.34049,1,7.81
2014.08.11,00:42:02.268,1.34053,1.3405,2.25,7.13
2014.08.11,00:42:02.420,1.34052,1.3405,1,9
2014.08.11,00:42:02.673,1.34054,1.34051,1,2.07
2014.08.11,00:42:03.179,1.34055,1.34052,2.44,1.5
2014.08.11,00:42:11.610,1.34053,1.34052,1,1.25
2014.08.11,00:42:11.914,1.34052,1.34049,2.5,2.63
2014.08.11,00:42:12.066,1.3405,1.34048,1,2.25
2014.08.11,00:42:12.570,1.3405,1.34048,1,2.25
2014.08.11,00:42:13.076,1.34048,1.34046,1,1.25
2014.08.11,00:42:19.338,1.34048,1.34046,1,2.25
2014.08.11,00:42:19.893,1.34049,1.34046,1.13,2.25
2014.08.11,00:43:06.803,1.34049,1.34047,3,1
2014.08.11,00:43:07.157,1.34049,1.34048,1,2.44
2014.08.11,00:43:07.309,1.34051,1.3405,1,2.25
2014.08.11,00:43:07.662,1.34052,1.3405,1,1
2014.08.11,00:43:08.623,1.34052,1.3405,1,1
2014.08.11,00:43:08.674,1.3405,1.34047,1,3.57
2014.08.11,00:43:08.927,1.34047,1.34045,1.5,2.07
2014.08.11,00:43:08.978,1.34047,1.34045,3,1
2014.08.11,00:43:09.231,1.34044,1.34042,1,2.82
2014.08.11,00:43:09.281,1.34044,1.34042,2.44,1.5
2014.08.11,00:43:09.484,1.34041,1.34039,1,1
2014.08.11,00:43:09.990,1.3404,1.34038,1,1.69
2014.08.11,00:43:10.395,1.34041,1.3404,1,2.63
2014.08.11,00:43:10.919,1.34042,1.34041,1,1
2014.08.11,00:43:11.810,1.34042,1.3404,1,6.94
2014.08.11,00:43:12.408,1.34042,1.34041,1,1
2014.08.11,00:43:12.913,1.34042,1.3404,1,6.94
2014.08.11,00:43:14.792,1.34042,1.34041,1,1
2014.08.11,00:43:19.815,1.34042,1.3404,1,5.82
2014.08.11,00:43:20.318,1.34042,1.34041,1,1
2014.08.11,00:43:20.825,1.34042,1.3404,1,5.82
2014.08.11,00:43:21.331,1.34042,1.34041,1,1
2014.08.11,00:43:21.485,1.34042,1.3404,1,4.5
2014.08.11,00:43:21.638,1.34042,1.3404,1.25,1.5
2014.08.11,00:43:22.143,1.34042,1.3404,2.5,1.88
2014.08.11,00:43:22.983,1.34042,1.34041,1.5,1
2014.08.11,00:43:24.646,1.34041,1.34039,1.5,5.07
2014.08.11,00:43:25.151,1.34042,1.34041,1.5,1
2014.08.11,00:43:25.556,1.34043,1.34041,1,5.44
2014.08.11,00:43:26.060,1.34043,1.34041,1,4.69
2014.08.11,00:43:26.765,1.34043,1.34042,1,1
2014.08.11,00:43:27.170,1.34045,1.34044,1.5,1
2014.08.11,00:43:27.692,1.34045,1.34044,2.25,1
2014.08.11,00:43:30.760,1.34045,1.34043,2.5,1.25
2014.08.11,00:43:31.719,1.34045,1.34044,2.25,1
2014.08.11,00:43:45.919,1.34045,1.34043,1,5.25
2014.08.11,00:43:46.424,1.34045,1.34044,1,1
2014.08.11,00:43:55.725,1.34046,1.34044,1,1.5
2014.08.11,00:44:00.664,1.34045,1.34044,1,1
2014.08.11,00:44:06.170,1.34047,1.34045,1.25,1
2014.08.11,00:44:06.591,1.34047,1.34045,1,1.69
2014.08.11,00:44:06.743,1.34049,1.34047,2.25,1
2014.08.11,00:44:06.946,1.34052,1.3405,1.5,2.26
2014.08.11,00:44:07.454,1.34053,1.34052,1,1
2014.08.11,00:44:07.959,1.34053,1.34051,1,7.24
2014.08.11,00:44:09.003,1.34055,1.34051,1.5,6.49
2014.08.11,00:44:16.009,1.34053,1.34051,1,5.82
2014.08.11,00:44:18.622,1.34055,1.34052,1,1
2014.08.11,00:44:26.596,1.34053,1.34051,1,5.82
2014.08.11,00:44:27.110,1.34055,1.34052,1,1.25
2014.08.11,00:44:27.648,1.34054,1.34052,1,2.44
2014.08.11,00:44:29.570,1.34054,1.34051,1,5.93
2014.08.11,00:44:33.223,1.34054,1.34052,1,1.69
2014.08.11,00:44:37.830,1.34053,1.34051,1,6.9
2014.08.11,00:44:40.471,1.34056,1.34053,3.94,1.5
2014.08.11,00:44:43.470,1.34055,1.34053,1,3
2014.08.11,00:44:43.773,1.34056,1.34055,1,1
2014.08.11,00:44:44.278,1.34057,1.34055,1,3.75
2014.08.11,00:44:49.085,1.34057,1.34056,1,1
2014.08.11,00:44:51.802,1.34057,1.34055,1,2.25
2014.08.11,00:45:23.579,1.34057,1.34056,1,1
2014.08.11,00:45:24.097,1.34057,1.34055,1,6.57
2014.08.11,00:45:24.621,1.34057,1.34056,1,1
2014.08.11,00:45:25.151,1.34057,1.34055,1,6.19
2014.08.11,00:45:27.397,1.34057,1.34056,1,1
2014.08.11,00:45:27.902,1.34057,1.34055,1,3.19
2014.08.11,00:45:38.352,1.34057,1.34055,1,1.5
2014.08.11,00:45:44.601,1.34057,1.34055,1,1.5
2014.08.11,00:45:45.403,1.34057,1.34055,1,2.07
2014.08.11,00:45:46.114,1.34057,1.34055,1,2.25
2014.08.11,00:45:47.707,1.34057,1.34055,1,1.69
2014.08.11,00:45:48.010,1.34059,1.34055,3.94,2.63
2014.08.11,00:45:48.732,1.34059,1.34055,3.94,1.88
2014.08.11,00:45:49.242,1.34059,1.34055,6.19,1.88
2014.08.11,00:45:51.396,1.34056,1.34055,1,2.44
2014.08.11,00:45:52.015,1.34057,1.34055,1,1.88
2014.08.11,00:45:58.534,1.34056,1.34055,1,1.88
2014.08.11,00:45:59.056,1.34057,1.34055,1,1.88
2014.08.11,00:46:02.270,1.34056,1.34055,1,1.88
2014.08.11,00:46:02.774,1.34057,1.34055,1,1.88
2014.08.11,00:46:04.363,1.34056,1.34054,1,1.32
2014.08.11,00:46:04.872,1.34057,1.34054,1,1.38
2014.08.11,00:46:06.515,1.34059,1.34054,6.19,1.63
2014.08.11,00:46:06.616,1.34055,1.34054,1,1
2014.08.11,00:46:06.869,1.34054,1.34051,1.5,4.24
2014.08.11,00:46:07.122,1.34052,1.34051,1,1
2014.08.11,00:46:07.425,1.34052,1.34049,1,3.75
2014.08.11,00:46:07.930,1.34051,1.34048,2.25,2.44
2014.08.11,00:46:08.334,1.34051,1.3405,1,1.5
2014.08.11,00:46:08.839,1.34052,1.34051,1,1
2014.08.11,00:46:09.423,1.34052,1.3405,1,6.19
2014.08.11,00:46:09.928,1.34052,1.3405,1,4.32
2014.08.11,00:46:12.325,1.34053,1.3405,1.88,2.44
2014.08.11,00:46:12.831,1.34051,1.34048,1,2.44
2014.08.11,00:46:13.342,1.34051,1.34048,1.5,2.44
2014.08.11,00:46:13.874,1.34051,1.34048,2.25,2.44
2014.08.11,00:46:14.530,1.34049,1.34048,1,1.5
2014.08.11,00:46:23.321,1.3405,1.34048,1,1.5
2014.08.11,00:46:35.012,1.34051,1.34048,1.25,2.25
2014.08.11,00:46:36.748,1.34052,1.3405,1.69,6
2014.08.11,00:46:37.001,1.34054,1.34053,1,2.29
2014.08.11,00:46:37.305,1.34056,1.34054,1.5,4.92
2014.08.11,00:46:37.658,1.34058,1.34056,2.25,2.85
2014.08.11,00:46:52.394,1.34057,1.34055,1,2.63
2014.08.11,00:47:10.424,1.34057,1.34056,1,1.5
2014.08.11,00:47:17.281,1.34058,1.34056,1,1.69
2014.08.11,00:47:17.800,1.34057,1.34056,1,1.69
2014.08.11,00:47:30.163,1.34059,1.34057,1.13,1
2014.08.11,00:47:51.168,1.34057,1.34056,1,1.69
2014.08.11,00:48:01.104,1.34057,1.34055,1,4.88
2014.08.11,00:48:06.611,1.34057,1.34056,1,1.69
2014.08.11,00:48:07.740,1.34058,1.34056,1,2.44
2014.08.11,00:48:12.321,1.34057,1.34055,1,5.63
2014.08.11,00:48:13.228,1.34057,1.34056,1,1.25
2014.08.11,00:48:34.737,1.34057,1.34055,1,4.13
2014.08.11,00:48:39.608,1.34058,1.34055,2.25,4.13
2014.08.11,00:48:40.386,1.34058,1.34056,1.5,1
2014.08.11,00:48:40.891,1.34059,1.34056,3.6,2.25
2014.08.11,00:48:41.396,1.34059,1.34056,1.5,3.19
2014.08.11,00:48:42.462,1.34059,1.34056,1.73,2.44
2014.08.11,00:48:42.968,1.34058,1.34056,1.5,1.69
2014.08.11,00:48:43.472,1.34057,1.34055,1,2.25
2014.08.11,00:48:44.003,1.34058,1.34056,1,1.5
2014.08.11,00:48:53.837,1.34057,1.34054,1,7.92
2014.08.11,00:48:54.191,1.34056,1.34054,1,1.32
2014.08.11,00:48:54.696,1.34055,1.34053,1,3.19
2014.08.11,00:48:54.898,1.34056,1.34053,6.19,1.5
2014.08.11,00:48:55.150,1.34053,1.34051,3,1
2014.08.11,00:48:55.252,1.34051,1.34049,1,6.98
2014.08.11,00:48:55.555,1.3405,1.34047,1.5,3.19
2014.08.11,00:48:55.707,1.34048,1.34047,1,1.5
2014.08.11,00:48:56.213,1.34049,1.34047,1.5,1.5
2014.08.11,00:48:56.684,1.34049,1.34045,3.19,2.82
2014.08.11,00:48:57.202,1.34048,1.34045,1,2.82
2014.08.11,00:49:08.726,1.34048,1.34045,1.5,2.25
2014.08.11,00:49:27.499,1.3405,1.34048,2.44,1
2014.08.11,00:50:06.858,1.34048,1.34046,1,3
2014.08.11,00:50:08.674,1.34048,1.34046,1.77,2.25
2014.08.11,00:50:08.992,1.34049,1.34046,2.82,2.25
2014.08.11,00:50:13.906,1.34048,1.34046,1,3
2014.08.11,00:50:14.109,1.34048,1.34046,2.25,2.25
2014.08.11,00:50:22.366,1.34047,1.34046,1,1.5
2014.08.11,00:50:22.919,1.34048,1.34046,2.25,1.5
2014.08.11,00:50:24.098,1.34048,1.34046,3.75,1.5
2014.08.11,00:50:27.188,1.34048,1.34046,4.69,1.5
2014.08.11,00:50:27.239,1.34046,1.34044,1,1.69
2014.08.11,00:50:27.492,1.34046,1.34044,1,2.44
2014.08.11,00:50:29.320,1.34045,1.34044,1.5,1.5
2014.08.11,00:50:29.860,1.34045,1.34043,1,1.24
2014.08.11,00:50:31.912,1.34043,1.34042,1,1.5
2014.08.11,00:50:32.215,1.34043,1.34042,3,1
2014.08.11,00:50:32.722,1.34042,1.34041,1,1.25
2014.08.11,00:50:35.391,1.34042,1.34041,1.5,1
2014.08.11,00:50:35.543,1.34041,1.34038,7.13,9.75
2014.08.11,00:50:35.696,1.34042,1.3404,1,4.13
2014.08.11,00:50:36.966,1.34042,1.34041,1,1
2014.08.11,00:50:42.843,1.34042,1.3404,1,4.62
2014.08.11,00:50:43.436,1.34041,1.3404,1,4.62
2014.08.11,00:50:43.487,1.34041,1.3404,1.88,4.05
2014.08.11,00:50:43.639,1.34039,1.34037,4.5,1
2014.08.11,00:50:44.144,1.34039,1.34036,5.25,1.24
2014.08.11,00:50:45.643,1.34041,1.34038,3.75,3
2014.08.11,00:50:46.148,1.34044,1.34041,3.19,1
2014.08.11,00:50:47.634,1.34043,1.34041,1,1
2014.08.11,00:50:48.476,1.34042,1.34041,1,1
2014.08.11,00:50:52.098,1.34042,1.3404,1,9.49
2014.08.11,00:50:53.397,1.34042,1.34041,1,1
2014.08.11,00:50:54.176,1.34042,1.3404,1,7.99
2014.08.11,00:50:54.691,1.34042,1.34041,1,1
2014.08.11,00:50:56.478,1.34042,1.3404,1,10.24
2014.08.11,00:50:57.017,1.34042,1.34041,1,1
2014.08.11,00:51:04.604,1.34042,1.3404,1,4.24
2014.08.11,00:51:05.008,1.34041,1.34038,1.5,1.69
2014.08.11,00:51:05.513,1.3404,1.34038,1,1.5
2014.08.11,00:51:05.918,1.34041,1.34039,1,5.07
2014.08.11,00:51:06.221,1.34042,1.34038,3.94,3.19
2014.08.11,00:51:07.831,1.3404,1.34038,1,1.5
2014.08.11,00:51:10.147,1.34041,1.34038,1.25,2.25
2014.08.11,00:51:11.460,1.34042,1.3404,3.38,1
2014.08.11,00:51:11.763,1.34045,1.34043,1.13,1
2014.08.11,00:51:12.563,1.34044,1.34042,1,3.94
2014.08.11,00:51:13.086,1.34044,1.34042,1,3.49
2014.08.11,00:51:13.647,1.34044,1.34043,1,1
2014.08.11,00:51:14.884,1.34045,1.34043,1,1.5
2014.08.11,00:51:17.945,1.34045,1.34042,1,4.05
2014.08.11,00:51:23.778,1.34045,1.34043,1,1
2014.08.11,00:51:24.309,1.34045,1.34043,1,1.32
2014.08.11,00:51:30.593,1.34046,1.34043,2.25,1.25
2014.08.11,00:51:36.330,1.34047,1.34043,4.69,3.19
2014.08.11,00:51:36.860,1.34046,1.34043,1.5,3.19
2014.08.11,00:51:49.983,1.34046,1.34044,2.25,1
2014.08.11,00:51:52.570,1.34047,1.34045,2.44,1.5
2014.08.11,00:51:53.126,1.34048,1.34045,4.5,1.5
2014.08.11,00:51:57.993,1.34046,1.34045,1,1.5
2014.08.11,00:51:58.499,1.34045,1.34043,1,1.32
2014.08.11,00:52:01.433,1.34046,1.34044,2.25,1.5
2014.08.11,00:52:05.091,1.34045,1.34043,1.5,1
2014.08.11,00:52:05.597,1.34045,1.34043,1,1
2014.08.11,00:52:05.698,1.34046,1.34045,1,1.5
2014.08.11,00:52:06.206,1.34047,1.34045,1.25,1.5
2014.08.11,00:52:06.816,1.34048,1.34045,3.94,1.5
2014.08.11,00:52:09.012,1.34048,1.34045,6.07,1.5
2014.08.11,00:52:09.517,1.34047,1.34045,3.25,1.5
2014.08.11,00:52:10.022,1.34047,1.34045,1.69,1.5
2014.08.11,00:52:10.327,1.34047,1.34043,3.44,3.94
2014.08.11,00:52:10.831,1.34048,1.34046,1,1.6
2014.08.11,00:52:11.351,1.34047,1.34046,1,1.6
2014.08.11,00:52:12.289,1.34047,1.34046,1.5,1.6
2014.08.11,00:52:12.592,1.34046,1.34044,2.69,1.5
2014.08.11,00:52:18.678,1.34045,1.34044,1,1.5
2014.08.11,00:52:20.647,1.34045,1.34042,1,2.37
2014.08.11,00:52:21.258,1.34045,1.34044,1,1.5
2014.08.11,00:52:41.784,1.34044,1.34042,1,1.24
2014.08.11,00:52:41.936,1.34045,1.34042,1,1.99
2014.08.11,00:52:42.345,1.34045,1.34044,1,1
2014.08.11,00:52:52.476,1.34045,1.34042,1,1.99
2014.08.11,00:53:13.092,1.34045,1.34043,1,1
2014.08.11,00:53:20.909,1.34046,1.34043,2.07,2.25
2014.08.11,00:53:21.918,1.34046,1.34043,5.07,1
2014.08.11,00:53:40.071,1.34046,1.34043,3.19,1
2014.08.11,00:53:42.045,1.34045,1.34043,1,1
2014.08.11,00:53:53.945,1.34045,1.34042,1.25,2.25
2014.08.11,00:53:58.483,1.34043,1.34042,1,1.8
2014.08.11,00:54:00.299,1.34043,1.34041,1.5,1.5
2014.08.11,00:54:00.350,1.34042,1.3404,4.88,2.25
2014.08.11,00:54:00.453,1.3404,1.34039,3,2.25
2014.08.11,00:54:00.555,1.34038,1.34036,1,2.25
2014.08.11,00:54:02.720,1.34037,1.34036,1,1.5
2014.08.11,00:54:10.773,1.34036,1.34034,1,2.55
2014.08.11,00:54:11.532,1.34036,1.34033,1,4.05
2014.08.11,00:54:11.887,1.34035,1.34034,1,1.8
2014.08.11,00:54:12.854,1.34034,1.34032,1,3.19
2014.08.11,00:54:13.057,1.34035,1.34033,6.19,1
2014.08.11,00:54:13.562,1.34034,1.34031,1,5.25
2014.08.11,00:54:14.163,1.34035,1.34033,4.5,1.5
2014.08.11,00:54:14.365,1.34033,1.34031,3.75,1.5
2014.08.11,00:54:14.517,1.3403,1.34029,1,1.88
2014.08.11,00:54:14.568,1.34029,1.34027,2.88,1.5
2014.08.11,00:54:14.619,1.34028,1.34027,1,2.25
2014.08.11,00:54:14.882,1.3403,1.34028,2.07,1
2014.08.11,00:54:16.169,1.34031,1.34028,6.19,1
2014.08.11,00:54:17.815,1.34031,1.34028,5.07,1.5
2014.08.11,00:54:18.992,1.3403,1.34029,1,1
2014.08.11,00:54:19.043,1.34032,1.3403,1,1.5
2014.08.11,00:54:19.346,1.34035,1.34032,1.5,3.79
2014.08.11,00:54:19.851,1.34035,1.34034,1.5,1
2014.08.11,00:54:21.680,1.34035,1.34033,1.5,2.44
2014.08.11,00:54:21.882,1.34035,1.34032,1,1.25
2014.08.11,00:54:24.845,1.34034,1.34033,1,1.25
2014.08.11,00:54:25.502,1.34035,1.34034,1.5,1
2014.08.11,00:54:28.810,1.34035,1.34033,1,3.19
2014.08.11,00:54:29.467,1.34035,1.34034,1,1
2014.08.11,00:54:30.335,1.34035,1.34033,1,3.19
2014.08.11,00:54:31.033,1.34035,1.34033,1,2.44
2014.08.11,00:54:31.437,1.34036,1.34033,1,2.44
2014.08.11,00:54:35.076,1.34035,1.34033,1.25,1
2014.08.11,00:54:35.278,1.34035,1.34031,4.69,4.69
2014.08.11,00:54:35.430,1.34034,1.34031,1,4.69
2014.08.11,00:54:35.734,1.34032,1.3403,1,5.63
2014.08.11,00:54:36.188,1.34033,1.34032,1,1
2014.08.11,00:54:36.290,1.34035,1.34033,2.63,1
2014.08.11,00:54:37.152,1.34036,1.34034,1,1
2014.08.11,00:54:38.467,1.34037,1.34034,2.44,1
2014.08.11,00:54:41.437,1.34035,1.34034,1,1.5
2014.08.11,00:54:41.950,1.34036,1.34034,1,1.5
2014.08.11,00:54:46.639,1.34035,1.34034,1,1
2014.08.11,00:54:48.169,1.34037,1.34034,3.19,1
2014.08.11,00:54:53.078,1.34036,1.34034,1.5,1.13
2014.08.11,00:54:53.382,1.34034,1.34032,1,1.13
2014.08.11,00:54:53.686,1.34033,1.34031,2.44,1.5
2014.08.11,00:54:53.989,1.34033,1.34031,1.69,1.5
2014.08.11,00:54:54.444,1.34032,1.3403,1,1.88
2014.08.11,00:54:55.650,1.34032,1.34028,5.44,5.25
2014.08.11,00:54:56.162,1.34031,1.34028,1.25,3
2014.08.11,00:54:56.687,1.34032,1.3403,1,3
2014.08.11,00:54:56.991,1.34033,1.34032,1.5,1.5
2014.08.11,00:54:59.372,1.34032,1.3403,1,2.82
2014.08.11,00:54:59.473,1.34032,1.3403,1,2.82
2014.08.11,00:54:59.675,1.34031,1.34029,1,3.19
2014.08.11,00:54:59.878,1.3403,1.34028,3.3,3.94
2014.08.11,00:55:00.383,1.34029,1.34027,1.5,1
2014.08.11,00:55:00.889,1.34029,1.34026,1.5,1.69
2014.08.11,00:55:01.901,1.34027,1.34026,1,1
2014.08.11,00:55:02.205,1.34027,1.34024,2.25,1
2014.08.11,00:55:03.137,1.34026,1.34024,1,2.25
2014.08.11,00:55:03.694,1.34027,1.34024,1,2.44
2014.08.11,00:55:04.236,1.34028,1.34025,2.82,1
2014.08.11,00:55:04.792,1.34028,1.34024,2.82,3.19
2014.08.11,00:55:06.231,1.34028,1.34025,1.69,1
2014.08.11,00:55:06.736,1.34028,1.34024,2.44,3.19
2014.08.11,00:55:08.488,1.34028,1.34025,2.44,1
2014.08.11,00:55:09.615,1.34028,1.34024,2.44,3.19
2014.08.11,00:55:10.137,1.34028,1.34025,2.44,1
2014.08.11,00:55:11.585,1.34028,1.34024,2.44,3.94
2014.08.11,00:55:14.070,1.34028,1.34025,2.44,1
2014.08.11,00:55:15.070,1.34028,1.34024,2.44,4.69
2014.08.11,00:55:15.575,1.34028,1.34025,1.69,1
2014.08.11,00:55:18.209,1.34029,1.34025,1.24,1.69
2014.08.11,00:55:18.714,1.34029,1.34025,4.24,1.5
2014.08.11,00:55:19.319,1.34028,1.34024,1.25,5.44
2014.08.11,00:55:19.825,1.34027,1.34024,1.25,5.25
2014.08.11,00:55:20.330,1.34027,1.34024,3.57,1.5
2014.08.11,00:55:26.129,1.34027,1.34024,3,1
2014.08.11,00:55:27.548,1.34027,1.34024,6.94,1
2014.08.11,00:55:30.004,1.34026,1.34024,2.82,1.5
2014.08.11,00:55:33.471,1.34025,1.34023,4.95,1.5
2014.08.11,00:55:33.988,1.34024,1.34023,2.44,1.5
2014.08.11,00:55:34.509,1.34025,1.34022,8.07,1
2014.08.11,00:55:35.017,1.34024,1.34022,1,1
2014.08.11,00:55:35.528,1.34025,1.34022,8.07,1
2014.08.11,00:55:36.038,1.34024,1.34022,1,1
2014.08.11,00:55:38.020,1.34023,1.34022,1,1
2014.08.11,00:55:38.530,1.34024,1.34022,3.19,1
2014.08.11,00:55:39.034,1.34023,1.34022,1,1
2014.08.11,00:55:41.690,1.34024,1.34022,3.19,1
2014.08.11,00:55:42.230,1.34024,1.34022,3.19,1
2014.08.11,00:55:44.894,1.34025,1.34022,8.82,1
2014.08.11,00:55:45.557,1.34024,1.34022,1.25,1
2014.08.11,00:55:48.892,1.34025,1.34022,6.94,1
2014.08.11,00:55:49.858,1.34024,1.34022,1.25,1
2014.08.11,00:55:50.962,1.34024,1.34023,2.44,1
2014.08.11,00:55:51.575,1.34024,1.34022,2.44,1
2014.08.11,00:55:52.211,1.34025,1.34022,5.07,1
2014.08.11,00:55:59.804,1.34025,1.34021,4.69,5.07
2014.08.11,00:56:02.608,1.34024,1.34021,1,5.07
2014.08.11,00:56:02.759,1.34022,1.34021,1,1
2014.08.11,00:56:02.911,1.3402,1.34018,1.25,1
2014.08.11,00:56:03.417,1.3402,1.34017,5.82,1.5
2014.08.11,00:56:03.922,1.34019,1.34016,2.82,1.5
2014.08.11,00:56:06.693,1.3402,1.34018,5.25,1
2014.08.11,00:56:06.795,1.34022,1.34019,1.5,12.98
2014.08.11,00:56:08.774,1.34024,1.34021,3.19,1.13
2014.08.11,00:56:09.336,1.34024,1.34022,3.19,1
2014.08.11,00:56:09.879,1.34024,1.3402,2.44,14.25
2014.08.11,00:56:12.484,1.34024,1.34022,2.25,1
2014.08.11,00:56:13.010,1.34024,1.34021,2.25,2.25
2014.08.11,00:56:14.355,1.34025,1.34022,1.52,1.29
2014.08.11,00:56:14.861,1.34024,1.34022,1.5,1.29
2014.08.11,00:56:15.448,1.34025,1.34022,1.15,1.29
2014.08.11,00:56:17.517,1.34024,1.34022,1.5,1.29
2014.08.11,00:56:18.078,1.34025,1.34021,1.92,6.89
2014.08.11,00:56:19.115,1.34024,1.34022,1.5,1.29
2014.08.11,00:56:19.625,1.34025,1.34022,1.17,1.29
2014.08.11,00:56:20.241,1.34024,1.34022,1.5,1.29
2014.08.11,00:56:20.773,1.34026,1.34022,5.1,1.79
2014.08.11,00:56:22.438,1.34024,1.34022,1.5,1.29
2014.08.11,00:56:22.741,1.34027,1.34025,2.25,3
2014.08.11,00:56:22.792,1.34027,1.34025,1.5,5.25
2014.08.11,00:56:22.894,1.34029,1.34027,1.5,1.5
2014.08.11,00:56:23.205,1.34034,1.34032,1.5,4.71
2014.08.11,00:56:24.323,1.34033,1.34031,1,4.62
2014.08.11,00:56:27.365,1.34034,1.34031,1.5,1.99
2014.08.11,00:56:30.090,1.34034,1.34031,2.25,3.49
2014.08.11,00:56:30.592,1.34034,1.34031,1.5,4.99
2014.08.11,00:56:37.237,1.34032,1.3403,1,5.25
2014.08.11,00:56:37.339,1.34031,1.34029,1.5,2.63
2014.08.11,00:56:37.851,1.34031,1.34028,2.25,2.25
2014.08.11,00:56:43.575,1.3403,1.34028,1,2.25
2014.08.11,00:56:44.030,1.34029,1.34026,3,1.25
2014.08.11,00:56:44.535,1.34028,1.34025,1.5,2.44
2014.08.11,00:56:45.040,1.34026,1.34023,1,4.99
2014.08.11,00:56:45.545,1.34027,1.34023,2.25,4.99
2014.08.11,00:56:46.052,1.34027,1.34023,3.19,4.24
2014.08.11,00:56:57.579,1.34027,1.34024,2.44,1
2014.08.11,00:56:58.672,1.34027,1.34025,2.44,1
2014.08.11,00:57:05.043,1.34028,1.34025,2.25,2.44
2014.08.11,00:57:19.839,1.34027,1.34025,1,1.32
2014.08.11,00:57:38.283,1.34026,1.34025,1,1
2014.08.11,00:57:39.053,1.34026,1.34023,2.44,3.3
2014.08.11,00:57:39.572,1.34025,1.34023,1,1.5
2014.08.11,00:57:46.254,1.34025,1.34022,1.25,3
2014.08.11,00:57:47.008,1.34026,1.34022,4.69,3.19
2014.08.11,00:57:47.271,1.34026,1.34024,3.19,1
2014.08.11,00:57:55.517,1.34026,1.34024,2.25,1
2014.08.11,00:58:00.463,1.34025,1.34024,1,1
2014.08.11,00:58:04.836,1.34024,1.34022,1,3.57
2014.08.11,00:58:04.990,1.34024,1.34022,1,3.57
2014.08.11,00:58:05.143,1.34023,1.34021,4.75,1.5
2014.08.11,00:58:05.446,1.34021,1.34019,1,2.07
2014.08.11,00:58:05.951,1.34021,1.3402,1,1
2014.08.11,00:58:06.455,1.34023,1.34021,1,2.29
2014.08.11,00:58:07.060,1.34023,1.34022,1,1
2014.08.11,00:58:08.974,1.34023,1.34021,1,6.04
2014.08.11,00:58:09.530,1.34023,1.34021,1,6.79
2014.08.11,00:58:14.846,1.34023,1.34021,1,7.54
2014.08.11,00:58:15.665,1.34023,1.34022,1,1
2014.08.11,00:58:16.521,1.34024,1.34022,2.25,1.25
2014.08.11,00:58:20.561,1.34024,1.34021,2.25,10.47
2014.08.11,00:58:21.572,1.34024,1.34022,2.25,1
2014.08.11,00:58:22.702,1.34024,1.34021,2.25,6.12
2014.08.11,00:58:23.376,1.34024,1.34021,2.25,8.97
2014.08.11,00:58:27.434,1.34026,1.34024,2.44,1
2014.08.11,00:58:27.485,1.34026,1.34024,1.25,1
2014.08.11,00:59:05.179,1.34026,1.34025,1,1
2014.08.11,00:59:05.694,1.34026,1.34024,1,3.19
2014.08.11,00:59:09.886,1.34026,1.34025,1,1
2014.08.11,00:59:32.975,1.34027,1.34025,1.25,1.5
2014.08.11,00:59:34.465,1.34026,1.34023,1,2.93
2014.08.11,00:59:34.668,1.34024,1.34023,1,4.24
2014.08.11,00:59:34.870,1.34024,1.34023,1,1.5
2014.08.11,00:59:34.972,1.34025,1.34023,2.25,2.55
2014.08.11,00:59:35.996,1.34026,1.34025,2.25,1
2014.08.11,00:59:37.989,1.34027,1.34025,4.5,1
2014.08.11,00:59:42.241,1.34026,1.34025,1,1
2014.08.11,00:59:43.093,1.34027,1.34025,5.25,1
2014.08.11,00:59:43.641,1.34027,1.34025,4,1
2014.08.11,00:59:50.858,1.34026,1.34024,2.5,1
2014.08.11,00:59:57.700,1.34027,1.34025,3,1.5
2014.08.11,01:00:04.265,1.34027,1.34026,1.25,1
2014.08.11,01:00:04.467,1.34029,1.34025,3.19,8.29
2014.08.11,01:00:06.409,1.34028,1.34026,1,1
2014.08.11,01:00:06.944,1.34027,1.34025,2.44,1
2014.08.11,01:00:07.487,1.34026,1.34024,1,2.55
2014.08.11,01:00:09.233,1.34026,1.34024,1,3.3
2014.08.11,01:00:11.906,1.34025,1.34023,2.5,1.88
2014.08.11,01:00:12.411,1.34025,1.34023,1,3.3
2014.08.11,01:00:12.781,1.34026,1.34023,3.19,4.05
2014.08.11,01:00:13.552,1.34026,1.34024,2.25,1
2014.08.11,01:00:22.925,1.34026,1.34025,1,1
2014.08.11,01:00:24.165,1.34027,1.34026,1.5,1
2014.08.11,01:00:25.171,1.34028,1.34026,1,2.5
2014.08.11,01:00:25.326,1.34029,1.34027,2.25,2.25
2014.08.11,01:00:25.578,1.3403,1.34029,1.88,1
2014.08.11,01:00:25.780,1.3403,1.34027,1,6.19
2014.08.11,01:00:25.882,1.34029,1.34027,1,2.82
2014.08.11,01:00:27.074,1.34029,1.34027,1,3.75
2014.08.11,01:00:34.349,1.34029,1.34027,1,3
2014.08.11,01:00:35.612,1.34028,1.34025,5.1,6.19
2014.08.11,01:00:35.715,1.34025,1.3402,28.42,3.75
2014.08.11,01:00:35.867,1.3402,1.34018,3,1.5
2014.08.11,01:00:35.919,1.34019,1.34018,2.44,1.5
2014.08.11,01:00:36.728,1.34021,1.34019,1.5,2.63
2014.08.11,01:00:36.981,1.34021,1.3402,1,1.5
2014.08.11,01:00:38.169,1.34022,1.3402,3,1.5
2014.08.11,01:00:45.352,1.34021,1.3402,1,1.5
2014.08.11,01:00:46.190,1.34022,1.3402,3,1.5
2014.08.11,01:00:47.590,1.34021,1.34018,1,5.44
2014.08.11,01:00:48.096,1.34022,1.34019,3.94,1
2014.08.11,01:00:48.669,1.34022,1.34019,5.44,1.13
2014.08.11,01:00:49.174,1.34022,1.3402,1.69,1.5
2014.08.11,01:00:55.322,1.34022,1.3402,1.69,1.13
2014.08.11,01:00:55.726,1.34022,1.3402,1.5,1.13
2014.08.11,01:00:56.484,1.34021,1.3402,1,1
2014.08.11,01:00:56.534,1.34021,1.34019,3.75,2.44
2014.08.11,01:00:57.040,1.3402,1.34018,1,1
2014.08.11,01:00:57.561,1.34019,1.34018,1,1.5
2014.08.11,01:00:59.418,1.34019,1.34018,1.5,1
2014.08.11,01:00:59.924,1.34019,1.34016,2.5,1.24
2014.08.11,01:01:01.155,1.34019,1.34017,1.69,1.5
2014.08.11,01:01:03.696,1.34018,1.34017,1.69,1.5
2014.08.11,01:01:03.949,1.34016,1.34014,1,2.63
2014.08.11,01:01:07.132,1.34015,1.34013,1,1.99
2014.08.11,01:01:14.230,1.34014,1.34012,2.5,3
2014.08.11,01:01:14.418,1.34012,1.34011,1,2.25
2014.08.11,01:01:14.469,1.34013,1.3401,1,5.07
2014.08.11,01:01:14.723,1.34009,1.34006,1,3.94
2014.08.11,01:01:14.876,1.34008,1.34006,1,3.94
2014.08.11,01:01:15.028,1.34007,1.34005,1,1.88
2014.08.11,01:01:15.857,1.34006,1.34004,1,2.82
2014.08.11,01:01:16.791,1.34006,1.34004,1,3.19
2014.08.11,01:01:25.944,1.34005,1.34003,1,1.99
2014.08.11,01:01:26.897,1.34006,1.34004,1,1.5
2014.08.11,01:01:29.656,1.34005,1.34003,1,1.24
2014.08.11,01:01:30.187,1.34004,1.34003,1,1
2014.08.11,01:01:30.742,1.34005,1.34003,1,1.8
2014.08.11,01:01:32.828,1.34005,1.34004,1,1
2014.08.11,01:01:33.396,1.34005,1.34003,1,4.99
2014.08.11,01:01:33.953,1.34005,1.34004,1,1
2014.08.11,01:01:34.742,1.34005,1.34003,1,1.99
2014.08.11,01:01:35.501,1.34005,1.34004,1,1
2014.08.11,01:01:36.337,1.34005,1.34003,1,3.87
2014.08.11,01:01:37.750,1.34005,1.34004,1,1
2014.08.11,01:01:54.797,1.34008,1.34005,1.69,1
2014.08.11,01:01:56.076,1.34006,1.34004,1,1.69
2014.08.11,01:02:00.183,1.34008,1.34005,2.44,1
2014.08.11,01:02:04.005,1.34007,1.34003,1,4.69
2014.08.11,01:02:04.510,1.34006,1.34003,1,6.94
2014.08.11,01:02:06.493,1.34008,1.34005,3.19,1.5
2014.08.11,01:02:06.594,1.34005,1.34003,1,1.5
2014.08.11,01:02:06.645,1.34006,1.34003,4.17,1.5
2014.08.11,01:02:07.152,1.34004,1.34001,1,11.48
2014.08.11,01:02:12.212,1.34003,1.34002,1,1.5
2014.08.11,01:02:22.779,1.34003,1.34001,1,6
2014.08.11,01:02:23.722,1.34003,1.34001,1,6.94
2014.08.11,01:02:25.121,1.34004,1.34002,1,1
2014.08.11,01:02:25.648,1.34003,1.34001,1,8.29
2014.08.11,01:02:26.186,1.34003,1.34,1,21
2014.08.11,01:02:34.401,1.34004,1.34002,3,1
2014.08.11,01:02:35.342,1.34004,1.34001,2.25,1.35
2014.08.11,01:02:41.234,1.34002,1.34001,1,4.24
2014.08.11,01:02:41.437,1.34,1.33997,5.13,3
2014.08.11,01:02:41.488,1.33999,1.33997,3.82,2.25
2014.08.11,01:02:41.590,1.33996,1.33994,1,1
2014.08.11,01:02:42.715,1.33997,1.33995,1.5,1
2014.08.11,01:02:45.761,1.33999,1.33996,3.94,1
2014.08.11,01:02:46.405,1.33997,1.33995,1,2.25
2014.08.11,01:02:48.011,1.33997,1.33995,1,2.25
2014.08.11,01:02:51.932,1.33997,1.33995,1,3
2014.08.11,01:02:52.387,1.33997,1.33994,1,2.25
2014.08.11,01:02:54.109,1.33996,1.33994,1,1.32
2014.08.11,01:02:55.042,1.33995,1.33993,1,3.87
2014.08.11,01:03:01.620,1.33995,1.33993,1,1.99
2014.08.11,01:03:04.990,1.33995,1.33994,1,1
2014.08.11,01:03:05.495,1.33997,1.33995,1.69,1
2014.08.11,01:03:06.415,1.33995,1.33994,1,1
2014.08.11,01:03:07.046,1.33997,1.33995,1.5,1
2014.08.11,01:03:07.587,1.33995,1.33994,1,1.13
2014.08.11,01:03:08.213,1.33996,1.33994,1,1.13
2014.08.11,01:03:15.661,1.33996,1.33995,1,1
2014.08.11,01:03:16.311,1.33996,1.33994,1,2.82
2014.08.11,01:03:19.333,1.33996,1.33995,1,1
2014.08.11,01:03:20.862,1.33996,1.33994,1,4.32
2014.08.11,01:03:24.699,1.33996,1.33995,1,1
2014.08.11,01:03:28.441,1.33996,1.33994,1,2.63
2014.08.11,01:03:28.990,1.33996,1.33994,1,2.63
2014.08.11,01:03:30.199,1.33996,1.33994,1,1
2014.08.11,01:03:30.752,1.33995,1.33993,1,1.62
2014.08.11,01:03:31.123,1.33998,1.33995,1.88,2.88
2014.08.11,01:03:31.276,1.34001,1.33998,3.15,7.89
2014.08.11,01:03:31.479,1.34004,1.34,3.19,5.63
2014.08.11,01:03:32.186,1.34005,1.34003,2.44,1.8
2014.08.11,01:03:32.704,1.34005,1.34003,1,2.55
2014.08.11,01:03:34.953,1.34005,1.34003,1,2.93
2014.08.11,01:03:35.459,1.34005,1.34004,1,1
2014.08.11,01:03:35.980,1.34006,1.34004,1,1
2014.08.11,01:03:38.116,1.34005,1.34004,1,1
2014.08.11,01:03:40.777,1.34011,1.34005,13.5,5.13
2014.08.11,01:03:40.879,1.34012,1.34008,4.88,10.13
2014.08.11,01:03:40.931,1.34011,1.34009,3.44,2.63
2014.08.11,01:03:41.336,1.34014,1.34011,1.25,1
2014.08.11,01:03:41.790,1.34015,1.34013,1.88,1
2014.08.11,01:03:42.699,1.34015,1.34012,1,4.99
2014.08.11,01:03:43.217,1.34014,1.34011,1,4.99
2014.08.11,01:03:44.512,1.34013,1.34011,1,1.25
2014.08.11,01:03:44.765,1.34011,1.3401,1.5,1.13
2014.08.11,01:03:44.894,1.34009,1.34007,1,1.25
2014.08.11,01:03:44.946,1.34008,1.34006,1,4.13
2014.08.11,01:03:47.048,1.34007,1.34004,1.5,3.87
2014.08.11,01:03:47.555,1.34006,1.34004,3,1.25
2014.08.11,01:03:56.576,1.34012,1.34006,11.25,3.75
2014.08.11,01:03:57.082,1.34012,1.3401,3.94,1
2014.08.11,01:03:57.234,1.34012,1.34008,4.94,3.94
2014.08.11,01:03:57.747,1.34011,1.34009,2.5,1.13
2014.08.11,01:03:58.605,1.34011,1.34009,1,6.57
2014.08.11,01:03:59.616,1.34011,1.3401,1,1
2014.08.11,01:04:00.122,1.34011,1.34009,1,5.82
2014.08.11,01:04:01.014,1.34011,1.3401,1,1
2014.08.11,01:04:01.548,1.34014,1.34011,1.69,3.75
2014.08.11,01:04:01.901,1.34014,1.34011,1,8.07
2014.08.11,01:04:02.003,1.34015,1.34012,3.57,1.88
2014.08.11,01:04:02.054,1.34015,1.34013,3.57,1
2014.08.11,01:04:02.560,1.34015,1.34013,2.25,1.5
2014.08.11,01:04:03.605,1.34015,1.34012,2.25,2.55
2014.08.11,01:04:03.912,1.34015,1.34012,2.5,1.8
2014.08.11,01:04:04.367,1.34015,1.34013,1.5,1
2014.08.11,01:04:06.100,1.34017,1.34015,3.57,1
2014.08.11,01:04:06.303,1.34017,1.34015,1,4.69
2014.08.11,01:04:06.505,1.3402,1.34016,6,2.25
2014.08.11,01:04:06.758,1.34019,1.34014,4.69,5.44
2014.08.11,01:04:07.276,1.34018,1.34014,6.5,2.25
2014.08.11,01:04:07.800,1.34018,1.34013,6.94,1.99
2014.08.11,01:04:08.622,1.34016,1.34013,2.5,3.12
2014.08.11,01:04:09.134,1.34016,1.34014,2.25,1
2014.08.11,01:04:11.574,1.34016,1.34014,2.5,1
2014.08.11,01:04:12.079,1.34016,1.34013,3.44,1.8
2014.08.11,01:04:12.584,1.34016,1.34013,2.69,1.8
2014.08.11,01:04:13.105,1.34016,1.34014,2.5,1
2014.08.11,01:04:17.678,1.34016,1.34013,3.44,1.05
2014.08.11,01:04:26.522,1.34016,1.34013,2.25,1.99
2014.08.11,01:04:27.649,1.34016,1.34014,1.5,1
2014.08.11,01:04:29.785,1.34016,1.34015,1,1
2014.08.11,01:04:32.171,1.34016,1.34014,1,2.82
2014.08.11,01:04:32.705,1.34016,1.34015,1,1
2014.08.11,01:04:34.507,1.34016,1.34014,1,2.82
2014.08.11,01:04:42.791,1.34016,1.34015,1,1.5
2014.08.11,01:04:43.297,1.34016,1.34014,1,3.19
2014.08.11,01:04:49.403,1.34016,1.34013,1,4.24
2014.08.11,01:04:57.666,1.34016,1.34014,1,1
2014.08.11,01:04:57.970,1.34022,1.3402,4.69,2.25
2014.08.11,01:04:58.223,1.34026,1.34022,5.44,1.69
2014.08.11,01:04:58.729,1.34026,1.34022,1,1.13
2014.08.11,01:05:00.346,1.34026,1.34022,3.44,1.13
2014.08.11,01:05:02.296,1.34026,1.34023,3.44,1
2014.08.11,01:05:03.247,1.34026,1.34022,4.19,2.63
2014.08.11,01:05:06.308,1.34026,1.34023,2.5,1
2014.08.11,01:05:06.868,1.34026,1.34022,3.25,1.88
2014.08.11,01:05:09.044,1.34026,1.34022,3.25,2.63
2014.08.11,01:05:09.398,1.34027,1.34024,2.44,1
2014.08.11,01:05:12.308,1.34027,1.34024,2.69,1
2014.08.11,01:05:12.612,1.34025,1.34022,8.69,1.5
2014.08.11,01:05:12.764,1.34024,1.3402,4.94,4.32
2014.08.11,01:05:12.917,1.34024,1.3402,4.94,4.69
2014.08.11,01:05:13.220,1.34024,1.34021,1,3
2014.08.11,01:05:14.548,1.34024,1.34022,1.69,1.5
2014.08.11,01:05:17.253,1.34025,1.34023,1.88,1
2014.08.11,01:05:17.758,1.34025,1.34024,1.5,1.5
2014.08.11,01:05:19.177,1.34027,1.34024,1.69,2.5
2014.08.11,01:05:23.764,1.34026,1.34023,3.25,1.69
2014.08.11,01:05:24.269,1.34026,1.34022,3.94,1.69
2014.08.11,01:05:24.798,1.34026,1.34023,3.44,1.5
2014.08.11,01:05:26.736,1.34026,1.34023,2.5,1.25
2014.08.11,01:05:38.538,1.34026,1.34023,2.25,2.07
2014.08.11,01:05:40.475,1.34026,1.34024,2.25,1
2014.08.11,01:05:44.182,1.34027,1.34024,1.69,1.5
2014.08.11,01:05:50.531,1.34027,1.34023,1.69,4.69
2014.08.11,01:05:51.057,1.34027,1.34024,1.69,1
2014.08.11,01:05:51.582,1.34028,1.34025,1.25,1.5
2014.08.11,01:05:52.554,1.34029,1.34028,1.69,1
2014.08.11,01:05:52.807,1.34034,1.3403,4.5,1.5
2014.08.11,01:05:52.858,1.34034,1.34031,3.19,1.5
2014.08.11,01:05:53.262,1.34033,1.3403,3.38,4.88
2014.08.11,01:05:53.565,1.34033,1.3403,3.57,2.25
2014.08.11,01:05:53.767,1.34034,1.34032,1.69,1
2014.08.11,01:05:53.919,1.34034,1.34032,1.25,1.5
2014.08.11,01:05:59.104,1.34034,1.3403,3.44,9.19
2014.08.11,01:05:59.558,1.34034,1.34031,5.07,1.5
2014.08.11,01:06:01.297,1.34034,1.3403,3.07,5.44
2014.08.11,01:06:02.167,1.34034,1.34031,2.07,1.5
2014.08.11,01:06:02.675,1.3403,1.34028,4.69,1.5
2014.08.11,01:06:02.978,1.3403,1.34026,11.07,2.85
2014.08.11,01:06:03.180,1.34028,1.34026,2.5,1
2014.08.11,01:06:04.473,1.34028,1.34026,5.82,1
2014.08.11,01:06:04.978,1.34028,1.34025,7.57,1
2014.08.11,01:06:05.282,1.34032,1.34027,4.69,12.27
2014.08.11,01:06:05.788,1.34032,1.34031,1,2.63
2014.08.11,01:06:11.383,1.34032,1.3403,1.5,2.63
2014.08.11,01:06:11.688,1.34032,1.3403,8.48,3
2014.08.11,01:06:12.915,1.3403,1.34027,7.13,3.19
2014.08.11,01:06:13.419,1.34029,1.34026,2.5,1.25
2014.08.11,01:06:18.552,1.34029,1.34026,1.5,1.25
2014.08.11,01:06:32.628,1.34029,1.34026,3.25,1.25
2014.08.11,01:06:33.289,1.34028,1.34025,2.5,1.13
2014.08.11,01:06:33.441,1.34026,1.34024,3.25,2.25
2014.08.11,01:06:33.644,1.34026,1.34023,4.75,1.25
2014.08.11,01:06:33.846,1.34024,1.3402,3.25,24.75
2014.08.11,01:06:34.375,1.34024,1.34021,5.69,2.63
2014.08.11,01:06:34.730,1.34024,1.34021,2.25,3.57
2014.08.11,01:06:35.242,1.34024,1.34022,1.5,1.5
2014.08.11,01:06:51.691,1.34024,1.34021,2.5,3.19
2014.08.11,01:06:59.843,1.34024,1.34021,1,3.12
2014.08.11,01:07:00.360,1.34024,1.34021,1,4.69
2014.08.11,01:07:04.641,1.34024,1.34022,1,1
2014.08.11,01:07:21.132,1.34025,1.34023,2.51,1
2014.08.11,01:07:21.385,1.34025,1.34021,4.76,10.09
2014.08.11,01:07:25.854,1.34025,1.34022,3.82,1
2014.08.11,01:07:26.368,1.34025,1.34022,4.63,1
2014.08.11,01:07:33.361,1.34025,1.34021,7.26,4.24
2014.08.11,01:07:33.914,1.34025,1.34022,5.01,1
2014.08.11,01:07:35.100,1.34025,1.34021,5.35,3.94
2014.08.11,01:07:35.649,1.34025,1.34021,8.01,4.24
2014.08.11,01:07:37.742,1.34025,1.34022,6.88,1
2014.08.11,01:07:38.251,1.34025,1.34021,6.07,1.99
2014.08.11,01:07:41.614,1.34025,1.34022,5.32,1
2014.08.11,01:07:42.119,1.34025,1.34021,6.13,4.24
2014.08.11,01:07:46.899,1.34025,1.34022,9.13,1
2014.08.11,01:07:47.404,1.34025,1.34021,8.73,4.24
2014.08.11,01:08:08.551,1.34025,1.34021,8.89,2.74
2014.08.11,01:08:09.308,1.34024,1.3402,5.69,6.75
2014.08.11,01:08:09.823,1.34023,1.3402,10.25,9
2014.08.11,01:08:11.052,1.34021,1.34019,7.94,1.5
2014.08.11,01:08:14.582,1.3402,1.34017,6.29,2.25
2014.08.11,01:08:14.835,1.3402,1.34015,11.82,2.44
2014.08.11,01:08:14.936,1.34018,1.34015,2.5,1.5
2014.08.11,01:08:25.594,1.34018,1.34015,7.69,1
2014.08.11,01:08:26.731,1.34018,1.34015,6.19,1
2014.08.11,01:08:31.753,1.34018,1.34014,6.19,1
2014.08.11,01:08:48.497,1.34017,1.34015,2.44,1
2014.08.11,01:08:49.024,1.34017,1.34016,2.44,1
2014.08.11,01:08:54.875,1.34017,1.34015,2.25,2.25
2014.08.11,01:09:05.673,1.34016,1.34015,1,1
2014.08.11,01:09:08.394,1.34017,1.34015,1.5,1
2014.08.11,01:09:18.138,1.34017,1.34014,1.5,2.44
2014.08.11,01:09:30.012,1.34017,1.34015,1.69,1
2014.08.11,01:09:35.149,1.34016,1.34015,1,1
2014.08.11,01:09:47.886,1.34017,1.34015,2.44,1
2014.08.11,01:09:57.226,1.34016,1.34015,1.5,1
2014.08.11,01:09:58.412,1.34016,1.34014,1.5,2.25
2014.08.11,01:10:03.316,1.34016,1.34013,2.25,3.38
2014.08.11,01:10:25.862,1.34015,1.34013,1,3.38
2014.08.11,01:10:26.266,1.34014,1.34012,1,3.68
2014.08.11,01:10:26.418,1.34015,1.34011,4.69,5.59
2014.08.11,01:10:26.923,1.34015,1.34013,2.25,1
2014.08.11,01:10:32.195,1.34015,1.34013,2.25,2.16
2014.08.11,01:10:35.151,1.34015,1.34014,1,1
2014.08.11,01:10:37.596,1.34016,1.34014,1,1
2014.08.11,01:10:39.603,1.34017,1.34014,4.69,1
2014.08.11,01:10:42.361,1.34016,1.34014,1,1
2014.08.11,01:10:42.887,1.34016,1.34013,1,1.99
2014.08.11,01:10:59.856,1.34015,1.34012,1,4.62
2014.08.11,01:11:02.038,1.34015,1.34013,1,1.15
2014.08.11,01:11:02.498,1.34014,1.34011,2.5,8.48
2014.08.11,01:11:02.802,1.34012,1.3401,1,5.44
2014.08.11,01:11:02.903,1.34011,1.34009,1,1.5
2014.08.11,01:11:03.106,1.34009,1.34007,1.5,1.13
2014.08.11,01:11:03.258,1.34008,1.34005,1,6.19
2014.08.11,01:11:03.563,1.34009,1.34008,1,2.85
2014.08.11,01:11:04.071,1.34009,1.34007,1,2.25
2014.08.11,01:11:04.576,1.34007,1.34005,1,2.25
2014.08.11,01:11:05.091,1.34006,1.34003,1,5.97
2014.08.11,01:11:12.076,1.34006,1.34005,1,1
2014.08.11,01:11:12.380,1.34012,1.3401,1,4.13
2014.08.11,01:11:13.391,1.34013,1.34011,1,3.98
2014.08.11,01:11:13.895,1.34013,1.34011,1,8.67
2014.08.11,01:11:14.679,1.34013,1.34011,1,7.92
2014.08.11,01:11:15.664,1.34013,1.34011,1,8.67
2014.08.11,01:11:16.691,1.34013,1.34011,1,7.17
2014.08.11,01:11:17.689,1.34013,1.34011,1,7.32
2014.08.11,01:11:17.790,1.34015,1.34012,2.25,1.25
2014.08.11,01:11:17.891,1.34015,1.34013,2.25,1.69
2014.08.11,01:11:17.992,1.34017,1.34015,1.25,1.5
2014.08.11,01:11:18.094,1.34016,1.34013,1,3.19
2014.08.11,01:11:19.076,1.34016,1.34014,1,1
2014.08.11,01:11:19.957,1.34017,1.34014,3.19,1
2014.08.11,01:11:31.069,1.34019,1.34015,4.88,3.85
2014.08.11,01:11:31.120,1.34023,1.34017,17.25,5.5
2014.08.11,01:11:31.630,1.34023,1.34022,1.25,1
2014.08.11,01:11:31.883,1.34023,1.3402,1.25,4.5
2014.08.11,01:11:32.388,1.34022,1.34021,1,1
2014.08.11,01:11:32.900,1.34022,1.3402,1,6.75
2014.08.11,01:11:35.029,1.34022,1.3402,1,7.69
2014.08.11,01:11:39.226,1.34024,1.3402,2.25,9.94
2014.08.11,01:11:55.614,1.34023,1.34021,1,3.38
2014.08.11,01:11:55.715,1.34022,1.3402,1,2.82
2014.08.11,01:11:55.968,1.3402,1.34019,3.38,1
2014.08.11,01:11:56.069,1.34021,1.34019,7.17,1
2014.08.11,01:11:56.271,1.34019,1.34016,3.75,1
2014.08.11,01:11:56.794,1.34019,1.34015,4.69,5.07
2014.08.11,01:11:56.895,1.34019,1.34017,2.44,1
2014.08.11,01:11:57.200,1.34021,1.3402,1,1.5
2014.08.11,01:11:57.756,1.34023,1.3402,1.25,6.3
2014.08.11,01:11:58.296,1.34024,1.3402,3,4.88
2014.08.11,01:12:01.546,1.34024,1.34022,2.25,1
2014.08.11,01:12:02.053,1.34024,1.34021,2.25,7.09
2014.08.11,01:12:10.097,1.34024,1.34021,2.25,9.34
2014.08.11,01:12:11.415,1.34024,1.34021,3,4.84
2014.08.11,01:12:11.959,1.34024,1.34022,2.25,1
2014.08.11,01:12:12.901,1.34024,1.34021,3,4.84
2014.08.11,01:12:13.616,1.34024,1.34022,3,1
2014.08.11,01:12:14.772,1.34024,1.34021,3,4.84
2014.08.11,01:12:15.285,1.34024,1.34022,3,1.25
2014.08.11,01:12:22.114,1.34024,1.34021,1,5.97
2014.08.11,01:12:25.092,1.34024,1.34021,1,6.72
2014.08.11,01:12:27.674,1.34024,1.34021,1,3.87
2014.08.11,01:12:30.428,1.34024,1.34022,1.5,1
2014.08.11,01:12:30.938,1.34023,1.34021,1,5.97
2014.08.11,01:12:34.136,1.34023,1.34021,1,6.34
2014.08.11,01:12:39.381,1.34023,1.34021,1,5.55
2014.08.11,01:12:39.886,1.34022,1.3402,1,8.63
2014.08.11,01:12:40.290,1.34021,1.34019,1,4.69
2014.08.11,01:12:41.027,1.34022,1.34019,1,6.04
2014.08.11,01:12:41.078,1.34022,1.3402,1,2.25
2014.08.11,01:12:41.482,1.34024,1.34021,1,2.07
2014.08.11,01:12:42.141,1.34023,1.34021,1,2.07
2014.08.11,01:12:59.276,1.34022,1.34021,1,1.5
2014.08.11,01:12:59.781,1.34022,1.3402,1.69,1.5
2014.08.11,01:12:59.831,1.3402,1.34018,1,1.69
2014.08.11,01:13:00.638,1.3402,1.34017,1.5,2.82
2014.08.11,01:13:01.925,1.34019,1.34017,1,1.69
2014.08.11,01:13:08.699,1.34021,1.34019,3,2.63
2014.08.11,01:13:08.750,1.34021,1.3402,3,2.1
2014.08.11,01:13:08.952,1.34023,1.3402,2.25,4.54
2014.08.11,01:13:09.457,1.34023,1.34021,1.5,2.25
2014.08.11,01:13:10.107,1.34023,1.3402,3.75,3.6
2014.08.11,01:13:10.209,1.34021,1.34019,1,7.32
2014.08.11,01:13:20.180,1.34021,1.34019,1,5.67
2014.08.11,01:13:21.914,1.34021,1.34019,1,7.17
2014.08.11,01:13:22.416,1.34021,1.3402,1,5.29
2014.08.11,01:13:22.974,1.34023,1.34021,1.5,4.17
2014.08.11,01:13:42.867,1.34024,1.34021,2.74,3.98
2014.08.11,01:13:43.373,1.34023,1.34021,1,1.88
2014.08.11,01:13:45.279,1.34024,1.34021,3.3,2.67
2014.08.11,01:13:51.662,1.34023,1.34021,1,1.88
2014.08.11,01:13:57.834,1.34022,1.34021,1,1
2014.08.11,01:14:01.976,1.34022,1.3402,1,9.98
2014.08.11,01:14:02.684,1.34022,1.3402,1,9.42
2014.08.11,01:14:03.203,1.34022,1.3402,1,9.6
2014.08.11,01:14:04.717,1.34022,1.3402,1,10.35
2014.08.11,01:14:09.558,1.34023,1.34021,1,2.29
2014.08.11,01:14:15.508,1.34022,1.34021,1,2.48
2014.08.11,01:14:19.622,1.34022,1.3402,1,9.79
2014.08.11,01:14:20.383,1.34022,1.3402,1,9.42
2014.08.11,01:14:31.459,1.34023,1.34021,1,1.25
2014.08.11,01:14:48.177,1.34023,1.34022,1,1
2014.08.11,01:14:50.706,1.34023,1.34021,1,1.88
2014.08.11,01:14:51.221,1.34023,1.34021,1,2.07
2014.08.11,01:14:54.034,1.34024,1.34022,1,1
2014.08.11,01:14:54.605,1.34023,1.34021,1,2.82
2014.08.11,01:15:00.436,1.34024,1.34022,1,1
2014.08.11,01:15:06.593,1.34024,1.34022,1,1
2014.08.11,01:15:07.225,1.34024,1.34021,1,3.42
2014.08.11,01:15:11.232,1.34024,1.34022,1,1
2014.08.11,01:15:13.460,1.34024,1.34021,1,4.92
2014.08.11,01:15:14.397,1.34024,1.34022,1,1
2014.08.11,01:15:15.786,1.34023,1.34022,1,1
2014.08.11,01:15:16.290,1.34023,1.34021,1,2.07
2014.08.11,01:15:16.845,1.34025,1.34022,4.32,1
2014.08.11,01:15:17.550,1.34023,1.34021,1,2.07
2014.08.11,01:15:29.357,1.34025,1.34021,2.82,1.53
2014.08.11,01:15:40.151,1.34023,1.34021,1,1.53
2014.08.11,01:15:40.658,1.34025,1.34021,2.82,1.53
2014.08.11,01:15:45.262,1.34023,1.34021,1,1.53
2014.08.11,01:15:45.866,1.34025,1.34021,5.07,1.53
2014.08.11,01:15:47.180,1.34023,1.34021,1,1.53
2014.08.11,01:15:47.682,1.34025,1.34021,4.32,1.53
2014.08.11,01:15:50.439,1.34023,1.34021,1,1.32
2014.08.11,01:16:00.934,1.34024,1.34022,1,1
2014.08.11,01:16:01.439,1.34023,1.34022,1,1.5
2014.08.11,01:16:05.209,1.34023,1.34021,1,1.88
2014.08.11,01:16:23.539,1.34023,1.34021,1,2.07
2014.08.11,01:16:24.085,1.34025,1.34022,7.69,1
2014.08.11,01:16:24.647,1.34023,1.34021,1,2.63
2014.08.11,01:16:25.272,1.34025,1.34022,7.32,1
2014.08.11,01:16:27.726,1.34023,1.34022,1,1.5
2014.08.11,01:16:28.425,1.34025,1.34023,4.5,1.88
2014.08.11,01:16:38.619,1.34023,1.34022,1,1.5
2014.08.11,01:16:39.964,1.34023,1.34021,1,6
2014.08.11,01:16:40.494,1.34023,1.34022,1,1.5
2014.08.11,01:16:43.185,1.34023,1.34021,1,6.3
2014.08.11,01:16:43.734,1.34023,1.34022,1,1.5
2014.08.11,01:16:49.175,1.34023,1.34021,1,3.68
2014.08.11,01:16:49.683,1.34023,1.34021,1,4.43
2014.08.11,01:16:56.317,1.34024,1.34022,1.25,1
2014.08.11,01:16:56.469,1.34024,1.34023,1.69,1.5
2014.08.11,01:17:00.910,1.34024,1.34021,1,4.24
2014.08.11,01:17:00.961,1.34023,1.34021,1,4.24
2014.08.11,01:17:08.932,1.34024,1.34022,1.25,1
2014.08.11,01:17:09.235,1.34025,1.34023,3.04,1
2014.08.11,01:17:17.912,1.34026,1.34024,4.32,1
2014.08.11,01:17:18.670,1.34026,1.34024,4.32,1
2014.08.11,01:17:20.595,1.34026,1.34025,1,1
2014.08.11,01:17:20.747,1.34028,1.34026,2.25,1
2014.08.11,01:17:21.354,1.34029,1.34027,3.94,2.25
2014.08.11,01:17:21.926,1.34029,1.34027,1.69,2.25
2014.08.11,01:17:28.115,1.34028,1.34027,1,2.25
2014.08.11,01:17:28.419,1.3403,1.34028,3.38,1
2014.08.11,01:17:28.942,1.3403,1.34029,1.32,1
2014.08.11,01:17:30.308,1.3403,1.34028,1.32,1.5
2014.08.11,01:17:30.814,1.3403,1.34027,3.57,2.25
2014.08.11,01:17:32.585,1.3403,1.34027,8.82,1.5
2014.08.11,01:17:33.096,1.34027,1.34025,2.13,1.5
2014.08.11,01:17:33.602,1.34027,1.34024,2.88,1
2014.08.11,01:17:34.108,1.34026,1.34024,2.44,1.5
2014.08.11,01:17:35.287,1.34025,1.34024,1,1
2014.08.11,01:17:39.027,1.34026,1.34025,1,1.5
2014.08.11,01:17:41.141,1.34027,1.34025,2.44,1.5
2014.08.11,01:17:41.650,1.34027,1.34025,3.19,1.5
2014.08.11,01:17:43.997,1.34028,1.34025,5.44,2.48
2014.08.11,01:17:44.098,1.34029,1.34027,5.44,1
2014.08.11,01:17:44.250,1.34031,1.34028,3.19,1.5
2014.08.11,01:17:44.351,1.34032,1.3403,1,5.25
2014.08.11,01:17:44.604,1.34033,1.34032,1,1.5
2014.08.11,01:17:45.109,1.34034,1.34032,1.25,2.25
2014.08.11,01:17:45.657,1.34033,1.34032,1,2.25
2014.08.11,01:17:50.360,1.34033,1.34031,1,2.93
2014.08.11,01:17:56.397,1.34033,1.34032,1,1
2014.08.11,01:17:59.730,1.34033,1.34031,1,2.82
2014.08.11,01:18:05.077,1.34033,1.34032,1,1.5
2014.08.11,01:18:24.227,1.34035,1.34033,1.88,1
2014.08.11,01:18:24.531,1.34035,1.34032,1.25,1.8
2014.08.11,01:18:25.796,1.34033,1.34032,1,1
2014.08.11,01:18:29.975,1.34033,1.34031,1,2.82
2014.08.11,01:18:33.894,1.34033,1.34032,1,1
2014.08.11,01:18:34.425,1.34033,1.34031,1,2.82
2014.08.11,01:18:36.774,1.34033,1.34032,1,1
2014.08.11,01:18:40.299,1.34033,1.34031,1,3.19
2014.08.11,01:18:45.684,1.34033,1.34032,1,1
2014.08.11,01:18:49.631,1.34034,1.34032,1,1
2014.08.11,01:18:56.512,1.34034,1.34031,1.25,1.13
2014.08.11,01:18:58.406,1.34032,1.3403,1,6.94
2014.08.11,01:18:58.918,1.34034,1.34031,1,1.32
2014.08.11,01:18:59.470,1.34033,1.34031,1,1.69
2014.08.11,01:19:09.383,1.34032,1.3403,1,7.17
2014.08.11,01:19:13.641,1.34032,1.3403,1,8.85
2014.08.11,01:19:16.055,1.34032,1.3403,1,13.54
2014.08.11,01:19:20.259,1.34032,1.34031,1,1.35
2014.08.11,01:19:25.763,1.34034,1.34032,1.5,1
2014.08.11,01:19:27.909,1.34035,1.34032,5.55,1
2014.08.11,01:19:28.971,1.34034,1.34032,1,1
2014.08.11,01:19:29.476,1.34033,1.34032,1,1
2014.08.11,01:19:29.982,1.34033,1.34031,1,1.25
2014.08.11,01:19:33.296,1.34033,1.34032,1,1
2014.08.11,01:19:33.807,1.34033,1.34031,1,1.5
2014.08.11,01:19:34.989,1.34034,1.34032,2.25,1
2014.08.11,01:19:40.013,1.34033,1.34031,1,2.25
2014.08.11,01:19:46.121,1.34032,1.34031,1,1.5
2014.08.11,01:19:51.038,1.34033,1.34031,1,1.5
2014.08.11,01:20:06.517,1.34033,1.34032,1,1
2014.08.11,01:20:08.854,1.34033,1.3403,1,9.19
2014.08.11,01:20:13.930,1.34032,1.3403,1,6.57
2014.08.11,01:20:19.910,1.34032,1.3403,1,6.57
2014.08.11,01:20:20.508,1.34034,1.3403,3.94,9.07
2014.08.11,01:20:20.609,1.34033,1.3403,1,8.82
2014.08.11,01:20:21.265,1.34034,1.34031,1.25,1
2014.08.11,01:20:22.506,1.34034,1.3403,2.44,11.67
2014.08.11,01:20:23.820,1.34034,1.3403,3.94,9
2014.08.11,01:20:25.054,1.34034,1.3403,1.69,7.69
2014.08.11,01:20:30.230,1.34034,1.3403,3.94,12
2014.08.11,01:20:32.848,1.34034,1.3403,1.5,10.88
2014.08.11,01:20:36.857,1.34035,1.3403,4.32,10.88
2014.08.11,01:20:37.526,1.34034,1.3403,1,11.63
2014.08.11,01:20:59.022,1.34034,1.3403,4.69,9.75
2014.08.11,01:21:01.010,1.34034,1.3403,3.19,9.94
2014.08.11,01:21:01.731,1.34032,1.3403,1,7.32
2014.08.11,01:21:05.184,1.34032,1.3403,1,11.25
2014.08.11,01:21:06.336,1.34031,1.3403,1.5,2.63
2014.08.11,01:21:06.639,1.34026,1.34025,1,1
2014.08.11,01:21:06.740,1.34028,1.34026,1.5,1
2014.08.11,01:21:07.244,1.34027,1.34025,1,4.43
2014.08.11,01:21:29.055,1.34026,1.34024,1,3.57
2014.08.11,01:21:29.560,1.34026,1.34023,1,3.19
2014.08.11,01:22:03.361,1.34025,1.34023,1,1.69
2014.08.11,01:22:05.109,1.34026,1.34023,1,1.69
2014.08.11,01:22:09.703,1.34026,1.34022,2.44,4.32
2014.08.11,01:22:12.477,1.34025,1.34022,1,3.94
2014.08.11,01:22:13.590,1.34024,1.34022,1,2.44
2014.08.11,01:22:13.893,1.34023,1.34022,6.6,1.5
2014.08.11,01:22:13.944,1.34022,1.34019,1.5,6.94
2014.08.11,01:22:13.995,1.34021,1.34019,2.85,4.32
2014.08.11,01:22:14.197,1.34017,1.34014,1,4.13
2014.08.11,01:22:16.145,1.34015,1.34012,1,2.07
2014.08.11,01:22:18.208,1.34015,1.34012,1,2.82
2014.08.11,01:22:18.709,1.34015,1.34013,1,1
2014.08.11,01:22:19.566,1.34015,1.34012,1,3.57
2014.08.11,01:22:20.135,1.34015,1.34013,1,1
2014.08.11,01:22:20.750,1.34016,1.34013,1.69,1.13
2014.08.11,01:22:33.939,1.34014,1.34012,1,4.32
2014.08.11,01:22:34.442,1.34014,1.34012,1,3.57
2014.08.11,01:22:35.148,1.34014,1.34012,1,4.32
2014.08.11,01:22:35.877,1.34014,1.34012,1,3.57
2014.08.11,01:22:38.154,1.34014,1.34012,1,3.57
2014.08.11,01:22:39.173,1.34014,1.34012,1,3.57
2014.08.11,01:22:41.317,1.34014,1.34013,1,1
2014.08.11,01:22:41.622,1.34014,1.34011,1,4.69
2014.08.11,01:22:41.825,1.34012,1.3401,2.25,2.63
2014.08.11,01:22:41.876,1.3401,1.34008,1,5.25
2014.08.11,01:22:42.028,1.34009,1.34008,1.13,1
2014.08.11,01:22:42.079,1.34008,1.34006,1.25,1
2014.08.11,01:22:42.181,1.34008,1.34005,2.44,2.25
2014.08.11,01:22:47.894,1.34009,1.34005,6.57,1.5
2014.08.11,01:22:48.651,1.34007,1.34005,1,1
2014.08.11,01:22:49.979,1.34007,1.34004,1.5,2.07
2014.08.11,01:22:55.518,1.34007,1.34005,2.25,1
2014.08.11,01:22:55.771,1.34009,1.34006,2.25,2.44
2014.08.11,01:22:55.873,1.34011,1.34009,3.19,1
2014.08.11,01:22:56.176,1.34009,1.34007,1,2.44
2014.08.11,01:22:56.581,1.34008,1.34006,1,1.5
2014.08.11,01:22:56.733,1.34007,1.34005,1,1.5
2014.08.11,01:22:58.050,1.34008,1.34005,1.25,1.5
2014.08.11,01:22:59.688,1.34007,1.34005,1,1.5
2014.08.11,01:23:01.206,1.34008,1.34005,1,1.69
2014.08.11,01:23:07.514,1.34007,1.34004,1,1.25
2014.08.11,01:23:15.500,1.34007,1.34004,1.69,1.19
2014.08.11,01:23:16.114,1.34007,1.34004,1.78,1.57
2014.08.11,01:23:21.550,1.34007,1.34004,1,2.25
2014.08.11,01:23:22.069,1.34007,1.34004,1.12,2.25
2014.08.11,01:23:25.651,1.34007,1.34004,1,2.07
2014.08.11,01:23:26.160,1.34007,1.34004,1.03,1.57
2014.08.11,01:23:29.738,1.34007,1.34004,1,4.32
2014.08.11,01:23:30.250,1.34007,1.34004,1.12,3.57
2014.08.11,01:23:32.326,1.34007,1.34005,1,1.13
2014.08.11,01:23:32.962,1.34007,1.34005,1.12,1.32
2014.08.11,01:23:33.491,1.34007,1.34005,1,1.13
2014.08.11,01:23:34.099,1.34007,1.34005,1.12,1.32
2014.08.11,01:23:36.788,1.34007,1.34005,1,1.22
2014.08.11,01:23:37.819,1.34007,1.34004,1,2.25
2014.08.11,01:23:38.328,1.34007,1.34004,1.12,2.44
2014.08.11,01:23:44.144,1.34007,1.34004,1.5,2.44
2014.08.11,01:23:44.649,1.34007,1.34004,1.59,2.44
2014.08.11,01:23:50.907,1.34007,1.34004,1.69,2.44
2014.08.11,01:23:51.458,1.34007,1.34004,1.78,2.44
2014.08.11,01:24:07.526,1.34009,1.34004,5.15,1.69
2014.08.11,01:24:08.062,1.34009,1.34004,5.9,1.88
2014.08.11,01:24:08.566,1.34009,1.34004,7.39,2.44
2014.08.11,01:24:09.070,1.34009,1.34005,4.77,1
2014.08.11,01:24:09.574,1.34009,1.34004,5.52,1.69
2014.08.11,01:24:12.766,1.34009,1.34004,5.14,1.69
2014.08.11,01:24:13.270,1.34009,1.34004,5.14,1.25
2014.08.11,01:24:13.777,1.34009,1.34004,4.39,1.25
2014.08.11,01:24:14.342,1.34009,1.34004,5.71,1.5
2014.08.11,01:24:18.785,1.34009,1.34004,5.14,1.69
2014.08.11,01:24:19.295,1.34009,1.34004,5.89,1.25
2014.08.11,01:24:20.207,1.34009,1.34004,5.14,1.5
2014.08.11,01:24:20.718,1.34009,1.34004,5.89,1.5
2014.08.11,01:24:23.757,1.34009,1.34004,5.14,1.5
2014.08.11,01:24:24.265,1.34009,1.34004,5.89,1
2014.08.11,01:24:25.641,1.34009,1.34004,5.14,1
2014.08.11,01:24:26.168,1.34009,1.34004,6.64,1.5
2014.08.11,01:24:28.403,1.34009,1.34005,5.89,1
2014.08.11,01:24:29.641,1.34009,1.34006,1.33,1
2014.08.11,01:24:29.894,1.34009,1.34006,1,3.6
2014.08.11,01:24:30.400,1.3401,1.34007,1.5,1.5
2014.08.11,01:24:35.791,1.3401,1.34007,2.82,1.5
2014.08.11,01:24:37.694,1.3401,1.34007,2.07,1.5
2014.08.11,01:24:49.225,1.34009,1.34007,1,1.5
2014.08.11,01:24:50.171,1.34009,1.34006,1,3.94
2014.08.11,01:24:50.700,1.34009,1.34007,1,1
2014.08.11,01:24:56.416,1.34009,1.34006,1,5.44
2014.08.11,01:24:59.567,1.34009,1.34007,1,1
2014.08.11,01:25:05.550,1.34009,1.34006,1,5.67
2014.08.11,01:25:09.783,1.3401,1.34006,4.51,4.5
2014.08.11,01:25:10.178,1.3401,1.34008,3.1,1
2014.08.11,01:25:10.229,1.34012,1.34009,3.75,7.5
2014.08.11,01:25:10.532,1.34014,1.34011,3.94,3
2014.08.11,01:25:11.193,1.34013,1.3401,2.25,6.04
2014.08.11,01:25:11.698,1.34013,1.34011,2.5,1.13
2014.08.11,01:25:18.855,1.34013,1.3401,1,8.55
2014.08.11,01:25:19.359,1.34013,1.34011,1,4.32
2014.08.11,01:25:26.037,1.34015,1.34012,2.82,1
2014.08.11,01:25:28.983,1.34013,1.34011,1,2.74
2014.08.11,01:25:31.603,1.34015,1.34012,2.44,1
2014.08.11,01:25:37.479,1.34013,1.34011,1,3.3
2014.08.11,01:25:41.195,1.34012,1.3401,1,5.25
2014.08.11,01:25:41.700,1.34013,1.34011,1.5,1.5
2014.08.11,01:25:47.340,1.34012,1.3401,1,6.94
2014.08.11,01:25:49.433,1.34013,1.34011,1,2.25
2014.08.11,01:25:49.686,1.34011,1.34009,1.5,3.19
2014.08.11,01:25:53.703,1.34011,1.34007,1.5,3.49
2014.08.11,01:25:54.225,1.34011,1.34007,1.5,2.74
2014.08.11,01:25:54.427,1.34011,1.34009,1.25,1.5
2014.08.11,01:25:54.932,1.34012,1.3401,1,1.88
2014.08.11,01:25:55.446,1.34012,1.3401,1,2.07
2014.08.11,01:25:57.167,1.34013,1.34011,1,1.5
2014.08.11,01:25:59.561,1.34013,1.34011,1.5,1.5
2014.08.11,01:26:00.578,1.34013,1.3401,2.5,1.13
2014.08.11,01:26:19.922,1.34013,1.34011,4.06,1.5
2014.08.11,01:26:20.428,1.34013,1.34011,4.06,1.5
2014.08.11,01:26:23.766,1.34012,1.34011,1,1.5
2014.08.11,01:26:43.802,1.34013,1.34011,2.38,3
2014.08.11,01:26:46.768,1.34014,1.34011,2.38,3.75
2014.08.11,01:26:47.172,1.34013,1.34011,1,4.05
2014.08.11,01:26:49.194,1.34013,1.34012,1,1
2014.08.11,01:26:51.460,1.34013,1.34011,1,5.55
2014.08.11,01:26:54.955,1.34013,1.34012,1,1
2014.08.11,01:27:27.441,1.34013,1.34011,1,1.99
2014.08.11,01:27:30.107,1.34013,1.34012,1,1
2014.08.11,01:27:30.625,1.34013,1.34011,1,2.74
2014.08.11,01:27:38.447,1.34012,1.3401,1,4.69
2014.08.11,01:27:38.549,1.34011,1.34009,1,5.63
2014.08.11,01:27:38.701,1.34009,1.34008,1.5,1.5
2014.08.11,01:27:38.752,1.34009,1.34006,1.5,3.94
2014.08.11,01:27:38.803,1.34008,1.34006,1,2.44
2014.08.11,01:27:39.343,1.34007,1.34005,1,1.32
2014.08.11,01:27:41.001,1.34007,1.34004,1,5.29
2014.08.11,01:27:44.466,1.34007,1.34005,1,1
2014.08.11,01:27:46.965,1.34007,1.34004,1,6.79
2014.08.11,01:27:47.400,1.34007,1.34006,1,1
