Date,Time,Ask,Bid,AskVolume,BidVolume
11-08-2014,00:00:00.000,1.67771,1.6776,2.44,1.69
11-08-2014,00:00:06.135,1.67767,1.6776,1,1.19
11-08-2014,00:00:07.145,1.67767,1.67758,1,2.07
11-08-2014,00:00:08.116,1.67767,1.6776,1,1.19
11-08-2014,00:00:11.163,1.67767,1.67761,1,1.19
11-08-2014,00:00:11.847,1.67767,1.67759,1,1.19
11-08-2014,00:00:13.864,1.67767,1.67758,1,2.07
11-08-2014,00:00:13.966,1.67766,1.67756,1,1.77
11-08-2014,00:00:14.169,1.67761,1.67755,1,2.52
11-08-2014,00:00:14.220,1.67761,1.67753,1,1.39
11-08-2014,00:00:14.373,1.67762,1.6775,1.19,3.27
11-08-2014,00:00:14.676,1.67758,1.6775,1,1.19
11-08-2014,00:00:14.967,1.67756,1.67747,1,1.39
11-08-2014,00:00:15.474,1.67754,1.67747,1,1.57
11-08-2014,00:00:16.941,1.67754,1.67746,1,1.57
11-08-2014,00:00:18.985,1.67754,1.67746,1,2.44
11-08-2014,00:00:20.264,1.67756,1.67746,1,2.52
11-08-2014,00:00:21.213,1.67756,1.67745,1,3.34
11-08-2014,00:00:22.779,1.67753,1.67745,1,3.27
11-08-2014,00:00:23.285,1.67754,1.67745,1,3.27
11-08-2014,00:00:23.487,1.67756,1.67745,1.69,3.27
11-08-2014,00:00:25.589,1.67757,1.67746,1.25,1.7
11-08-2014,00:00:25.899,1.67755,1.67746,1,1.7
11-08-2014,00:00:30.410,1.67757,1.67745,1.5,3.34
11-08-2014,00:00:32.652,1.67757,1.67746,1,1.77
11-08-2014,00:00:32.907,1.67757,1.67747,1,1.32
11-08-2014,00:00:33.897,1.6776,1.67747,1.02,1.69
11-08-2014,00:00:34.922,1.6776,1.67748,1,1.37
11-08-2014,00:00:43.932,1.6776,1.67748,1,1.47
11-08-2014,00:00:44.696,1.6776,1.67748,1,2.14
11-08-2014,00:00:47.931,1.6776,1.67749,1,1.37
11-08-2014,00:00:48.925,1.6776,1.67748,1,2.89
11-08-2014,00:00:49.936,1.6776,1.67749,1.32,1.29
11-08-2014,00:00:56.657,1.67758,1.67747,1,1.77
11-08-2014,00:00:57.165,1.67758,1.67746,1,2.89
11-08-2014,00:00:57.765,1.67761,1.67747,3.64,1.29
11-08-2014,00:00:58.070,1.67761,1.67748,2.82,1.77
11-08-2014,00:00:59.031,1.6776,1.67748,1.29,1.02
11-08-2014,00:00:59.082,1.6776,1.67748,1.29,1.77
11-08-2014,00:01:01.585,1.67758,1.67748,1,1.29
11-08-2014,00:01:02.460,1.67758,1.67747,1,1.39
11-08-2014,00:01:07.151,1.67758,1.67748,1,1.29
11-08-2014,00:01:19.860,1.67758,1.67747,1.25,1.27
11-08-2014,00:01:22.602,1.67758,1.67746,1.69,2.89
11-08-2014,00:01:23.918,1.67754,1.67746,1,1.58
11-08-2014,00:01:24.070,1.67752,1.67744,1,1.2
11-08-2014,00:01:24.576,1.67752,1.67742,1,1.77
11-08-2014,00:01:25.914,1.67752,1.67742,1,1.77
11-08-2014,00:01:26.895,1.67752,1.67742,1.25,1.77
11-08-2014,00:01:27.917,1.67752,1.67742,1.19,1.77
11-08-2014,00:01:28.942,1.67752,1.67742,1.25,1.77
11-08-2014,00:01:29.911,1.67752,1.67742,1.25,1.58
11-08-2014,00:01:33.935,1.67752,1.67742,1.69,1.1
11-08-2014,00:01:34.441,1.67752,1.67741,1.77,1
11-08-2014,00:01:35.211,1.67752,1.67741,1.77,1.19
11-08-2014,00:01:39.322,1.67751,1.67742,1.29,1
11-08-2014,00:01:40.243,1.67752,1.67742,1.77,1
11-08-2014,00:01:43.565,1.67751,1.67742,1,1.19
11-08-2014,00:01:44.054,1.6775,1.67742,1.19,1
11-08-2014,00:01:45.180,1.67749,1.67741,1.02,1
11-08-2014,00:01:53.587,1.67748,1.67741,1.19,1
11-08-2014,00:01:53.948,1.67747,1.67738,1.19,1
11-08-2014,00:01:56.599,1.67749,1.67737,2.52,1.38
11-08-2014,00:01:57.205,1.67746,1.67737,1.02,1.63
11-08-2014,00:01:59.705,1.67747,1.67737,2.59,1.32
11-08-2014,00:02:01.614,1.67747,1.67737,2.59,1.69
11-08-2014,00:02:02.591,1.67747,1.67737,1.84,1.13
11-08-2014,00:02:03.097,1.67747,1.67737,1.69,1.38
11-08-2014,00:02:21.767,1.67747,1.67737,1.77,1.63
11-08-2014,00:02:27.103,1.67744,1.67737,1,1.38
11-08-2014,00:02:27.408,1.6774,1.67736,1.1,1
11-08-2014,00:02:27.458,1.6774,1.67734,1.58,1.13
11-08-2014,00:02:27.610,1.6774,1.6773,2.33,2.07
11-08-2014,00:02:27.814,1.67739,1.6773,1.19,1.88
11-08-2014,00:02:28.067,1.67737,1.67727,1.1,1.25
11-08-2014,00:02:28.720,1.67737,1.67727,1.77,1
11-08-2014,00:02:29.231,1.67737,1.67726,1.84,1.69
11-08-2014,00:02:30.764,1.67735,1.67726,1,1.13
11-08-2014,00:02:31.341,1.67735,1.67726,1,1.38
11-08-2014,00:02:35.972,1.67735,1.67726,1,1.25
11-08-2014,00:02:36.023,1.67732,1.67726,1,1
11-08-2014,00:02:36.226,1.6773,1.67723,2.44,1
11-08-2014,00:02:36.327,1.67729,1.67721,1.25,1
11-08-2014,00:02:37.103,1.67729,1.67722,1.25,1
11-08-2014,00:02:37.204,1.67729,1.6772,1.25,1
11-08-2014,00:02:37.306,1.67728,1.6772,1.69,1
11-08-2014,00:02:37.609,1.67725,1.6772,1.25,1
11-08-2014,00:02:37.863,1.67725,1.67716,3.19,1.13
11-08-2014,00:02:38.166,1.67722,1.67712,1.25,1.1
11-08-2014,00:02:38.419,1.67722,1.67714,1.25,1
11-08-2014,00:02:39.278,1.67722,1.67712,1.25,1.1
11-08-2014,00:02:40.436,1.67722,1.67711,1.02,1.77
11-08-2014,00:02:42.129,1.67721,1.67711,1.25,1.69
11-08-2014,00:02:42.608,1.67721,1.67715,1.25,1
11-08-2014,00:02:43.114,1.67724,1.67715,1.77,1
11-08-2014,00:02:47.831,1.67721,1.67715,1.25,1
11-08-2014,00:02:47.882,1.67721,1.67713,2.82,1
11-08-2014,00:02:47.933,1.67719,1.67713,1.25,1
11-08-2014,00:02:48.085,1.67719,1.67711,1.25,1
11-08-2014,00:02:48.609,1.67719,1.6771,2.44,1.25
11-08-2014,00:02:49.141,1.67718,1.6771,1.25,1
11-08-2014,00:02:50.978,1.67719,1.6771,1,1
11-08-2014,00:02:51.748,1.67719,1.67708,1.69,2.44
11-08-2014,00:02:52.965,1.67719,1.67708,1.69,1.88
11-08-2014,00:02:59.978,1.67718,1.67708,1.69,1.5
11-08-2014,00:03:00.079,1.67715,1.67708,1.25,1
11-08-2014,00:03:00.383,1.67714,1.67707,1.29,1
11-08-2014,00:03:02.559,1.67714,1.67707,1.1,1
11-08-2014,00:03:03.609,1.67716,1.67707,1.27,1
11-08-2014,00:03:04.115,1.67717,1.67707,3.27,1
11-08-2014,00:03:04.983,1.67717,1.67707,2.52,1
11-08-2014,00:03:05.893,1.67717,1.67706,2.52,1.69
11-08-2014,00:03:07.961,1.67717,1.67706,3.27,1.69
11-08-2014,00:03:20.586,1.67716,1.67706,1.23,1.69
11-08-2014,00:03:21.888,1.67715,1.67706,1.15,1.5
11-08-2014,00:03:22.394,1.67714,1.67705,1.39,1
11-08-2014,00:03:22.748,1.67713,1.67705,1.69,1
11-08-2014,00:03:23.203,1.67713,1.67703,1.77,1.25
11-08-2014,00:03:24.839,1.67713,1.67703,1.27,1.25
11-08-2014,00:03:25.386,1.67714,1.67703,1.69,1
11-08-2014,00:03:25.898,1.67712,1.67703,1,1
11-08-2014,00:03:26.570,1.67714,1.67703,2.44,1
11-08-2014,00:03:31.173,1.67712,1.67703,1,1
11-08-2014,00:03:31.692,1.67714,1.67703,2.44,1
11-08-2014,00:03:32.249,1.67714,1.67703,1.29,1.69
11-08-2014,00:03:36.162,1.67713,1.67705,1.25,1
11-08-2014,00:03:36.667,1.67715,1.67706,1.27,1
11-08-2014,00:03:37.173,1.67715,1.67704,1.27,1.5
11-08-2014,00:03:37.679,1.67716,1.67704,1.77,1.69
11-08-2014,00:03:40.969,1.67716,1.67705,1.33,1.19
11-08-2014,00:03:41.020,1.67718,1.67705,1.84,1.19
11-08-2014,00:03:42.167,1.67719,1.67706,5.44,1.69
11-08-2014,00:03:42.672,1.67719,1.67706,2.97,2.44
11-08-2014,00:03:43.176,1.67719,1.67706,2.22,2.44
11-08-2014,00:03:44.947,1.67721,1.67706,4.69,4.69
11-08-2014,00:03:45.339,1.67721,1.6771,1.84,1.69
11-08-2014,00:03:45.643,1.67724,1.67712,2.22,1.19
11-08-2014,00:03:46.048,1.67726,1.67716,1.2,1.25
11-08-2014,00:03:46.554,1.67726,1.67716,1,1.19
11-08-2014,00:03:47.377,1.67727,1.67716,1.1,1.19
11-08-2014,00:03:50.356,1.67729,1.67716,2.52,1.19
11-08-2014,00:03:51.350,1.67729,1.67716,2.52,1.19
11-08-2014,00:03:52.352,1.67728,1.67716,1.37,1.19
11-08-2014,00:03:54.356,1.67728,1.67716,1.84,1.25
11-08-2014,00:03:56.395,1.67726,1.67716,1.19,1.25
11-08-2014,00:03:58.277,1.67726,1.67715,1.19,1.29
11-08-2014,00:03:58.379,1.67729,1.67724,1.08,1
11-08-2014,00:03:58.480,1.67732,1.67726,1,1.25
11-08-2014,00:03:58.734,1.67734,1.67726,1,1.57
11-08-2014,00:03:58.835,1.67738,1.67726,1.25,1.57
11-08-2014,00:03:59.341,1.67738,1.67726,1.19,1.69
11-08-2014,00:03:59.929,1.67738,1.67726,1.19,1.69
11-08-2014,00:04:00.384,1.6774,1.67726,1.34,2.44
11-08-2014,00:04:02.376,1.67741,1.67728,1.77,1.19
11-08-2014,00:04:05.500,1.67741,1.67728,1.47,1.25
11-08-2014,00:04:06.070,1.67741,1.67729,1.47,1
11-08-2014,00:04:06.604,1.67741,1.67728,1.47,1.25
11-08-2014,00:04:09.502,1.67741,1.67728,1.39,1.19
11-08-2014,00:04:11.494,1.67743,1.67729,3.57,1.32
11-08-2014,00:04:13.497,1.67742,1.67729,1.19,2.14
11-08-2014,00:04:14.534,1.67743,1.67729,1.77,1.67
11-08-2014,00:04:16.503,1.67741,1.67729,1.19,1.67
11-08-2014,00:04:17.040,1.67743,1.67729,2.14,2.14
11-08-2014,00:04:17.712,1.67744,1.67731,3.19,1.77
11-08-2014,00:04:18.016,1.67743,1.67732,1.19,1.25
11-08-2014,00:04:20.862,1.67742,1.67729,1.69,1.58
11-08-2014,00:04:22.923,1.67741,1.67729,1.19,1.02
11-08-2014,00:04:24.344,1.67743,1.67729,1.69,1.77
11-08-2014,00:04:24.648,1.67741,1.67732,1.19,1.58
11-08-2014,00:04:24.750,1.67743,1.67732,1.25,1.84
11-08-2014,00:04:25.255,1.67743,1.67735,1.25,1
11-08-2014,00:04:25.759,1.67743,1.67735,1.19,1
11-08-2014,00:04:27.976,1.67743,1.67733,1.19,1.09
11-08-2014,00:04:28.757,1.67744,1.67733,1.19,1.2
11-08-2014,00:04:29.738,1.67743,1.67733,1.19,1.09
11-08-2014,00:04:30.757,1.67744,1.67732,1.19,3.34
11-08-2014,00:04:31.769,1.67743,1.67732,1.19,3.34
11-08-2014,00:04:34.667,1.67742,1.67732,1.19,3.34
11-08-2014,00:04:40.975,1.67742,1.67732,1.19,1.58
11-08-2014,00:04:41.670,1.67741,1.67732,1.19,1.58
11-08-2014,00:04:42.658,1.67742,1.67732,1.19,1.58
11-08-2014,00:04:43.595,1.67743,1.67732,1.19,1.77
11-08-2014,00:04:44.606,1.67743,1.67732,1.25,2.52
11-08-2014,00:04:47.206,1.67743,1.67732,1.19,2.33
11-08-2014,00:04:49.480,1.67743,1.67732,1.19,1.65
11-08-2014,00:04:53.224,1.67742,1.67732,1.19,1.84
11-08-2014,00:04:54.151,1.67742,1.67732,1.19,1.69
11-08-2014,00:04:54.808,1.67742,1.67732,1.19,3.94
11-08-2014,00:04:56.697,1.67743,1.67732,1.19,3.75
11-08-2014,00:04:57.554,1.67743,1.67732,1.19,1.5
11-08-2014,00:04:59.838,1.67742,1.67733,1.19,1
11-08-2014,00:05:00.840,1.67743,1.67733,1.19,1.25
11-08-2014,00:05:01.802,1.67744,1.67733,1.19,1
11-08-2014,00:05:02.821,1.67743,1.67733,1.19,1.25
11-08-2014,00:05:05.568,1.67741,1.67732,1,1.69
11-08-2014,00:05:05.619,1.67741,1.67735,1,1
11-08-2014,00:05:05.720,1.67741,1.67733,1,1.25
11-08-2014,00:05:06.226,1.67741,1.67732,1.25,1.69
11-08-2014,00:05:06.646,1.67739,1.67731,1.19,1
11-08-2014,00:05:06.899,1.67739,1.67728,1.19,1.47
11-08-2014,00:05:07.627,1.67739,1.67728,1.19,1.1
11-08-2014,00:05:09.623,1.67738,1.67727,1.19,2.22
11-08-2014,00:05:20.527,1.67738,1.67727,1.19,1.1
11-08-2014,00:05:25.061,1.67738,1.67727,1.25,1.19
11-08-2014,00:05:27.069,1.67738,1.67727,1.19,1.69
11-08-2014,00:05:28.090,1.67737,1.67727,1.19,1.25
11-08-2014,00:05:34.337,1.67736,1.67728,1.25,1
11-08-2014,00:05:34.948,1.67736,1.67726,1.25,1.32
11-08-2014,00:05:35.491,1.67736,1.67726,1.19,1.32
11-08-2014,00:05:36.278,1.67736,1.67726,1.19,1.63
11-08-2014,00:05:37.125,1.67737,1.67726,1.19,1.38
11-08-2014,00:05:39.408,1.67737,1.67728,1.19,1
11-08-2014,00:05:41.532,1.67737,1.67728,1.25,1.58
11-08-2014,00:05:42.542,1.67736,1.67728,1.19,1.58
11-08-2014,00:05:48.522,1.67737,1.67728,1.69,1.58
11-08-2014,00:06:00.435,1.67739,1.67728,1.69,1.58
11-08-2014,00:06:01.536,1.6774,1.67728,2.14,1.29
11-08-2014,00:06:03.540,1.6774,1.67728,1.39,1.77
11-08-2014,00:06:04.564,1.6774,1.67728,2.14,1.29
11-08-2014,00:06:05.587,1.6774,1.67728,1.39,1.77
11-08-2014,00:06:16.711,1.6774,1.67728,2.14,1.29
11-08-2014,00:06:17.679,1.6774,1.67728,1.39,1.29
11-08-2014,00:06:20.195,1.67741,1.6773,1.02,1
11-08-2014,00:06:23.395,1.67741,1.67728,1.02,1.77
11-08-2014,00:06:27.109,1.67741,1.67728,1.02,2.89
11-08-2014,00:06:27.684,1.67741,1.67728,1.77,3.64
11-08-2014,00:06:30.741,1.67742,1.6773,4.77,1.88
11-08-2014,00:06:32.395,1.67741,1.6773,1.39,1.25
11-08-2014,00:06:43.349,1.67738,1.67728,1.25,1.53
11-08-2014,00:06:43.855,1.67741,1.67729,3.19,1.47
11-08-2014,00:06:44.260,1.67741,1.67729,3.19,1.77
11-08-2014,00:06:44.362,1.67741,1.67729,3.19,1.47
11-08-2014,00:06:46.729,1.6774,1.67729,1.32,1.47
11-08-2014,00:06:47.312,1.6774,1.67729,1.32,1.09
11-08-2014,00:06:49.949,1.6774,1.67729,1.32,1.47
11-08-2014,00:06:51.472,1.67741,1.67729,1.69,1.77
11-08-2014,00:06:53.735,1.6774,1.67729,1.32,1.47
11-08-2014,00:06:55.564,1.67741,1.67729,2.44,2.22
11-08-2014,00:06:56.876,1.67741,1.67728,3.19,2.22
11-08-2014,00:06:59.887,1.67741,1.67728,2.44,1.72
11-08-2014,00:07:00.297,1.67742,1.6773,3.19,1.38
11-08-2014,00:07:00.960,1.67742,1.6773,3.19,1
11-08-2014,00:07:01.508,1.67742,1.6773,2.44,1.63
11-08-2014,00:07:03.341,1.67742,1.6773,2.44,1.25
11-08-2014,00:07:03.645,1.67741,1.6773,1.32,1.25
11-08-2014,00:07:04.239,1.67741,1.6773,1.32,1.63
11-08-2014,00:07:04.786,1.67741,1.6773,1.32,1.32
11-08-2014,00:07:05.597,1.67742,1.6773,3.19,1.32
11-08-2014,00:07:06.595,1.67742,1.6773,3.19,1.13
11-08-2014,00:07:07.096,1.67742,1.6773,3.19,1.38
11-08-2014,00:07:07.614,1.67742,1.6773,2.44,1.63
11-08-2014,00:07:09.694,1.67742,1.6773,4.69,1.38
11-08-2014,00:07:11.332,1.67742,1.67732,5.52,1
11-08-2014,00:07:11.636,1.67728,1.67718,6.38,3.19
11-08-2014,00:07:11.688,1.67723,1.67712,1.88,2.63
11-08-2014,00:07:11.790,1.67718,1.67712,1.19,1.2
11-08-2014,00:07:11.992,1.67717,1.67707,1.19,1.28
11-08-2014,00:07:12.094,1.67715,1.67706,1.19,1.2
11-08-2014,00:07:12.499,1.67711,1.67704,1.25,1.58
11-08-2014,00:07:12.651,1.67714,1.67702,1.98,1.88
11-08-2014,00:07:12.754,1.67715,1.67704,2.07,1.1
11-08-2014,00:07:12.804,1.67715,1.67705,1.69,2.25
11-08-2014,00:07:12.856,1.67715,1.67702,2.44,1.02
11-08-2014,00:07:12.906,1.67716,1.67704,3.19,1.29
11-08-2014,00:07:13.211,1.67714,1.67704,1.57,1.1
11-08-2014,00:07:13.717,1.67714,1.67703,1.57,1.25
11-08-2014,00:07:19.332,1.67711,1.67703,1.19,1.5
11-08-2014,00:07:19.636,1.67716,1.67703,4.02,1.39
11-08-2014,00:07:19.687,1.67716,1.67706,1.69,1.1
11-08-2014,00:07:19.738,1.67719,1.67706,2.52,1.1
11-08-2014,00:07:20.275,1.67719,1.67707,2.44,1.1
11-08-2014,00:07:20.528,1.67719,1.67707,1.69,1.1
11-08-2014,00:07:21.035,1.67719,1.67707,1.69,1.29
11-08-2014,00:07:22.210,1.67719,1.67707,1.69,2.44
11-08-2014,00:07:22.703,1.67718,1.67707,1.19,2.44
11-08-2014,00:07:23.705,1.67718,1.67707,1.25,2.44
11-08-2014,00:07:26.731,1.67718,1.67708,1,1.34
11-08-2014,00:07:32.043,1.67719,1.67708,1.69,1.34
11-08-2014,00:07:32.553,1.67719,1.67707,1.69,3.57
11-08-2014,00:07:33.571,1.67719,1.67707,1.69,1.69
11-08-2014,00:07:33.877,1.67719,1.67711,1,1.08
11-08-2014,00:07:34.181,1.67724,1.67713,1.94,1.58
11-08-2014,00:07:34.536,1.67724,1.67716,1.32,1
11-08-2014,00:07:35.077,1.67724,1.67716,1,1.37
11-08-2014,00:07:35.229,1.67728,1.67717,1.19,1.23
11-08-2014,00:07:36.048,1.67729,1.67717,2.07,2.52
11-08-2014,00:07:37.064,1.67729,1.67717,2.82,2.52
11-08-2014,00:07:37.368,1.67732,1.67717,2.59,2.89
11-08-2014,00:07:37.470,1.67732,1.6772,1.37,1.69
11-08-2014,00:07:43.368,1.67733,1.67719,1.95,3.08
11-08-2014,00:07:43.469,1.67733,1.6772,2.89,1.27
11-08-2014,00:07:44.455,1.67733,1.67719,2.14,3.27
11-08-2014,00:07:44.924,1.67733,1.67721,2.07,1.23
11-08-2014,00:07:46.456,1.67733,1.67721,1.32,2.52
11-08-2014,00:07:53.517,1.67732,1.67721,1.19,2.52
11-08-2014,00:07:53.568,1.67734,1.67721,2.07,2.33
11-08-2014,00:07:57.592,1.67734,1.67721,2.07,2.33
11-08-2014,00:07:57.845,1.67734,1.67721,1.77,1.5
11-08-2014,00:08:01.314,1.67733,1.6772,1.39,1.19
11-08-2014,00:08:01.416,1.67733,1.6772,2.22,1.25
11-08-2014,00:08:02.213,1.67732,1.67719,1.09,1.19
11-08-2014,00:08:02.844,1.67732,1.67719,2.14,1.25
11-08-2014,00:08:05.737,1.67731,1.67718,1.69,4.09
11-08-2014,00:08:07.701,1.67732,1.67719,3.34,1.25
11-08-2014,00:08:10.305,1.67731,1.67719,1.19,1.69
11-08-2014,00:08:10.929,1.67732,1.67719,3.34,1.69
11-08-2014,00:08:12.354,1.67731,1.67718,1.94,2.59
11-08-2014,00:08:13.346,1.6773,1.67718,1.25,2.22
11-08-2014,00:08:16.950,1.67729,1.67718,1.69,1.28
11-08-2014,00:08:18.375,1.67727,1.67717,1.25,2.22
11-08-2014,00:08:23.673,1.6773,1.67717,2.04,1.47
11-08-2014,00:08:25.354,1.67732,1.67719,2.52,1.69
11-08-2014,00:08:26.447,1.67732,1.67721,3.34,1.25
11-08-2014,00:08:26.968,1.67731,1.67721,1,1.09
11-08-2014,00:08:27.350,1.67731,1.67722,1,1.29
11-08-2014,00:08:27.605,1.67736,1.67726,1,1.84
11-08-2014,00:08:27.858,1.67739,1.67728,1,1.19
11-08-2014,00:08:27.909,1.67742,1.6773,4.02,1.02
11-08-2014,00:08:28.896,1.67742,1.67729,4.77,1.27
11-08-2014,00:08:29.402,1.67741,1.67728,1.32,1.33
11-08-2014,00:08:31.159,1.6774,1.67726,2.14,2.14
11-08-2014,00:08:32.242,1.6774,1.67726,2.52,2.14
11-08-2014,00:08:34.142,1.6774,1.67727,2.14,1.37
11-08-2014,00:08:42.110,1.67741,1.67727,1.09,1.84
11-08-2014,00:08:43.087,1.67741,1.67728,1.84,1.29
11-08-2014,00:08:44.116,1.6774,1.67727,1.02,1.47
11-08-2014,00:08:46.440,1.67741,1.67727,1.69,2.44
11-08-2014,00:08:48.195,1.67741,1.67728,1.69,1.34
11-08-2014,00:08:55.209,1.6774,1.67727,1.32,1.77
11-08-2014,00:08:56.233,1.67741,1.67728,2.04,1.19
11-08-2014,00:09:03.576,1.67738,1.67727,1.69,1.1
11-08-2014,00:09:04.671,1.67739,1.67727,1.32,1.39
11-08-2014,00:09:06.232,1.67739,1.67727,2.07,1.39
11-08-2014,00:09:08.237,1.67739,1.67727,1.32,1.39
11-08-2014,00:09:15.353,1.67737,1.67726,1.19,2.14
11-08-2014,00:09:16.552,1.67737,1.67726,1,2.52
11-08-2014,00:09:18.648,1.67736,1.67726,1,2.52
11-08-2014,00:09:18.951,1.67734,1.67724,1,4.77
11-08-2014,00:09:19.002,1.67734,1.67724,1.5,1.5
11-08-2014,00:09:19.508,1.67735,1.67722,1,2.82
11-08-2014,00:09:20.252,1.67736,1.67724,1.19,1.33
11-08-2014,00:09:27.352,1.67737,1.67723,3.64,1.37
11-08-2014,00:09:28.512,1.67735,1.67723,1.19,1.39
11-08-2014,00:09:29.710,1.67735,1.67722,1.19,1.34
11-08-2014,00:09:30.933,1.67737,1.67723,1.84,3.34
11-08-2014,00:09:31.239,1.67738,1.67726,2.44,1.19
11-08-2014,00:09:32.236,1.67738,1.67726,1.69,1.69
11-08-2014,00:09:32.872,1.6774,1.67726,3.34,2.07
11-08-2014,00:09:33.382,1.67738,1.67726,1.32,2.07
11-08-2014,00:09:34.195,1.67739,1.67726,1.67,2.07
11-08-2014,00:09:35.233,1.67739,1.67726,1.67,2.82
11-08-2014,00:09:41.207,1.6774,1.67727,2.82,1.29
11-08-2014,00:09:42.218,1.6774,1.67726,3.19,2.22
11-08-2014,00:09:48.263,1.6774,1.67727,3.34,2.82
11-08-2014,00:09:49.227,1.6774,1.67727,3.34,2.07
11-08-2014,00:09:51.244,1.6774,1.67727,2.59,2.07
11-08-2014,00:09:53.261,1.6774,1.67727,2.59,2.07
11-08-2014,00:09:56.991,1.67737,1.67726,1,1.69
11-08-2014,00:09:57.769,1.67737,1.67726,1.19,1.69
11-08-2014,00:10:00.786,1.67737,1.67726,1.77,1.19
11-08-2014,00:10:01.446,1.67736,1.67725,1.69,1.19
11-08-2014,00:10:01.649,1.67736,1.67722,1.69,6.94
11-08-2014,00:10:02.157,1.67736,1.67723,2.14,1.19
11-08-2014,00:10:02.773,1.67736,1.67723,1.39,1.19
11-08-2014,00:10:04.650,1.67736,1.67723,2.59,1.69
11-08-2014,00:10:09.331,1.67732,1.67723,1.19,1
11-08-2014,00:10:09.483,1.67732,1.6772,1.39,1.32
11-08-2014,00:10:10.417,1.67731,1.67719,1.19,1.69
11-08-2014,00:10:12.297,1.67731,1.67721,1.19,1
11-08-2014,00:10:12.348,1.67732,1.67721,2.89,1.25
11-08-2014,00:10:12.551,1.67732,1.67722,1.39,1.19
11-08-2014,00:10:13.253,1.67736,1.67727,2.25,2.52
11-08-2014,00:10:13.305,1.67739,1.67727,3.19,2.59
11-08-2014,00:10:13.609,1.67739,1.67729,1.25,1.19
11-08-2014,00:10:13.710,1.67742,1.67731,1.02,1.39
11-08-2014,00:10:13.812,1.67742,1.67734,1,1.19
11-08-2014,00:10:13.863,1.67745,1.67734,1.84,1.19
11-08-2014,00:10:14.116,1.67747,1.67737,1.25,1
11-08-2014,00:10:14.167,1.67747,1.67739,1.25,1
11-08-2014,00:10:14.320,1.67749,1.67739,1.1,1.25
11-08-2014,00:10:14.421,1.67749,1.6774,1.1,1.19
11-08-2014,00:10:14.523,1.67751,1.67741,1.77,1.19
11-08-2014,00:10:14.624,1.67751,1.67742,1.1,1.19
11-08-2014,00:10:15.029,1.67751,1.67741,1.1,1.32
11-08-2014,00:10:16.648,1.67752,1.67741,1.09,5.82
11-08-2014,00:10:17.306,1.67753,1.67743,1.19,1.25
11-08-2014,00:10:17.836,1.67755,1.67742,1.77,2.52
11-08-2014,00:10:18.442,1.67755,1.67746,1.08,1
11-08-2014,00:10:18.594,1.67758,1.67746,1.29,1.1
11-08-2014,00:10:18.645,1.67759,1.67746,2.89,1.77
11-08-2014,00:10:18.949,1.67759,1.6775,1.33,1.5
11-08-2014,00:10:33.072,1.6776,1.6775,1.08,1.19
11-08-2014,00:10:33.123,1.67762,1.6775,3.27,1.19
11-08-2014,00:10:33.754,1.67762,1.67753,1.77,1
11-08-2014,00:10:53.528,1.67762,1.67753,1.39,1
11-08-2014,00:10:54.054,1.67763,1.6775,3.34,2.44
11-08-2014,00:10:54.561,1.67763,1.6775,2.59,1.69
11-08-2014,00:10:56.947,1.67762,1.6775,1.84,1.5
11-08-2014,00:10:57.454,1.67762,1.67748,1.84,6.72
11-08-2014,00:10:57.962,1.67761,1.67748,1.77,7.32
11-08-2014,00:10:58.926,1.67761,1.67752,1.77,1
11-08-2014,00:11:01.917,1.67761,1.67749,1.77,1.69
11-08-2014,00:11:05.917,1.67761,1.67749,1.77,1.5
11-08-2014,00:11:07.860,1.6776,1.67752,1.33,1
11-08-2014,00:11:08.064,1.67762,1.67752,1.27,1.25
11-08-2014,00:11:08.570,1.67762,1.67752,2.14,1
11-08-2014,00:11:12.439,1.67761,1.67752,1.77,1
11-08-2014,00:11:13.435,1.67761,1.67752,1.02,1
11-08-2014,00:11:23.636,1.67758,1.67752,1,1
11-08-2014,00:11:23.687,1.67758,1.6775,1,1.5
11-08-2014,00:11:23.889,1.67758,1.67747,1,1.39
11-08-2014,00:11:23.993,1.67761,1.6775,3.27,1
11-08-2014,00:11:24.145,1.67761,1.67748,3.19,1.2
11-08-2014,00:11:25.468,1.67761,1.67748,3.94,1.84
11-08-2014,00:11:28.468,1.67759,1.67747,1,1.84
11-08-2014,00:11:30.467,1.67759,1.67747,1.19,1.84
11-08-2014,00:11:31.381,1.67759,1.67747,1.69,1.15
11-08-2014,00:11:33.492,1.67759,1.67747,1.19,1.4
11-08-2014,00:11:36.584,1.67759,1.67747,1,1.34
11-08-2014,00:11:37.595,1.67761,1.67748,6.19,1.39
11-08-2014,00:11:38.629,1.67761,1.67747,5.44,1.47
11-08-2014,00:11:39.388,1.67761,1.67747,3.94,1.47
11-08-2014,00:11:45.600,1.6776,1.67747,1.32,1.47
11-08-2014,00:11:46.638,1.67761,1.67747,3.94,1.47
11-08-2014,00:11:47.646,1.67761,1.67748,3.94,1.39
11-08-2014,00:11:53.631,1.67761,1.67747,2.44,2.22
11-08-2014,00:11:54.620,1.6776,1.67747,1.32,2.22
11-08-2014,00:11:57.662,1.67761,1.67747,2.07,1.84
11-08-2014,00:11:58.825,1.67761,1.67748,1.32,1.84
11-08-2014,00:11:59.355,1.67761,1.67749,1.32,1.27
11-08-2014,00:11:59.924,1.67762,1.67749,5.44,1.33
11-08-2014,00:12:00.830,1.67761,1.67749,1.69,1.27
11-08-2014,00:12:03.860,1.67762,1.67749,3.19,1.77
11-08-2014,00:12:10.978,1.6776,1.67749,1.32,1.33
11-08-2014,00:12:11.948,1.67761,1.67749,2.44,1.27
11-08-2014,00:12:18.960,1.67761,1.67749,1.69,1.33
11-08-2014,00:12:19.542,1.67761,1.67748,1.69,2.52
11-08-2014,00:12:20.063,1.67761,1.67748,2.44,1.77
11-08-2014,00:12:32.107,1.6776,1.67748,1.57,1.02
11-08-2014,00:12:40.012,1.67761,1.67748,3.57,1.77
11-08-2014,00:12:49.155,1.67761,1.67748,1.57,1.02
11-08-2014,00:12:51.137,1.67761,1.67748,2.07,1.77
11-08-2014,00:12:55.125,1.67761,1.67748,1.57,1.02
11-08-2014,00:12:56.774,1.67762,1.67751,1.58,1.69
11-08-2014,00:12:57.179,1.67766,1.67754,1.25,1.84
11-08-2014,00:12:57.381,1.67766,1.67757,1.5,1.19
11-08-2014,00:12:57.686,1.67768,1.6776,1,1.25
11-08-2014,00:12:58.562,1.67768,1.67759,1,1.25
11-08-2014,00:13:11.590,1.67768,1.67764,1,1.25
11-08-2014,00:13:11.691,1.67768,1.6776,1,1.19
11-08-2014,00:13:12.413,1.67768,1.67758,1,2.44
11-08-2014,00:13:13.369,1.67768,1.67757,1,1.32
11-08-2014,00:13:15.942,1.67771,1.67758,3.57,1.25
11-08-2014,00:13:16.519,1.67772,1.67758,4.09,1.69
11-08-2014,00:13:17.429,1.67768,1.67758,1,1.69
11-08-2014,00:13:23.230,1.67767,1.67757,1,3.27
11-08-2014,00:13:24.053,1.67771,1.67759,1.29,1.25
11-08-2014,00:13:32.257,1.6777,1.67759,1.19,1.25
11-08-2014,00:13:35.321,1.67771,1.67762,1.29,1
11-08-2014,00:13:36.435,1.67772,1.67764,1,4.13
11-08-2014,00:13:36.739,1.67776,1.67765,1.19,1.69
11-08-2014,00:13:36.891,1.67778,1.67766,1,1.47
11-08-2014,00:13:37.397,1.67781,1.67769,2.59,1
11-08-2014,00:13:37.908,1.67781,1.67767,2.59,3.34
11-08-2014,00:13:38.060,1.67781,1.6777,1.84,1.19
11-08-2014,00:13:39.188,1.67781,1.67769,1.25,1.47
11-08-2014,00:13:40.169,1.67781,1.67768,1.69,7.32
11-08-2014,00:13:42.778,1.6778,1.6777,1,4.32
11-08-2014,00:13:43.089,1.67784,1.67772,1.08,1.69
11-08-2014,00:13:43.394,1.67782,1.6778,1,1.19
11-08-2014,00:13:43.445,1.67786,1.6778,1,1.19
11-08-2014,00:13:43.496,1.6779,1.67779,1.18,1.69
11-08-2014,00:13:43.851,1.67791,1.6778,1.25,1.32
11-08-2014,00:13:43.952,1.67791,1.6778,1.69,1.13
11-08-2014,00:13:45.281,1.67791,1.6778,1.27,1.32
11-08-2014,00:13:46.555,1.67791,1.67782,1.19,1
11-08-2014,00:13:47.085,1.67791,1.6778,1.19,1.39
11-08-2014,00:13:48.205,1.67791,1.67782,1.19,1
11-08-2014,00:13:48.777,1.67793,1.67781,1.27,4.69
11-08-2014,00:13:49.770,1.67791,1.67782,1.25,2.07
11-08-2014,00:13:52.042,1.67791,1.67783,1.25,1
11-08-2014,00:13:52.296,1.6779,1.67783,1.19,1
11-08-2014,00:13:52.499,1.67788,1.6778,1.25,5.03
11-08-2014,00:13:53.005,1.67788,1.6778,1.19,4.13
11-08-2014,00:13:54.030,1.67788,1.67778,1.19,1.5
11-08-2014,00:13:54.795,1.67786,1.67778,1.25,1.5
11-08-2014,00:13:59.815,1.67786,1.67778,1.19,1
11-08-2014,00:14:00.897,1.67789,1.67778,1.19,1.25
11-08-2014,00:14:01.021,1.67791,1.67778,1.39,1.19
11-08-2014,00:14:01.542,1.67791,1.67778,1.19,1.77
11-08-2014,00:14:02.051,1.67791,1.67778,1.29,1.19
11-08-2014,00:14:03.832,1.67792,1.6778,1.29,1.19
11-08-2014,00:14:04.339,1.67792,1.67783,1.29,1.5
11-08-2014,00:14:04.942,1.67792,1.67783,1.1,1.5
11-08-2014,00:14:05.532,1.67792,1.67783,1.77,1.5
11-08-2014,00:14:06.039,1.67792,1.67783,1.1,1.5
11-08-2014,00:14:06.140,1.67792,1.67783,2.44,1.5
11-08-2014,00:14:06.444,1.67792,1.67783,1.25,1.69
11-08-2014,00:14:07.055,1.67791,1.67783,1.25,1.5
11-08-2014,00:14:07.561,1.67792,1.67783,1.5,1.5
11-08-2014,00:14:08.102,1.67792,1.67783,2.44,1.5
11-08-2014,00:14:09.036,1.67792,1.67783,2.44,1.5
11-08-2014,00:14:12.034,1.67792,1.67783,1.77,1.5
11-08-2014,00:14:13.045,1.67792,1.67783,1.77,1.5
11-08-2014,00:14:13.604,1.67792,1.67783,2.44,1.5
11-08-2014,00:14:14.131,1.67792,1.67784,3.27,1
11-08-2014,00:14:15.842,1.67792,1.67784,1.58,1.25
11-08-2014,00:14:15.943,1.67792,1.67784,1.1,2.44
11-08-2014,00:14:16.196,1.67798,1.67789,2.44,1
11-08-2014,00:14:17.188,1.67797,1.67789,1.25,1.5
11-08-2014,00:14:19.384,1.67796,1.67789,1,1.5
11-08-2014,00:14:19.894,1.67797,1.67789,1.25,1.5
11-08-2014,00:14:20.262,1.67795,1.67789,1,1.5
11-08-2014,00:14:20.773,1.67798,1.67789,1.84,1
11-08-2014,00:14:21.309,1.67797,1.67789,1.25,1
11-08-2014,00:14:28.087,1.67798,1.67789,1.25,1
11-08-2014,00:14:30.185,1.67798,1.67789,1.19,1
11-08-2014,00:14:31.219,1.67798,1.67789,1.25,1.25
11-08-2014,00:14:59.334,1.67798,1.67789,1.69,1
11-08-2014,00:15:00.357,1.67798,1.67789,1.5,1
11-08-2014,00:15:10.388,1.67798,1.67789,2.44,1
11-08-2014,00:15:11.347,1.67798,1.67788,2.44,1
11-08-2014,00:15:12.063,1.67798,1.67788,1.69,1.25
11-08-2014,00:15:12.646,1.67798,1.67788,2.44,1
11-08-2014,00:15:13.372,1.67798,1.67788,1.69,1
11-08-2014,00:15:17.340,1.67797,1.67788,1,1
11-08-2014,00:15:21.393,1.67797,1.67788,1,1.19
11-08-2014,00:15:22.443,1.67797,1.67788,1,1.69
11-08-2014,00:15:22.650,1.67799,1.67788,1.25,2.44
11-08-2014,00:15:23.161,1.678,1.67789,1.25,1.32
11-08-2014,00:15:23.918,1.678,1.67788,1.19,3.94
11-08-2014,00:15:25.339,1.678,1.67788,1.69,1.5
11-08-2014,00:15:25.441,1.67796,1.67788,1.19,1.5
11-08-2014,00:15:25.950,1.67796,1.67789,1.19,1
11-08-2014,00:15:26.637,1.67797,1.67789,1.19,1
11-08-2014,00:15:36.577,1.67797,1.67788,1.19,1.13
11-08-2014,00:15:39.157,1.67802,1.67791,1.2,5.25
11-08-2014,00:15:39.208,1.67803,1.67791,1.65,6.75
11-08-2014,00:15:39.360,1.67806,1.67795,1.08,1.69
11-08-2014,00:15:39.670,1.67805,1.67798,1,1.19
11-08-2014,00:15:39.822,1.67808,1.67798,1.09,1.19
11-08-2014,00:15:39.974,1.67809,1.67804,1.1,1
11-08-2014,00:15:40.126,1.67811,1.67805,1,1.25
11-08-2014,00:15:40.632,1.67812,1.67804,1.95,1.5
11-08-2014,00:15:41.743,1.67811,1.678,2.22,1.25
11-08-2014,00:15:42.249,1.67811,1.67799,2.22,1.32
11-08-2014,00:15:42.350,1.67805,1.67799,1,1.13
11-08-2014,00:15:42.856,1.67805,1.67798,1,1.69
11-08-2014,00:15:43.676,1.6781,1.67798,2.14,2.07
11-08-2014,00:15:43.727,1.6781,1.67801,2.14,1
11-08-2014,00:15:44.234,1.6781,1.678,1.2,1.69
11-08-2014,00:15:45.890,1.6781,1.67799,1.3,1.25
11-08-2014,00:15:46.092,1.67806,1.67798,1,1
11-08-2014,00:15:46.344,1.67803,1.67793,1,1
11-08-2014,00:15:46.395,1.67802,1.67793,1.77,1
11-08-2014,00:15:46.446,1.67802,1.67789,1.77,1.69
11-08-2014,00:15:46.548,1.67799,1.67789,1.29,1.5
11-08-2014,00:15:47.054,1.678,1.67789,1.47,1.25
11-08-2014,00:15:48.795,1.67801,1.67789,2.52,1.19
11-08-2014,00:15:53.762,1.67801,1.67789,1.77,1.69
11-08-2014,00:15:54.765,1.67801,1.67789,1.39,1.32
11-08-2014,00:15:55.767,1.67801,1.67789,1.39,2.07
11-08-2014,00:15:57.810,1.67801,1.67789,1.39,1.32
11-08-2014,00:16:00.779,1.67801,1.67789,1.39,1.69
11-08-2014,00:16:04.301,1.67801,1.67792,1.02,1
11-08-2014,00:16:04.859,1.67802,1.67792,2.25,1
11-08-2014,00:16:05.721,1.67802,1.67791,1.77,1.19
11-08-2014,00:16:05.924,1.67801,1.67791,1.33,1
11-08-2014,00:16:06.939,1.67799,1.67791,1.19,1
11-08-2014,00:16:07.909,1.678,1.67791,1.02,1
11-08-2014,00:16:08.626,1.67799,1.67791,1.2,1
11-08-2014,00:16:09.145,1.67798,1.67791,1.25,1
11-08-2014,00:16:09.811,1.67795,1.67791,1.25,1
11-08-2014,00:16:10.014,1.67795,1.67788,1.25,1
11-08-2014,00:16:10.526,1.67795,1.67787,1.25,1.5
11-08-2014,00:16:11.032,1.67794,1.67787,1,1.5
11-08-2014,00:16:11.551,1.67794,1.67786,1,1.32
11-08-2014,00:16:16.106,1.67794,1.67786,1,1.69
11-08-2014,00:16:17.156,1.67794,1.67786,1,2.44
11-08-2014,00:16:17.411,1.67799,1.67787,1.19,1.47
11-08-2014,00:16:17.462,1.67801,1.67789,2.22,1.19
11-08-2014,00:16:17.767,1.67796,1.67789,1,1
11-08-2014,00:16:18.272,1.67796,1.67787,1,1.47
11-08-2014,00:16:18.424,1.678,1.67787,1.29,1.47
11-08-2014,00:16:18.475,1.67801,1.67788,2.22,1.29
11-08-2014,00:16:19.477,1.67801,1.67789,1.84,1.69
11-08-2014,00:16:20.141,1.678,1.67789,1,2.89
11-08-2014,00:16:20.648,1.67801,1.67789,1.25,3.27
11-08-2014,00:16:21.534,1.67801,1.67793,1,1.19
11-08-2014,00:16:21.585,1.67803,1.67793,1.95,1.19
11-08-2014,00:16:21.636,1.67803,1.67794,1.1,1.69
11-08-2014,00:16:21.687,1.67805,1.67794,1.5,2.89
11-08-2014,00:16:21.737,1.67805,1.67796,1,1.77
11-08-2014,00:16:22.142,1.67807,1.67798,1.25,2.33
11-08-2014,00:16:22.649,1.6781,1.67797,2.89,1.84
11-08-2014,00:16:23.652,1.6781,1.67798,1.39,2.14
11-08-2014,00:16:24.993,1.6781,1.67799,1.77,1.13
11-08-2014,00:16:28.777,1.67811,1.67799,1.84,1.25
11-08-2014,00:16:29.348,1.67809,1.67797,1,1.84
11-08-2014,00:16:29.399,1.67807,1.67797,1,1.84
11-08-2014,00:16:29.655,1.67807,1.67796,1.88,1.19
11-08-2014,00:16:29.706,1.67807,1.67794,3.57,1.77
11-08-2014,00:16:30.567,1.67807,1.67795,1.88,2.07
11-08-2014,00:16:30.871,1.67811,1.67799,6.64,1.19
11-08-2014,00:16:31.377,1.67811,1.67798,2.52,1.39
11-08-2014,00:16:33.398,1.67811,1.67798,4.77,1.29
11-08-2014,00:16:34.402,1.67811,1.67798,4.77,1.77
11-08-2014,00:16:35.375,1.67811,1.67798,2.89,1.29
11-08-2014,00:16:36.792,1.6781,1.67798,1.29,1.1
11-08-2014,00:16:37.096,1.67806,1.67798,1,1.1
11-08-2014,00:16:37.605,1.67807,1.67797,1,1.77
11-08-2014,00:16:38.112,1.67808,1.67796,1.69,1.39
11-08-2014,00:16:38.926,1.67807,1.67796,1.25,1.39
11-08-2014,00:16:42.926,1.67808,1.67796,1.69,1.64
11-08-2014,00:16:45.359,1.67807,1.67796,1.5,1.32
11-08-2014,00:16:45.864,1.67809,1.67798,1.84,1.32
11-08-2014,00:16:46.737,1.6781,1.67798,2.14,1.32
11-08-2014,00:16:47.498,1.67809,1.67798,1.84,1.32
11-08-2014,00:16:48.615,1.67807,1.67798,1.25,1.13
11-08-2014,00:16:48.919,1.67805,1.67795,1,2.59
11-08-2014,00:16:49.122,1.67805,1.67794,1.25,3.08
11-08-2014,00:16:49.172,1.67803,1.67794,1,1.5
11-08-2014,00:16:49.477,1.678,1.67791,1.19,1.1
11-08-2014,00:16:49.932,1.678,1.67788,1.37,1.69
11-08-2014,00:16:50.473,1.678,1.67789,1.37,1
11-08-2014,00:17:04.037,1.67798,1.67789,2.44,1
11-08-2014,00:17:04.342,1.67793,1.67784,1.19,1.2
11-08-2014,00:17:04.443,1.67792,1.67781,1.02,1.25
11-08-2014,00:17:04.596,1.6779,1.67781,1,1.25
11-08-2014,00:17:04.853,1.67792,1.6778,1.09,1.19
11-08-2014,00:17:05.055,1.6779,1.6778,1.25,1
11-08-2014,00:17:05.561,1.6779,1.67778,1.09,2.07
11-08-2014,00:17:06.079,1.6779,1.67778,1.37,2.07
11-08-2014,00:17:07.245,1.67788,1.67778,1,1.69
11-08-2014,00:17:08.049,1.67788,1.67778,1.69,1.69
11-08-2014,00:17:09.145,1.67788,1.67778,1.69,1.69
11-08-2014,00:17:10.160,1.6779,1.67778,1.37,1.69
11-08-2014,00:17:12.145,1.67789,1.67777,1.19,2.14
11-08-2014,00:17:14.071,1.67786,1.67777,1.19,1.95
11-08-2014,00:17:15.150,1.67787,1.67775,1.19,2.52
11-08-2014,00:17:16.945,1.67787,1.67776,1.19,2.44
11-08-2014,00:17:18.071,1.67788,1.67777,1.69,1.5
11-08-2014,00:17:19.090,1.67787,1.67777,1.19,1.69
11-08-2014,00:17:19.907,1.67787,1.67777,1.19,1.25
11-08-2014,00:17:22.986,1.67787,1.67777,1.19,1.69
11-08-2014,00:17:28.209,1.67788,1.67777,1.69,1.5
11-08-2014,00:17:28.925,1.67788,1.67777,1.69,1.2
11-08-2014,00:17:35.125,1.67788,1.67776,2.52,1.39
11-08-2014,00:17:35.429,1.67786,1.67776,1.19,1.39
11-08-2014,00:17:37.945,1.67786,1.67776,1.19,3.27
11-08-2014,00:17:42.835,1.67786,1.67778,1.19,1
11-08-2014,00:17:43.832,1.67786,1.6778,1.19,1
11-08-2014,00:17:44.336,1.67786,1.6778,1.25,1
11-08-2014,00:17:45.035,1.67788,1.6778,1.69,1
11-08-2014,00:17:46.465,1.67789,1.67779,1.19,1.69
11-08-2014,00:17:47.557,1.67789,1.6778,1.19,1
11-08-2014,00:17:47.659,1.67791,1.67782,2.44,1.5
11-08-2014,00:17:48.164,1.6779,1.67782,1.19,1.5
11-08-2014,00:17:49.162,1.67791,1.67782,1.19,1
11-08-2014,00:17:59.043,1.67789,1.67782,1.19,1
11-08-2014,00:17:59.144,1.67789,1.67779,1.19,1.39
11-08-2014,00:18:00.066,1.67789,1.67779,1.25,1.39
11-08-2014,00:18:00.218,1.67789,1.67782,1.25,1
11-08-2014,00:18:07.558,1.6779,1.67782,1.25,1
11-08-2014,00:18:08.096,1.67791,1.67781,1.69,1.69
11-08-2014,00:18:08.597,1.67791,1.67781,1.25,1.69
11-08-2014,00:18:08.939,1.6779,1.67781,1.19,1.5
11-08-2014,00:18:09.895,1.67789,1.67781,1.19,1
11-08-2014,00:18:14.084,1.67791,1.67781,1.33,1
11-08-2014,00:18:14.544,1.67791,1.67783,1.25,1
11-08-2014,00:18:17.005,1.67792,1.67783,1.25,1
11-08-2014,00:18:20.086,1.67793,1.67783,1.77,1
11-08-2014,00:18:20.592,1.67793,1.67785,1.77,1
11-08-2014,00:18:21.109,1.67792,1.67785,1,1
11-08-2014,00:18:22.315,1.67792,1.67784,1,1
11-08-2014,00:18:25.093,1.67792,1.67784,1.69,1
11-08-2014,00:18:28.103,1.67792,1.67784,1.25,1
11-08-2014,00:18:40.155,1.67793,1.67784,1.02,1
11-08-2014,00:18:40.744,1.67793,1.67785,1.02,1
11-08-2014,00:18:41.350,1.67793,1.67784,1.02,1
11-08-2014,00:18:42.134,1.67792,1.67784,1.19,1
11-08-2014,00:18:51.494,1.67794,1.67784,1.77,1.69
11-08-2014,00:18:51.596,1.67794,1.67786,1,1.69
11-08-2014,00:18:52.000,1.67796,1.67787,1.19,1.5
11-08-2014,00:18:52.556,1.67798,1.67788,1.69,1.88
11-08-2014,00:18:54.592,1.67797,1.67788,1.19,1.88
11-08-2014,00:19:00.668,1.67797,1.67788,1.19,1.5
11-08-2014,00:19:00.718,1.67797,1.67791,1.19,1
11-08-2014,00:19:01.043,1.67797,1.67793,1.19,1
11-08-2014,00:19:01.550,1.67797,1.67792,1.19,1
11-08-2014,00:19:02.007,1.67799,1.67792,1.19,1
11-08-2014,00:19:03.199,1.678,1.67794,1.29,2.25
11-08-2014,00:19:03.402,1.67803,1.67794,1.19,3
11-08-2014,00:19:04.280,1.67803,1.67796,1.25,1.5
11-08-2014,00:19:04.786,1.67803,1.67796,1.25,1
11-08-2014,00:19:08.282,1.67804,1.67796,1.25,1.88
11-08-2014,00:19:09.314,1.67804,1.67796,1.19,1.88
11-08-2014,00:19:10.305,1.67805,1.67796,1.19,1.88
11-08-2014,00:19:12.258,1.67805,1.67796,1.19,1.88
11-08-2014,00:19:15.072,1.67805,1.67796,1.19,1.88
11-08-2014,00:19:16.573,1.67801,1.67796,1,1.88
11-08-2014,00:19:16.675,1.67801,1.67793,1.69,1.5
11-08-2014,00:19:17.194,1.67801,1.67794,1.69,1.13
11-08-2014,00:19:17.717,1.67799,1.67794,1.25,1.13
11-08-2014,00:19:31.859,1.67798,1.67794,1.25,1
11-08-2014,00:19:32.093,1.67798,1.67792,1.25,1
11-08-2014,00:19:39.562,1.67793,1.67789,1,1
11-08-2014,00:19:39.765,1.67795,1.67789,1.02,1
11-08-2014,00:19:39.867,1.67793,1.67786,1,1.5
11-08-2014,00:19:40.372,1.67796,1.67786,1.77,2.25
11-08-2014,00:19:40.524,1.67797,1.67786,1.02,1.69
11-08-2014,00:19:40.625,1.67797,1.6779,1.25,1.5
11-08-2014,00:19:45.450,1.67798,1.6779,1.69,1.5
11-08-2014,00:19:46.281,1.67798,1.67791,1.25,1
11-08-2014,00:19:46.790,1.67798,1.67792,1.25,1
11-08-2014,00:19:47.245,1.67798,1.67794,1.25,2.25
11-08-2014,00:19:47.296,1.67801,1.67794,1,2.25
11-08-2014,00:19:47.397,1.67807,1.67794,1.19,3.15
11-08-2014,00:19:47.803,1.67801,1.67795,1,1.1
11-08-2014,00:19:48.460,1.67801,1.67794,1,1.2
11-08-2014,00:19:48.916,1.67801,1.67794,1,2.33
11-08-2014,00:19:49.119,1.67806,1.67795,1.69,1.58
11-08-2014,00:19:49.574,1.67806,1.67796,1.5,2.59
11-08-2014,00:19:52.518,1.67806,1.67797,1,2.4
11-08-2014,00:19:53.431,1.67806,1.67796,1,1.84
11-08-2014,00:19:54.476,1.67806,1.67796,1,2.52
11-08-2014,00:19:55.117,1.67805,1.67796,1,1.29
11-08-2014,00:19:55.622,1.67806,1.67796,1.69,1.29
11-08-2014,00:19:56.687,1.67806,1.67796,2.44,1.1
11-08-2014,00:19:56.790,1.67805,1.67796,1.39,1
11-08-2014,00:19:56.842,1.67805,1.67794,1.39,1
11-08-2014,00:19:57.804,1.67803,1.67794,1.19,1
11-08-2014,00:20:00.464,1.67802,1.67792,1.25,1.5
11-08-2014,00:20:00.989,1.67802,1.67792,1.19,1.69
11-08-2014,00:20:04.940,1.67802,1.67792,1,1.69
11-08-2014,00:20:09.954,1.67802,1.67792,1,2.44
11-08-2014,00:20:11.024,1.67802,1.67792,1.25,1.5
11-08-2014,00:20:11.532,1.67802,1.67793,1.25,1
11-08-2014,00:20:12.240,1.67802,1.67792,1.25,1
11-08-2014,00:20:13.049,1.67802,1.67792,1.19,1.25
11-08-2014,00:20:15.064,1.67802,1.6779,1.77,1.77
11-08-2014,00:20:19.172,1.67802,1.6779,1.77,1.29
11-08-2014,00:20:20.136,1.67802,1.67791,2.52,1.25
11-08-2014,00:20:21.148,1.67802,1.67791,1.77,1
11-08-2014,00:20:21.752,1.67802,1.6779,1.77,1.77
11-08-2014,00:20:23.168,1.67802,1.6779,1.02,1.77
11-08-2014,00:20:25.462,1.67802,1.67791,1.25,1.33
11-08-2014,00:20:25.969,1.67802,1.67791,1.09,1.25
11-08-2014,00:20:26.475,1.67802,1.67792,1.09,1.5
11-08-2014,00:20:28.044,1.67802,1.67792,1.84,1
11-08-2014,00:20:28.445,1.67802,1.67792,1.09,1.19
11-08-2014,00:20:31.457,1.67802,1.67792,1,1.39
11-08-2014,00:20:33.345,1.67802,1.67795,1,1
11-08-2014,00:20:37.093,1.67797,1.67795,1,1
11-08-2014,00:20:37.196,1.67796,1.67791,1,1.18
11-08-2014,00:20:37.449,1.67802,1.67792,1.69,1.1
11-08-2014,00:20:37.955,1.67802,1.6779,1.77,2.89
11-08-2014,00:20:38.883,1.67803,1.67791,1.77,1.25
11-08-2014,00:20:39.993,1.67803,1.67791,3.19,1.25
11-08-2014,00:20:44.378,1.67802,1.67791,1.37,1.25
11-08-2014,00:20:45.390,1.67803,1.6779,8.14,1.25
11-08-2014,00:20:47.401,1.67803,1.6779,3.64,1.19
11-08-2014,00:20:53.425,1.67802,1.67791,1.37,1.25
11-08-2014,00:20:56.998,1.67803,1.67791,3.27,1.25
11-08-2014,00:20:58.008,1.67802,1.67791,1.37,1.25
11-08-2014,00:20:59.004,1.67803,1.67791,4.02,1.19
11-08-2014,00:21:00.058,1.67802,1.67791,1.37,1.69
11-08-2014,00:21:01.008,1.67803,1.67791,3.27,1.69
11-08-2014,00:21:06.063,1.67802,1.67791,1.29,1.25
11-08-2014,00:21:09.550,1.67801,1.67789,1.19,2.7
11-08-2014,00:21:09.601,1.67797,1.67789,1,1.58
11-08-2014,00:21:09.754,1.67797,1.67788,1.69,1.58
11-08-2014,00:21:11.836,1.67797,1.67787,1,1.84
11-08-2014,00:21:12.343,1.67798,1.67786,1,4.02
11-08-2014,00:21:12.445,1.678,1.67787,1.02,3.72
11-08-2014,00:21:13.462,1.67801,1.67789,1.37,1.19
11-08-2014,00:21:14.929,1.67802,1.67793,1.77,1
11-08-2014,00:21:14.980,1.67802,1.67793,1.1,1.27
11-08-2014,00:21:15.031,1.67802,1.67794,1,1.47
11-08-2014,00:21:15.132,1.67807,1.67795,1.19,2.14
11-08-2014,00:21:15.234,1.67807,1.67796,1.19,1.39
11-08-2014,00:21:16.083,1.67808,1.67797,1.19,1.08
11-08-2014,00:21:17.463,1.67808,1.678,1.19,1
11-08-2014,00:21:17.968,1.67808,1.67799,1.29,1
11-08-2014,00:21:18.120,1.67807,1.67796,1.19,1.29
11-08-2014,00:21:18.626,1.67807,1.67794,1.27,1.77
11-08-2014,00:21:19.274,1.67807,1.67796,1.69,1.2
11-08-2014,00:21:21.555,1.67805,1.67796,1,1.2
11-08-2014,00:21:28.966,1.67806,1.67795,1,1.72
11-08-2014,00:21:30.018,1.67806,1.67795,1.25,1.78
11-08-2014,00:21:33.974,1.67806,1.67795,1.19,1.72
11-08-2014,00:21:35.016,1.67806,1.67795,1.25,1.78
11-08-2014,00:21:35.585,1.67806,1.67795,1.25,1.4
11-08-2014,00:21:35.889,1.67804,1.67795,1,1.1
11-08-2014,00:21:36.092,1.67805,1.67793,1.69,1.5
11-08-2014,00:21:36.193,1.67803,1.67792,1.69,1.25
11-08-2014,00:21:37.316,1.67803,1.6779,1.84,1.69
11-08-2014,00:21:38.347,1.67803,1.67791,1.84,1
11-08-2014,00:21:42.441,1.67802,1.6779,1.29,1.25
11-08-2014,00:21:53.042,1.67802,1.6779,1.77,1.19
11-08-2014,00:21:53.556,1.67802,1.6779,4.77,1.19
11-08-2014,00:21:54.009,1.67802,1.67788,4.77,1.77
11-08-2014,00:21:59.016,1.67801,1.67788,1.84,1.69
11-08-2014,00:22:01.019,1.67801,1.67789,4.09,1.19
11-08-2014,00:22:10.371,1.67795,1.67788,1,1.25
11-08-2014,00:22:10.873,1.67796,1.67788,1,1.25
11-08-2014,00:22:11.486,1.67796,1.67787,1.25,1
11-08-2014,00:22:11.996,1.67796,1.67786,1.25,1.1
11-08-2014,00:22:12.604,1.67795,1.67786,1,1.1
11-08-2014,00:22:13.113,1.67795,1.67786,1,1.5
11-08-2014,00:22:13.268,1.67798,1.67787,2.07,1.58
11-08-2014,00:22:13.370,1.67797,1.67787,1.69,2.33
11-08-2014,00:22:14.541,1.67797,1.67787,1.19,1.5
11-08-2014,00:22:15.488,1.67798,1.67787,1.39,1.5
11-08-2014,00:22:15.691,1.67799,1.67787,1.45,1.19
11-08-2014,00:22:19.170,1.67798,1.67787,1.29,2.44
11-08-2014,00:22:20.685,1.67798,1.67787,1.02,1.69
11-08-2014,00:22:28.705,1.67798,1.67786,1.29,1.77
11-08-2014,00:22:29.688,1.67797,1.67786,1.19,1.77
11-08-2014,00:22:30.808,1.67797,1.67786,1.77,1.25
11-08-2014,00:22:31.788,1.67796,1.67786,1.25,1
11-08-2014,00:22:32.799,1.67795,1.67786,1.19,1
11-08-2014,00:22:33.104,1.67787,1.67785,4.13,1
11-08-2014,00:22:33.257,1.67786,1.67776,2.44,1.69
11-08-2014,00:22:33.764,1.67787,1.67776,5.82,1.19
11-08-2014,00:22:34.018,1.67784,1.67776,1.32,1
11-08-2014,00:22:34.120,1.67781,1.67772,1.1,1
11-08-2014,00:22:34.221,1.67775,1.67767,1.25,1.13
11-08-2014,00:22:34.731,1.67775,1.67766,1.25,1.69
11-08-2014,00:22:34.789,1.67778,1.67766,1.77,1.69
11-08-2014,00:22:41.480,1.67778,1.67771,1.27,1.75
11-08-2014,00:22:41.582,1.67783,1.67775,1.29,1
11-08-2014,00:22:41.633,1.67784,1.67777,1.58,1
11-08-2014,00:22:41.735,1.67788,1.67778,1.32,1.02
11-08-2014,00:22:41.836,1.6779,1.67779,4.13,1.19
11-08-2014,00:22:42.140,1.67797,1.67787,6.19,1.34
11-08-2014,00:22:42.595,1.678,1.67786,1.69,4.69
11-08-2014,00:22:43.100,1.67799,1.67786,1.25,3.94
11-08-2014,00:22:43.354,1.67798,1.67786,1.19,1.84
11-08-2014,00:22:44.319,1.67797,1.67786,1.19,1.37
11-08-2014,00:22:49.838,1.67797,1.67786,1.19,1.2
11-08-2014,00:22:50.828,1.67797,1.67786,1.77,1.25
11-08-2014,00:22:51.851,1.67797,1.67786,1.77,1
11-08-2014,00:22:52.618,1.67797,1.67783,2.14,1.77
11-08-2014,00:22:52.922,1.67794,1.67781,1.77,1.19
11-08-2014,00:22:53.227,1.6779,1.67781,1.25,1
11-08-2014,00:22:53.884,1.6779,1.67782,1.25,1
11-08-2014,00:22:55.966,1.6779,1.67782,1.19,1.5
11-08-2014,00:22:57.995,1.67794,1.67782,2.14,1.5
11-08-2014,00:22:58.097,1.67794,1.67785,1.39,1
11-08-2014,00:22:59.110,1.67794,1.67786,1.19,1
11-08-2014,00:22:59.616,1.67794,1.67786,1.25,1.5
11-08-2014,00:23:01.577,1.67794,1.67786,1.19,1.5
11-08-2014,00:23:02.512,1.67795,1.67785,1,1.25
11-08-2014,00:23:02.665,1.67795,1.67787,1,1
11-08-2014,00:23:03.492,1.67795,1.67789,1,1
11-08-2014,00:23:03.846,1.67798,1.67789,1.19,1
11-08-2014,00:23:04.319,1.678,1.67789,1.27,1.19
11-08-2014,00:23:04.522,1.67801,1.67789,1.32,1.19
11-08-2014,00:23:05.103,1.67801,1.67791,1.32,1
11-08-2014,00:23:06.408,1.67799,1.67789,1.25,1.19
11-08-2014,00:23:07.419,1.678,1.67789,1.19,1
11-08-2014,00:23:08.431,1.678,1.67789,1.25,1.25
11-08-2014,00:23:11.524,1.678,1.67789,1.69,1.19
11-08-2014,00:23:12.034,1.67799,1.67789,1.19,1
11-08-2014,00:23:12.552,1.678,1.67789,1.69,1
11-08-2014,00:23:13.826,1.67799,1.67789,1.69,1
11-08-2014,00:23:14.134,1.67793,1.67789,1,1
11-08-2014,00:23:15.637,1.67792,1.67787,1,1.15
11-08-2014,00:23:16.664,1.67792,1.67787,1,1.25
11-08-2014,00:23:21.125,1.67793,1.67787,1,1.25
11-08-2014,00:23:22.025,1.67792,1.67787,1,1.25
11-08-2014,00:23:22.127,1.67794,1.67787,1,1.25
11-08-2014,00:23:22.228,1.67792,1.67787,1,1.25
11-08-2014,00:23:34.761,1.67792,1.67788,1,1
11-08-2014,00:23:39.156,1.67795,1.67788,1,1.25
11-08-2014,00:23:39.413,1.67793,1.67788,1,1.25
11-08-2014,00:23:39.919,1.67794,1.67788,1,1.25
11-08-2014,00:23:44.133,1.67794,1.67787,1,1.69
11-08-2014,00:23:51.739,1.67793,1.67785,1,2.22
11-08-2014,00:23:58.994,1.67793,1.67785,1,2.22
11-08-2014,00:23:59.652,1.67794,1.67784,1,3.94
11-08-2014,00:24:01.046,1.67795,1.67784,1,3.94
11-08-2014,00:24:01.562,1.67795,1.67788,1,1
11-08-2014,00:24:07.115,1.67795,1.67787,1.25,1.5
11-08-2014,00:24:16.811,1.67796,1.67787,1.25,2.07
11-08-2014,00:24:17.316,1.67795,1.67787,1,1.69
11-08-2014,00:24:20.927,1.67795,1.67787,1,2.25
11-08-2014,00:24:23.480,1.67795,1.67787,1,1
11-08-2014,00:24:23.985,1.67794,1.67786,1,1
11-08-2014,00:24:26.336,1.67794,1.67787,1,1
11-08-2014,00:24:32.058,1.67795,1.67787,1,1
11-08-2014,00:24:32.565,1.67794,1.67787,1,1
11-08-2014,00:24:35.450,1.67794,1.67785,1.25,2.44
11-08-2014,00:24:36.448,1.67794,1.67787,1.25,1
11-08-2014,00:24:41.407,1.67794,1.67787,1,1.69
11-08-2014,00:24:48.819,1.67796,1.67787,1.69,1.5
11-08-2014,00:24:49.335,1.67796,1.67787,1.69,1.5
11-08-2014,00:24:52.300,1.67794,1.67787,1,1.69
11-08-2014,00:25:10.819,1.67796,1.67787,1.25,1.69
11-08-2014,00:25:12.654,1.67795,1.67787,1,1.5
11-08-2014,00:25:13.186,1.67796,1.67787,1,1.5
11-08-2014,00:25:16.186,1.67795,1.67787,1,1.69
11-08-2014,00:25:19.849,1.67795,1.67787,1,1.69
11-08-2014,00:25:22.374,1.67796,1.67787,1,2.52
11-08-2014,00:25:22.886,1.67796,1.67787,1,1.69
11-08-2014,00:25:26.635,1.67795,1.67787,1,1.19
11-08-2014,00:25:26.686,1.67795,1.67786,1,1.2
11-08-2014,00:25:26.737,1.67793,1.67786,4.88,1.2
11-08-2014,00:25:26.838,1.67793,1.67783,5.07,1.69
11-08-2014,00:25:27.243,1.67792,1.6778,2.52,1.02
11-08-2014,00:25:27.749,1.6779,1.6778,1,1.02
11-08-2014,00:25:44.808,1.6779,1.6778,1.19,1.25
11-08-2014,00:25:46.262,1.6779,1.6778,1.77,1.25
11-08-2014,00:25:50.252,1.6779,1.67782,1.02,1
11-08-2014,00:25:51.463,1.6779,1.67779,1.02,1.5
11-08-2014,00:25:51.968,1.67791,1.67778,1.77,2.44
11-08-2014,00:25:52.123,1.6779,1.67778,1.37,2.44
11-08-2014,00:25:53.172,1.6779,1.67778,1.37,2.44
11-08-2014,00:26:14.679,1.67791,1.67778,5.22,2.25
11-08-2014,00:26:14.830,1.67791,1.67779,4.39,3
11-08-2014,00:26:15.084,1.67796,1.67787,1,1.25
11-08-2014,00:26:15.134,1.67793,1.67787,1,1.25
11-08-2014,00:26:15.236,1.67795,1.67786,1,1.29
11-08-2014,00:26:15.489,1.67794,1.67784,1.5,1.63
11-08-2014,00:26:15.591,1.67792,1.67784,1,1
11-08-2014,00:26:15.692,1.67792,1.67782,1.69,1.58
11-08-2014,00:26:15.794,1.6779,1.67782,1,1.5
11-08-2014,00:26:16.338,1.67792,1.67782,1.69,1.5
11-08-2014,00:26:16.699,1.67792,1.67782,2.44,1.5
11-08-2014,00:26:21.717,1.67791,1.67782,1,1
11-08-2014,00:26:22.934,1.67791,1.67782,1.33,1.25
11-08-2014,00:26:23.036,1.67791,1.6778,1.33,2.44
11-08-2014,00:26:24.409,1.6779,1.6778,1.29,1.5
11-08-2014,00:26:26.011,1.67789,1.6778,1.19,1
11-08-2014,00:26:27.304,1.67788,1.67779,1.25,1.5
11-08-2014,00:26:33.298,1.67787,1.67779,1.19,1
11-08-2014,00:26:38.309,1.67789,1.67779,1.39,1
11-08-2014,00:26:45.364,1.67788,1.67779,1.19,1
11-08-2014,00:26:49.449,1.67789,1.67779,1.19,1
11-08-2014,00:26:56.801,1.67788,1.67778,1.25,1.1
11-08-2014,00:26:57.054,1.67791,1.67785,4.32,1
11-08-2014,00:26:57.359,1.67793,1.67785,1.69,1.1
11-08-2014,00:26:57.966,1.67793,1.67785,1.25,1.15
11-08-2014,00:26:58.271,1.67796,1.67786,1.19,1.1
11-08-2014,00:26:58.473,1.67796,1.67786,1.19,1.5
11-08-2014,00:26:59.246,1.67796,1.67789,1.19,1
11-08-2014,00:26:59.751,1.67795,1.67786,1,1.58
11-08-2014,00:26:59.802,1.67796,1.67786,1.25,1.2
11-08-2014,00:26:59.904,1.67793,1.67786,1,1.1
11-08-2014,00:27:00.005,1.67797,1.67786,1.19,1.1
11-08-2014,00:27:00.106,1.67797,1.67786,1.19,1.5
11-08-2014,00:27:00.258,1.67797,1.67786,1.69,1.1
11-08-2014,00:27:00.466,1.67793,1.67788,1,1
11-08-2014,00:27:00.527,1.67797,1.67788,1.19,1
11-08-2014,00:27:02.257,1.67798,1.67788,1.69,1
11-08-2014,00:27:04.305,1.67798,1.67788,1.69,1
11-08-2014,00:27:04.835,1.67798,1.67787,1.69,1.69
11-08-2014,00:27:05.344,1.67798,1.67787,1.69,1.5
11-08-2014,00:27:06.283,1.67797,1.67787,1.19,1.69
11-08-2014,00:27:07.276,1.67798,1.67787,1.19,1.5
11-08-2014,00:27:10.373,1.67798,1.67787,1.69,1.69
11-08-2014,00:27:13.378,1.67798,1.67787,1.19,1.5
11-08-2014,00:27:17.385,1.67797,1.67787,1.19,1.69
11-08-2014,00:27:19.388,1.67798,1.67787,1.19,1.5
11-08-2014,00:27:20.150,1.67796,1.67787,1,1
11-08-2014,00:27:20.504,1.67797,1.67789,1.69,1
11-08-2014,00:27:33.804,1.67797,1.67789,1.25,1
11-08-2014,00:27:36.211,1.67795,1.67787,1,1.27
11-08-2014,00:27:36.615,1.67793,1.67786,1,1.77
11-08-2014,00:27:37.316,1.67796,1.67786,1.69,1.58
11-08-2014,00:27:50.137,1.67795,1.67787,1,1.33
11-08-2014,00:27:50.684,1.67795,1.67787,1.19,1.08
11-08-2014,00:27:51.366,1.67797,1.67787,1.69,1.08
11-08-2014,00:27:53.349,1.67797,1.67787,1.25,1.08
11-08-2014,00:27:55.363,1.67797,1.67786,1.69,1.77
11-08-2014,00:27:56.525,1.67797,1.67786,1.69,1.37
11-08-2014,00:28:03.388,1.67796,1.67787,1,1.29
11-08-2014,00:28:04.396,1.67796,1.67787,1,1.1
11-08-2014,00:28:05.410,1.67796,1.67786,1,1.47
11-08-2014,00:28:08.393,1.67796,1.67786,1,1.47
11-08-2014,00:28:12.383,1.67796,1.67786,1,2.97
11-08-2014,00:28:13.402,1.67796,1.67786,1,2.97
11-08-2014,00:28:15.150,1.67797,1.67786,1.25,1.84
11-08-2014,00:28:15.453,1.67795,1.67786,1,1.84
11-08-2014,00:28:15.757,1.67803,1.67798,1,3
11-08-2014,00:28:15.909,1.67806,1.67798,1.5,3.19
11-08-2014,00:28:16.213,1.67808,1.67798,1,2.44
11-08-2014,00:28:19.242,1.67809,1.678,1.25,1
11-08-2014,00:28:24.303,1.67809,1.678,1.25,1.5
11-08-2014,00:28:24.456,1.67816,1.67807,1,2.25
11-08-2014,00:28:24.557,1.67818,1.67807,1.1,3.19
11-08-2014,00:28:25.013,1.67818,1.67808,1.25,1.13
11-08-2014,00:28:25.569,1.67818,1.67809,1.25,1
11-08-2014,00:28:25.822,1.67817,1.67809,2.25,1
11-08-2014,00:28:25.923,1.67817,1.67807,2.25,1
11-08-2014,00:28:26.125,1.67818,1.67807,2.44,1.13
11-08-2014,00:28:26.328,1.67818,1.6781,1.69,1
11-08-2014,00:28:26.379,1.67819,1.6781,1.29,1
11-08-2014,00:28:27.747,1.6782,1.6781,1.84,1.25
11-08-2014,00:28:29.240,1.67819,1.6781,1.29,1
11-08-2014,00:28:31.248,1.6782,1.6781,1.69,1.25
11-08-2014,00:28:34.750,1.6782,1.6781,1.25,1.19
11-08-2014,00:28:36.739,1.67821,1.6781,1.25,1.25
11-08-2014,00:28:37.254,1.67822,1.67811,1.77,1
11-08-2014,00:28:39.679,1.6782,1.6781,1,1.25
11-08-2014,00:28:42.257,1.6782,1.67809,1,3.94
11-08-2014,00:28:42.308,1.67821,1.67814,1,1
11-08-2014,00:28:42.511,1.67827,1.67816,1.18,1.69
11-08-2014,00:28:42.613,1.67827,1.67822,1.18,1.32
11-08-2014,00:28:42.715,1.67829,1.67821,1.18,1.5
11-08-2014,00:28:42.917,1.67826,1.67817,1,2.33
11-08-2014,00:28:42.968,1.67826,1.67816,1.13,1.33
11-08-2014,00:28:43.120,1.67826,1.67816,1.32,1
11-08-2014,00:28:43.171,1.67825,1.67814,1.19,1
11-08-2014,00:28:43.678,1.67823,1.67811,1.2,1.69
11-08-2014,00:28:45.253,1.67823,1.67811,2.14,1.69
11-08-2014,00:28:46.251,1.67823,1.67811,2.89,1.19
11-08-2014,00:28:47.247,1.67823,1.67811,2.14,1.19
11-08-2014,00:28:48.241,1.67823,1.67811,2.89,1.19
11-08-2014,00:28:49.223,1.67823,1.67811,2.14,2.44
11-08-2014,00:28:51.437,1.67823,1.67811,2.89,1.5
11-08-2014,00:28:56.569,1.67821,1.67809,1.32,1.77
11-08-2014,00:28:59.661,1.67821,1.67809,1.19,2.52
11-08-2014,00:29:00.655,1.6782,1.67809,1.25,1.02
11-08-2014,00:29:04.145,1.67819,1.67807,1,3.34
11-08-2014,00:29:04.652,1.67819,1.67807,1.19,1.84
11-08-2014,00:29:05.388,1.67817,1.67807,1,1.77
11-08-2014,00:29:07.676,1.67817,1.67807,1,1.02
11-08-2014,00:29:08.187,1.67816,1.67806,1.25,1.37
11-08-2014,00:29:09.472,1.67817,1.67806,1.25,2.22
11-08-2014,00:29:12.478,1.67817,1.67806,1.25,2.59
11-08-2014,00:29:18.524,1.67817,1.67806,1,2.22
11-08-2014,00:29:19.505,1.67817,1.67806,1,2.97
11-08-2014,00:29:22.547,1.67817,1.67806,1,2.22
11-08-2014,00:29:23.499,1.67817,1.67806,1.25,3.34
11-08-2014,00:29:26.915,1.67819,1.67806,1.19,2.22
11-08-2014,00:29:27.610,1.67819,1.67808,1.19,1.57
11-08-2014,00:29:28.627,1.6782,1.67808,1.69,3.57
11-08-2014,00:29:32.638,1.6782,1.67808,1.69,3.94
11-08-2014,00:29:39.669,1.67821,1.67807,1.47,3.34
11-08-2014,00:29:41.159,1.67822,1.67808,1.09,3.94
11-08-2014,00:29:44.267,1.67822,1.67809,1.47,1.32
11-08-2014,00:29:45.292,1.67823,1.67811,1.77,1.19
11-08-2014,00:29:48.288,1.67819,1.67811,1,1.19
11-08-2014,00:29:48.389,1.67818,1.67808,3,2.07
11-08-2014,00:29:48.948,1.67818,1.67806,4.09,3.19
11-08-2014,00:29:50.276,1.67818,1.67806,4.09,2.44
11-08-2014,00:29:55.899,1.67818,1.67805,4.84,1.69
11-08-2014,00:29:57.373,1.67817,1.67803,3.19,2.97
11-08-2014,00:29:57.524,1.67813,1.67803,1,1.77
11-08-2014,00:29:57.828,1.67811,1.67803,1,1.25
11-08-2014,00:29:57.930,1.67812,1.678,3.27,2.07
11-08-2014,00:29:58.285,1.67811,1.67799,2.25,1.69
11-08-2014,00:30:01.897,1.6781,1.67798,1.09,1.19
11-08-2014,00:30:02.707,1.67807,1.67798,1,1.19
11-08-2014,00:30:02.933,1.67807,1.67796,1,3.57
11-08-2014,00:30:06.899,1.67807,1.67797,1,1.19
11-08-2014,00:30:15.691,1.67808,1.67797,1.25,1.19
11-08-2014,00:30:15.843,1.67811,1.67799,3.75,1.19
11-08-2014,00:30:16.957,1.67812,1.67799,5.14,1.27
11-08-2014,00:30:18.325,1.67812,1.67799,4.32,1.02
11-08-2014,00:30:19.323,1.67812,1.67799,4.32,1.77
11-08-2014,00:30:20.808,1.67808,1.67799,1,1.27
11-08-2014,00:30:20.859,1.67808,1.67798,1,1.29
11-08-2014,00:30:21.386,1.67808,1.67798,1.5,1.29
11-08-2014,00:30:23.926,1.67808,1.67797,1.69,1.37
11-08-2014,00:30:26.040,1.67809,1.67798,3.75,1.29
11-08-2014,00:30:26.091,1.67812,1.67798,5.33,1.77
11-08-2014,00:30:26.345,1.67816,1.67803,4.84,1.29
11-08-2014,00:30:26.649,1.67819,1.67807,2.14,1.19
11-08-2014,00:30:27.155,1.6782,1.67807,1.32,2.22
11-08-2014,00:30:27.564,1.6782,1.67808,1.32,1.32
11-08-2014,00:30:33.671,1.67821,1.67807,1.47,2.97
11-08-2014,00:30:41.880,1.6782,1.67807,1.19,2.97
11-08-2014,00:30:42.592,1.67816,1.67806,1.25,1.84
11-08-2014,00:30:46.872,1.67818,1.67805,1.69,2.59
11-08-2014,00:30:50.379,1.67818,1.67805,1.25,1.39
11-08-2014,00:30:53.434,1.67818,1.67805,1.19,1.84
11-08-2014,00:30:54.420,1.67819,1.67805,3.34,1.39
11-08-2014,00:31:00.641,1.67818,1.67805,5.07,1.47
11-08-2014,00:31:01.329,1.67818,1.67805,5.07,1.77
11-08-2014,00:31:01.852,1.67818,1.67806,1.19,1.3
11-08-2014,00:31:02.540,1.67816,1.67806,1.25,1.02
11-08-2014,00:31:06.749,1.67816,1.67805,1.25,1.39
11-08-2014,00:31:08.519,1.67817,1.67805,1.19,1.09
11-08-2014,00:31:09.498,1.67817,1.67805,1.19,1.47
11-08-2014,00:31:10.025,1.67817,1.67805,1.19,1.09
11-08-2014,00:31:10.755,1.67817,1.67805,1.19,1.39
11-08-2014,00:31:14.734,1.67818,1.67805,1.69,1.84
11-08-2014,00:31:17.990,1.67817,1.67805,1.69,1.77
11-08-2014,00:31:18.497,1.67817,1.67805,1.25,1.39
11-08-2014,00:31:20.716,1.67817,1.67807,1.25,1
11-08-2014,00:31:21.783,1.67817,1.67807,1.69,1.19
11-08-2014,00:31:22.775,1.67818,1.67807,1.32,1
11-08-2014,00:31:32.559,1.67817,1.67807,1.25,1.18
11-08-2014,00:31:33.848,1.67818,1.67807,3.19,1.09
11-08-2014,00:31:34.802,1.67817,1.67807,1.25,1.37
11-08-2014,00:31:41.905,1.67819,1.67807,1.19,1.09
11-08-2014,00:31:42.888,1.67819,1.67807,1.77,1.25
11-08-2014,00:31:46.933,1.67817,1.67807,1.19,1.25
11-08-2014,00:31:48.113,1.67817,1.67807,1.19,1.77
11-08-2014,00:31:48.875,1.67817,1.67807,1.19,1.77
11-08-2014,00:31:49.128,1.67818,1.67807,1.25,1.02
11-08-2014,00:31:49.636,1.67818,1.67807,1.33,1.69
11-08-2014,00:32:01.770,1.67818,1.67807,1.27,1.19
11-08-2014,00:32:06.762,1.67818,1.67807,1.33,2.44
11-08-2014,00:32:07.750,1.67818,1.67807,1.27,2.44
11-08-2014,00:32:09.711,1.67816,1.67807,1,1.69
11-08-2014,00:32:09.914,1.67814,1.67807,1.75,1.69
11-08-2014,00:32:10.218,1.67808,1.67799,1.32,1
11-08-2014,00:32:10.268,1.67804,1.67797,1.19,1.58
11-08-2014,00:32:10.370,1.67803,1.67795,4.13,1
11-08-2014,00:32:10.472,1.67802,1.67793,1.19,1
11-08-2014,00:32:10.780,1.67799,1.6779,1.19,1.1
11-08-2014,00:32:11.084,1.67802,1.67789,1.32,1.47
11-08-2014,00:32:11.240,1.678,1.67792,2.25,1.25
11-08-2014,00:32:11.595,1.678,1.6779,2.44,1.25
11-08-2014,00:32:12.597,1.67801,1.6779,1.69,1
11-08-2014,00:32:13.400,1.67802,1.67791,1.19,1.19
11-08-2014,00:32:14.373,1.67803,1.67791,1.39,1.19
11-08-2014,00:32:16.372,1.67804,1.67792,1.77,1.39
11-08-2014,00:32:17.374,1.67804,1.67792,2.52,1.39
11-08-2014,00:32:18.395,1.67804,1.67792,1.02,1.67
11-08-2014,00:32:19.428,1.67804,1.67792,1.77,1.67
11-08-2014,00:32:20.383,1.67804,1.67792,1.77,1.39
11-08-2014,00:32:21.790,1.67802,1.67793,1.19,1.13
11-08-2014,00:32:22.405,1.678,1.6779,1.25,2.89
11-08-2014,00:32:22.909,1.678,1.6779,1.19,2.89
11-08-2014,00:32:24.030,1.678,1.6779,1.19,1.02
11-08-2014,00:32:24.233,1.67804,1.6779,3.34,1.19
11-08-2014,00:32:24.637,1.67803,1.67791,2.59,1.69
11-08-2014,00:32:24.840,1.67805,1.67791,1.37,1.09
11-08-2014,00:32:24.941,1.67804,1.67793,1.29,1.25
11-08-2014,00:32:27.847,1.67803,1.67793,1.25,1
11-08-2014,00:32:30.925,1.67803,1.67795,1,1
11-08-2014,00:32:31.446,1.67804,1.67795,1,1.18
11-08-2014,00:32:43.135,1.67804,1.67795,1,1.84
11-08-2014,00:32:45.044,1.67805,1.67796,1,1.77
11-08-2014,00:32:46.174,1.67805,1.67796,1.25,1.77
11-08-2014,00:32:48.870,1.67805,1.67797,1.25,1
11-08-2014,00:32:49.174,1.67808,1.67797,1.29,1.19
11-08-2014,00:32:50.969,1.67808,1.67797,1.02,1.69
11-08-2014,00:32:51.958,1.67808,1.67797,1.02,1.25
11-08-2014,00:32:54.175,1.67808,1.67797,1.1,1.19
11-08-2014,00:32:56.497,1.67809,1.67797,2.97,1.19
11-08-2014,00:32:57.485,1.67809,1.67796,3.72,1.77
11-08-2014,00:33:02.317,1.67808,1.67796,1.02,1.29
11-08-2014,00:33:02.823,1.67807,1.67796,1,1.29
11-08-2014,00:33:03.302,1.67804,1.67793,1.19,2.25
11-08-2014,00:33:03.353,1.67804,1.67793,1.19,1.5
11-08-2014,00:33:03.859,1.67804,1.6779,2.44,1.84
11-08-2014,00:33:04.364,1.67804,1.6779,3.94,1.37
11-08-2014,00:33:04.873,1.67801,1.6779,1,1.29
11-08-2014,00:33:05.483,1.67802,1.67789,1.39,1.27
11-08-2014,00:33:08.432,1.67802,1.67788,1.29,2.52
11-08-2014,00:33:09.411,1.67802,1.67789,1.77,1.27
11-08-2014,00:33:11.370,1.67802,1.67789,1.77,1.27
11-08-2014,00:33:20.439,1.67802,1.6779,1.77,1.29
11-08-2014,00:33:21.414,1.67803,1.6779,1.77,1.77
11-08-2014,00:33:25.665,1.67802,1.67789,2.44,1.27
11-08-2014,00:33:27.636,1.67802,1.6779,2.44,1.27
11-08-2014,00:33:28.627,1.67802,1.67789,1.69,1.27
11-08-2014,00:33:29.667,1.67802,1.67789,2.44,1.77
11-08-2014,00:33:39.092,1.67799,1.67789,1,1.19
11-08-2014,00:33:39.616,1.67801,1.67789,1.69,1.19
11-08-2014,00:33:40.133,1.67801,1.67788,1.25,1.29
11-08-2014,00:33:40.546,1.67801,1.67788,3.19,1.29
11-08-2014,00:33:43.503,1.67801,1.67788,1.32,1.29
11-08-2014,00:33:45.668,1.67801,1.67791,1.25,1
11-08-2014,00:33:46.190,1.67801,1.67791,1.25,1.29
11-08-2014,00:33:48.381,1.678,1.6779,1,1.84
11-08-2014,00:33:48.787,1.67801,1.6779,1.25,1.25
11-08-2014,00:33:49.600,1.67802,1.6779,1.77,1.19
11-08-2014,00:33:51.302,1.67799,1.67789,1,1.69
11-08-2014,00:33:51.808,1.67801,1.67789,1.32,1.69
11-08-2014,00:33:54.581,1.678,1.67788,1,2.52
11-08-2014,00:33:55.584,1.678,1.67789,1.02,1.19
11-08-2014,00:34:04.613,1.678,1.67788,1,2.52
11-08-2014,00:34:06.609,1.678,1.67789,1,1.19
11-08-2014,00:34:09.353,1.67802,1.67789,2.52,1.69
11-08-2014,00:34:14.864,1.67802,1.67789,3.08,1.19
11-08-2014,00:34:15.370,1.67801,1.67789,1,1.19
11-08-2014,00:34:16.311,1.67801,1.67789,1.09,1.19
11-08-2014,00:34:19.658,1.67802,1.67789,3.27,1.69
11-08-2014,00:34:22.783,1.67801,1.67789,1.37,1.19
11-08-2014,00:34:38.397,1.67801,1.67789,1.02,1.29
11-08-2014,00:34:43.024,1.67798,1.67789,1,1.19
11-08-2014,00:34:43.379,1.67801,1.67788,1.09,1.19
11-08-2014,00:34:44.084,1.67801,1.67788,1.84,1.69
11-08-2014,00:34:45.131,1.678,1.67789,1.09,1.19
11-08-2014,00:34:46.106,1.678,1.67788,1.39,1.69
11-08-2014,00:34:54.952,1.678,1.67787,2.4,2.44
11-08-2014,00:34:56.309,1.67799,1.67787,1.5,2.44
11-08-2014,00:34:59.305,1.678,1.67787,3.27,2.59
11-08-2014,00:35:02.581,1.67798,1.67787,1,2.59
11-08-2014,00:35:03.086,1.678,1.67788,4.09,1.19
11-08-2014,00:35:04.161,1.67798,1.67788,1,1.19
11-08-2014,00:35:04.666,1.67799,1.67788,1.2,1.19
11-08-2014,00:35:07.663,1.67798,1.67788,1,1.19
11-08-2014,00:35:08.168,1.678,1.67788,2.59,1.19
11-08-2014,00:35:09.632,1.67798,1.67788,1,1.19
11-08-2014,00:35:10.143,1.67799,1.67788,1.2,1.19
11-08-2014,00:35:10.648,1.67798,1.67788,1,1.19
11-08-2014,00:35:11.184,1.67799,1.67788,1.2,1.19
11-08-2014,00:35:11.790,1.678,1.6779,2.59,1
11-08-2014,00:35:12.552,1.678,1.6779,2.59,1.19
11-08-2014,00:35:13.974,1.678,1.6779,2.59,1
11-08-2014,00:35:18.951,1.678,1.67788,1.84,2.44
11-08-2014,00:35:19.002,1.678,1.67789,1.84,1.19
11-08-2014,00:35:20.867,1.678,1.67788,1.84,2.44
11-08-2014,00:35:22.089,1.678,1.67788,1.25,2.52
11-08-2014,00:35:24.882,1.67801,1.67788,1.77,3.27
11-08-2014,00:35:25.387,1.678,1.67791,1,1
11-08-2014,00:35:25.893,1.678,1.6779,1,1.25
11-08-2014,00:35:27.990,1.67802,1.6779,1.77,1.25
11-08-2014,00:35:28.877,1.67802,1.6779,2.52,1.19
11-08-2014,00:35:37.031,1.67802,1.6779,1.39,1.25
11-08-2014,00:35:37.562,1.67802,1.6779,2.82,1.25
11-08-2014,00:35:38.268,1.67802,1.6779,3.57,1.19
11-08-2014,00:35:45.403,1.67801,1.6779,1.19,3.64
11-08-2014,00:35:46.088,1.67801,1.6779,1.19,2.44
11-08-2014,00:35:50.012,1.67801,1.67789,1.25,1.84
11-08-2014,00:35:52.419,1.678,1.67789,1.25,1.84
11-08-2014,00:35:52.571,1.678,1.67787,2.44,3.27
11-08-2014,00:35:53.127,1.678,1.67788,1.84,1.29
11-08-2014,00:35:53.633,1.678,1.67788,1.02,1.29
11-08-2014,00:35:54.862,1.678,1.67789,1.1,1.19
11-08-2014,00:36:00.926,1.67801,1.67789,3.34,1.19
11-08-2014,00:36:07.440,1.678,1.67789,1.02,1.69
11-08-2014,00:36:09.791,1.678,1.67789,1.02,1.69
11-08-2014,00:36:10.475,1.678,1.67789,1.1,1.19
11-08-2014,00:36:13.583,1.67801,1.67789,1.77,1.69
11-08-2014,00:36:14.485,1.67801,1.67789,1.77,2.44
11-08-2014,00:36:17.467,1.67801,1.67789,1.77,1.69
11-08-2014,00:36:18.594,1.67801,1.67789,1.2,2.44
11-08-2014,00:36:18.980,1.67802,1.67789,1.02,2.52
11-08-2014,00:36:19.638,1.67803,1.67793,3.27,1
11-08-2014,00:36:19.739,1.67803,1.67791,2.52,1.25
11-08-2014,00:36:20.600,1.67802,1.6779,1.27,1.19
11-08-2014,00:36:21.586,1.67803,1.6779,4.02,1.25
11-08-2014,00:36:24.585,1.67803,1.6779,3.27,1.19
11-08-2014,00:36:26.356,1.67802,1.6779,1.27,1.19
11-08-2014,00:36:29.500,1.67803,1.6779,3.27,1.25
11-08-2014,00:36:31.506,1.67802,1.6779,1.33,1.19
11-08-2014,00:36:32.507,1.67802,1.6779,1.27,1.25
11-08-2014,00:36:34.606,1.67802,1.67792,1.77,1
11-08-2014,00:36:35.129,1.67802,1.6779,1.77,1.77
11-08-2014,00:36:37.624,1.67803,1.67791,2.52,1
11-08-2014,00:36:38.225,1.67803,1.6779,2.52,1.69
11-08-2014,00:36:40.613,1.67802,1.6779,1.47,1.19
11-08-2014,00:36:42.313,1.67802,1.6779,1.84,1.19
11-08-2014,00:36:47.602,1.67803,1.6779,2.52,1.19
11-08-2014,00:36:49.614,1.67803,1.67791,2.14,1.19
11-08-2014,00:36:50.617,1.67803,1.67791,2.14,1.25
11-08-2014,00:36:51.634,1.67803,1.67791,2.89,1.19
11-08-2014,00:36:54.735,1.67802,1.67791,1.25,1.69
11-08-2014,00:36:55.725,1.67803,1.67791,2.07,1.19
11-08-2014,00:36:57.721,1.67803,1.6779,1.32,2.52
11-08-2014,00:36:59.436,1.67803,1.6779,2.07,3.27
11-08-2014,00:37:01.450,1.67802,1.6779,1.25,1.77
11-08-2014,00:37:02.449,1.67803,1.6779,2.07,2.52
11-08-2014,00:37:03.480,1.67803,1.6779,1.32,1.77
11-08-2014,00:37:04.439,1.67803,1.6779,2.07,2.52
11-08-2014,00:37:07.460,1.67803,1.6779,1.32,1.77
11-08-2014,00:37:12.851,1.67803,1.67789,1.94,2.59
11-08-2014,00:37:13.559,1.67802,1.67792,1.02,1
11-08-2014,00:37:14.324,1.67804,1.6779,4.02,1.77
11-08-2014,00:37:14.829,1.67802,1.6779,1.02,2.44
11-08-2014,00:37:15.496,1.67802,1.6779,1.77,1.69
11-08-2014,00:37:20.492,1.67803,1.6779,2.52,1.25
11-08-2014,00:37:21.489,1.67802,1.6779,1.27,1.19
11-08-2014,00:37:21.990,1.67801,1.67792,2.52,1
11-08-2014,00:37:22.500,1.67801,1.67791,2.52,1.19
11-08-2014,00:37:23.518,1.67801,1.67791,2.52,1
11-08-2014,00:37:25.756,1.67802,1.67789,2.52,1.29
11-08-2014,00:37:27.606,1.67801,1.67789,1.77,1.29
11-08-2014,00:37:28.600,1.678,1.67788,1,1.27
11-08-2014,00:37:29.591,1.678,1.67788,1.19,1.27
11-08-2014,00:37:32.590,1.67801,1.67789,3.27,1.29
11-08-2014,00:37:33.592,1.67801,1.67787,1.29,4.02
11-08-2014,00:37:34.607,1.67801,1.67788,1.02,1.27
11-08-2014,00:37:35.905,1.67801,1.67788,1.77,1.27
11-08-2014,00:37:38.901,1.67801,1.67789,1.29,1.29
11-08-2014,00:37:42.087,1.67795,1.67789,4.13,1.29
11-08-2014,00:37:42.138,1.67795,1.67786,5.07,2.25
11-08-2014,00:37:42.189,1.67795,1.67786,5.82,1.58
11-08-2014,00:37:42.239,1.67794,1.67786,1.39,1.1
11-08-2014,00:37:42.290,1.67793,1.67781,1.39,1.69
11-08-2014,00:37:42.341,1.67793,1.67781,1.84,1
11-08-2014,00:37:42.442,1.67791,1.67778,5.07,1.84
11-08-2014,00:37:42.974,1.6779,1.67777,1.09,2.52
11-08-2014,00:37:43.632,1.67788,1.67777,1.19,2.52
11-08-2014,00:37:46.618,1.6779,1.67777,4.47,1.77
11-08-2014,00:37:47.648,1.6779,1.67777,3.72,1.29
11-08-2014,00:37:48.621,1.6779,1.67777,4.47,1.77
11-08-2014,00:37:49.623,1.6779,1.67778,3.72,1.19
11-08-2014,00:37:50.560,1.6779,1.67777,4.47,1.02
11-08-2014,00:37:51.527,1.6779,1.67777,4.47,1.77
11-08-2014,00:37:53.531,1.6779,1.67778,3.72,1.19
11-08-2014,00:37:54.532,1.6779,1.67777,4.47,1.77
11-08-2014,00:38:02.355,1.67789,1.67777,1.02,1.29
11-08-2014,00:38:03.369,1.67789,1.67777,1.69,1.29
11-08-2014,00:38:04.378,1.6779,1.67777,7.32,1.02
11-08-2014,00:38:05.366,1.6779,1.67777,6.57,1.29
11-08-2014,00:38:05.872,1.6779,1.67777,3.19,1.29
11-08-2014,00:38:06.360,1.6779,1.67778,3.19,1.19
11-08-2014,00:38:07.357,1.6779,1.67777,3.94,1.29
11-08-2014,00:38:08.393,1.6779,1.67777,4.69,1.77
11-08-2014,00:38:09.362,1.6779,1.67777,3.94,1.77
11-08-2014,00:38:10.392,1.6779,1.67777,3.94,1.29
11-08-2014,00:38:12.399,1.6779,1.67777,3.94,1.77
11-08-2014,00:38:13.379,1.6779,1.67777,4.69,1.77
11-08-2014,00:38:17.377,1.67789,1.67777,1,1.77
11-08-2014,00:38:18.378,1.67789,1.67777,1.19,1.77
11-08-2014,00:38:19.397,1.67789,1.67777,1.25,1.29
11-08-2014,00:38:24.527,1.67789,1.67777,1.5,1.77
11-08-2014,00:38:25.515,1.67789,1.67777,1.69,1.29
11-08-2014,00:38:29.500,1.6779,1.67777,3.94,1.77
11-08-2014,00:38:31.726,1.6779,1.67777,3.94,1.77
11-08-2014,00:38:33.550,1.6779,1.67777,4.69,1.39
11-08-2014,00:38:34.525,1.6779,1.67777,3.94,1.29
11-08-2014,00:38:35.533,1.6779,1.67777,4.69,1.29
11-08-2014,00:38:38.556,1.6779,1.67777,3.94,1.29
11-08-2014,00:38:40.322,1.67788,1.67777,1,2.52
11-08-2014,00:38:40.845,1.67789,1.67777,1.32,1.77
11-08-2014,00:38:46.110,1.67788,1.67777,1,2.52
11-08-2014,00:38:46.626,1.67789,1.67777,1.25,1.84
11-08-2014,00:38:47.143,1.67788,1.67777,1,1.84
11-08-2014,00:38:47.737,1.67788,1.67777,1.25,2.59
11-08-2014,00:38:57.865,1.67788,1.67777,1.19,1.84
11-08-2014,00:39:06.092,1.67786,1.67776,1.19,1.15
11-08-2014,00:39:07.486,1.67786,1.67776,1.25,1.15
11-08-2014,00:39:09.884,1.67788,1.67776,2.44,1.84
11-08-2014,00:39:10.922,1.67788,1.67776,1.88,1.34
11-08-2014,00:39:11.880,1.67788,1.67777,2.07,1.39
11-08-2014,00:39:14.530,1.6779,1.67778,5.82,1.19
11-08-2014,00:39:19.946,1.6779,1.67778,1.69,1.19
11-08-2014,00:39:39.639,1.6779,1.67777,3.27,1.67
11-08-2014,00:39:43.682,1.67789,1.67777,1.1,2.14
11-08-2014,00:39:44.654,1.67789,1.67777,1.02,1.67
11-08-2014,00:39:46.697,1.67789,1.67777,1.1,1.67
11-08-2014,00:39:47.670,1.67789,1.67777,1.02,2.14
11-08-2014,00:39:51.670,1.67789,1.67777,1.1,2.14
11-08-2014,00:39:52.664,1.67789,1.67777,1.02,2.14
11-08-2014,00:39:58.678,1.67789,1.67777,1.29,2.14
11-08-2014,00:39:59.678,1.67789,1.67778,1.02,1.32
11-08-2014,00:40:11.790,1.67789,1.67778,1.09,1.32
11-08-2014,00:40:19.853,1.67789,1.67778,1.25,1.19
11-08-2014,00:40:28.184,1.67789,1.67777,1.29,2.14
11-08-2014,00:40:42.205,1.67789,1.67778,1.02,1.32
11-08-2014,00:40:47.179,1.67789,1.67777,1.19,2.14
11-08-2014,00:40:59.701,1.67789,1.67778,1.25,1.32
11-08-2014,00:41:48.108,1.67788,1.67778,1,1.19
11-08-2014,00:41:48.614,1.67789,1.67778,1.39,1.19
11-08-2014,00:41:59.726,1.6779,1.67777,1,1.2
11-08-2014,00:42:02.308,1.67792,1.6778,1.1,4.28
11-08-2014,00:42:02.611,1.67794,1.6779,1,1.19
11-08-2014,00:42:02.662,1.67801,1.67791,1.48,1.19
11-08-2014,00:42:02.713,1.67802,1.67793,4.2,1.19
11-08-2014,00:42:02.915,1.67802,1.67791,3.08,1.19
11-08-2014,00:42:04.634,1.678,1.67789,1,1.77
11-08-2014,00:42:05.624,1.678,1.67789,1.25,2.52
11-08-2014,00:42:11.947,1.678,1.67787,2.14,4.47
11-08-2014,00:42:12.453,1.67801,1.67787,4.09,3.34
11-08-2014,00:42:13.437,1.67801,1.67788,4.84,1.29
11-08-2014,00:42:14.405,1.678,1.67788,3.83,1.29
11-08-2014,00:42:19.377,1.678,1.67789,4.77,1.19
11-08-2014,00:42:20.490,1.678,1.67788,4.77,1.29
11-08-2014,00:42:25.151,1.678,1.67788,1.39,1.29
11-08-2014,00:42:25.805,1.67801,1.6779,4.09,1.69
11-08-2014,00:42:26.775,1.67801,1.6779,4.09,1.19
11-08-2014,00:42:31.425,1.678,1.6779,4.02,1.19
11-08-2014,00:42:34.408,1.67801,1.6779,2.44,1.19
11-08-2014,00:42:38.825,1.67801,1.67789,2.44,1.19
11-08-2014,00:42:41.820,1.67801,1.67789,4.09,1.25
11-08-2014,00:42:47.806,1.67801,1.67789,3.94,1.69
11-08-2014,00:42:48.802,1.67801,1.67789,3.94,1.19
11-08-2014,00:42:54.653,1.67801,1.67789,2.44,1.69
11-08-2014,00:42:55.620,1.67801,1.67789,2.44,1.19
11-08-2014,00:42:56.192,1.67802,1.67789,4.84,1.19
11-08-2014,00:42:59.180,1.67801,1.67789,3.94,1.19
11-08-2014,00:42:59.690,1.67801,1.67789,3.94,1.69
11-08-2014,00:43:02.213,1.678,1.67789,2.44,1.69
11-08-2014,00:43:07.209,1.67801,1.67789,1.69,1.19
11-08-2014,00:43:07.716,1.67802,1.6779,3.15,1.19
11-08-2014,00:43:08.295,1.67802,1.6779,1.28,1.19
11-08-2014,00:43:08.569,1.67802,1.67789,2.22,1.69
11-08-2014,00:43:08.875,1.67809,1.67796,1.18,3
11-08-2014,00:43:08.977,1.67811,1.67797,2.03,1.69
11-08-2014,00:43:09.280,1.67811,1.67801,1.48,1.19
11-08-2014,00:43:09.802,1.67811,1.678,1.39,1.19
11-08-2014,00:43:10.313,1.67811,1.678,1.47,1.19
11-08-2014,00:43:10.850,1.67811,1.678,1.47,1.19
11-08-2014,00:43:11.379,1.67811,1.67799,1.47,1.19
11-08-2014,00:43:19.813,1.67811,1.67799,2.14,1.19
11-08-2014,00:43:20.322,1.67811,1.67798,2.89,1.69
11-08-2014,00:43:22.205,1.67811,1.67799,1.84,1.19
11-08-2014,00:43:23.894,1.6781,1.67799,1.6,1.19
11-08-2014,00:43:24.466,1.67809,1.67798,1.39,1.19
11-08-2014,00:43:24.993,1.67811,1.67798,2.89,1.19
11-08-2014,00:43:35.147,1.67811,1.67799,1.2,1.19
11-08-2014,00:43:35.688,1.67811,1.67798,1.39,1.19
11-08-2014,00:43:36.692,1.67812,1.67798,1.02,2.52
11-08-2014,00:43:37.197,1.67813,1.67801,2.44,1
11-08-2014,00:43:45.360,1.67813,1.67801,1.69,1.25
11-08-2014,00:43:46.067,1.67813,1.678,3.27,3.19
11-08-2014,00:43:47.272,1.67813,1.678,3.19,3.27
11-08-2014,00:43:48.345,1.67813,1.678,3.34,3.19
11-08-2014,00:43:49.341,1.67813,1.678,4.09,2.44
11-08-2014,00:43:54.348,1.67813,1.678,2.97,1.69
11-08-2014,00:43:55.251,1.67812,1.678,1.29,1.69
11-08-2014,00:44:02.055,1.67811,1.678,1.39,1.69
11-08-2014,00:44:02.903,1.67812,1.678,4.02,1.25
11-08-2014,00:44:04.163,1.6781,1.678,1.32,1.25
11-08-2014,00:44:06.943,1.6781,1.67801,1.19,1.5
11-08-2014,00:44:07.247,1.6781,1.67801,1.19,1.5
11-08-2014,00:44:07.298,1.67813,1.67804,1.69,3
11-08-2014,00:44:07.501,1.67816,1.67805,1.84,1.13
11-08-2014,00:44:07.602,1.67818,1.67807,1.77,1
11-08-2014,00:44:07.907,1.67819,1.67809,1.29,1.5
11-08-2014,00:44:08.798,1.6782,1.67809,1.64,1.5
11-08-2014,00:44:15.750,1.67821,1.67809,1.39,1.77
11-08-2014,00:44:16.799,1.67819,1.67809,1.19,1.77
11-08-2014,00:44:18.063,1.67819,1.67812,1.19,3
11-08-2014,00:44:18.114,1.67822,1.67812,2.14,3
11-08-2014,00:44:18.619,1.67822,1.67812,1.32,3.75
11-08-2014,00:44:18.903,1.67822,1.67811,1.32,1.95
11-08-2014,00:44:19.541,1.6782,1.6781,1.57,1.1
11-08-2014,00:44:22.531,1.6782,1.6781,1.69,1.1
11-08-2014,00:44:25.917,1.6782,1.6781,1.32,1.1
11-08-2014,00:44:31.532,1.6782,1.6781,1.32,1.1
11-08-2014,00:44:36.219,1.6782,1.6781,1.69,1.48
11-08-2014,00:44:36.727,1.6782,1.6781,1.69,1.2
11-08-2014,00:44:40.307,1.67818,1.6781,1,1
11-08-2014,00:44:41.973,1.67819,1.6781,1,1
11-08-2014,00:44:42.614,1.67821,1.6781,1.39,1.19
11-08-2014,00:44:44.078,1.67821,1.6781,1.69,1.84
11-08-2014,00:44:45.056,1.67821,1.6781,1.69,1.39
11-08-2014,00:44:52.061,1.67821,1.6781,1.69,1.39
11-08-2014,00:44:53.945,1.67819,1.6781,1,1.39
11-08-2014,00:44:54.993,1.67819,1.6781,1,1.19
11-08-2014,00:45:06.006,1.67819,1.6781,1,1.25
11-08-2014,00:45:13.062,1.67817,1.6781,1,1.25
11-08-2014,00:45:14.045,1.67817,1.6781,1,1.19
11-08-2014,00:45:14.924,1.67816,1.6781,1,1.19
11-08-2014,00:45:15.668,1.67816,1.67809,1.5,1.69
11-08-2014,00:45:26.156,1.67816,1.67809,1.5,1.5
11-08-2014,00:45:27.581,1.67811,1.67809,1,1.5
11-08-2014,00:45:27.683,1.67808,1.67804,1,1
11-08-2014,00:45:27.785,1.67805,1.678,1,1
11-08-2014,00:45:27.887,1.67805,1.67798,1,1
11-08-2014,00:45:28.141,1.67803,1.67797,1,1
11-08-2014,00:45:28.344,1.67802,1.67793,1.19,1
11-08-2014,00:45:28.446,1.67801,1.67793,1.69,1
11-08-2014,00:45:28.547,1.67798,1.6779,1,2.44
11-08-2014,00:45:28.851,1.67797,1.67787,1,2.07
11-08-2014,00:45:29.256,1.67797,1.67788,1,1.19
11-08-2014,00:45:38.197,1.67797,1.67787,1,1.32
11-08-2014,00:45:41.006,1.67797,1.67787,1,1.69
11-08-2014,00:45:41.984,1.67797,1.67787,1,1.19
11-08-2014,00:45:42.974,1.67797,1.67787,1,1.19
11-08-2014,00:45:43.370,1.67797,1.67788,1,1.19
11-08-2014,00:45:43.678,1.67792,1.67788,1,1.19
11-08-2014,00:45:43.984,1.67791,1.67786,1,2.44
11-08-2014,00:45:44.996,1.67791,1.67787,1,1.19
11-08-2014,00:45:45.503,1.67791,1.67786,1,2.44
11-08-2014,00:45:46.382,1.67791,1.67788,1,1.19
11-08-2014,00:45:47.077,1.67791,1.67786,1,1.32
11-08-2014,00:45:47.687,1.67791,1.67786,1,1.32
11-08-2014,00:45:48.143,1.67791,1.67784,1,2.07
11-08-2014,00:45:48.302,1.67789,1.67784,1,1.69
11-08-2014,00:45:48.806,1.67789,1.67785,1,1
11-08-2014,00:45:49.113,1.67788,1.67782,1,1.58
11-08-2014,00:45:49.215,1.67785,1.67783,1,1
11-08-2014,00:45:49.367,1.67784,1.67781,1,1
11-08-2014,00:45:49.569,1.67784,1.67778,1,1.25
11-08-2014,00:45:50.074,1.67784,1.67777,1,1.25
11-08-2014,00:45:59.432,1.67785,1.67776,1,1.69
11-08-2014,00:46:03.937,1.67783,1.67776,1,1.5
11-08-2014,00:46:04.442,1.67782,1.67776,1,1.25
11-08-2014,00:46:05.412,1.67785,1.67776,1,1.25
11-08-2014,00:46:08.647,1.67785,1.67776,1.1,1.19
11-08-2014,00:46:09.954,1.67785,1.67776,1.1,1.19
11-08-2014,00:46:10.919,1.67785,1.67776,1.1,1.25
11-08-2014,00:46:13.954,1.67785,1.67776,1.1,1.19
11-08-2014,00:46:18.473,1.67785,1.67776,1.25,1.25
11-08-2014,00:46:25.855,1.67785,1.67777,1.69,1
11-08-2014,00:46:26.260,1.67783,1.67776,1,1.32
11-08-2014,00:46:27.295,1.67785,1.67776,1,1.32
11-08-2014,00:46:28.857,1.67785,1.67776,1,1.19
11-08-2014,00:46:36.297,1.67783,1.67776,1,1.19
11-08-2014,00:46:36.803,1.67783,1.67776,1,1.25
11-08-2014,00:46:42.984,1.67786,1.67781,1,2.25
11-08-2014,00:46:43.137,1.67787,1.67781,1,1.25
11-08-2014,00:46:43.645,1.67787,1.6778,1,1.69
11-08-2014,00:46:46.312,1.67787,1.67779,1,1.19
11-08-2014,00:46:47.291,1.67787,1.67778,1,2.07
11-08-2014,00:46:56.450,1.67787,1.67778,1.5,1.19
11-08-2014,00:46:58.321,1.67787,1.67781,1.5,1.19
11-08-2014,00:47:01.321,1.67787,1.6778,1.5,1.19
11-08-2014,00:47:05.150,1.67787,1.67782,1.5,1.19
11-08-2014,00:47:05.251,1.67787,1.6778,1.5,1.77
11-08-2014,00:47:09.228,1.67787,1.6778,1.5,1.29
11-08-2014,00:47:21.357,1.67787,1.67782,1.5,1.19
11-08-2014,00:47:21.869,1.67786,1.67782,1,1.19
11-08-2014,00:47:22.660,1.67786,1.67781,1,1.19
11-08-2014,00:47:24.664,1.67786,1.6778,1,1.77
11-08-2014,00:47:25.707,1.67786,1.67781,1,1.29
11-08-2014,00:47:26.667,1.67786,1.6778,1,1.27
11-08-2014,00:47:27.286,1.67787,1.6778,1,1.27
11-08-2014,00:47:28.370,1.67787,1.6778,1,1.77
11-08-2014,00:47:33.470,1.67789,1.6778,3,1.77
11-08-2014,00:47:33.976,1.67788,1.67779,1.32,1
11-08-2014,00:47:34.520,1.67788,1.67778,1.32,1.1
11-08-2014,00:47:34.977,1.67786,1.67778,1,1.1
11-08-2014,00:47:36.959,1.67785,1.67778,1,1.1
11-08-2014,00:47:37.410,1.67787,1.67778,1.69,1.1
11-08-2014,00:47:38.588,1.67786,1.67778,1.25,1.1
11-08-2014,00:47:39.891,1.67787,1.67776,5.44,2.52
11-08-2014,00:47:40.412,1.67785,1.67776,3.75,2.52
11-08-2014,00:47:43.405,1.67786,1.67776,4.32,2.52
11-08-2014,00:47:44.021,1.67786,1.67776,4.32,2.14
11-08-2014,00:47:44.645,1.67786,1.67776,4.13,1.77
11-08-2014,00:47:47.607,1.67786,1.67776,5.07,1.77
11-08-2014,00:47:52.403,1.67785,1.67776,3.75,1.29
11-08-2014,00:47:52.922,1.67785,1.67776,3.75,1.1
11-08-2014,00:47:57.674,1.67786,1.67776,5.82,1.29
11-08-2014,00:47:58.631,1.67786,1.67776,5.82,1.02
11-08-2014,00:48:02.638,1.67785,1.67776,2.25,1.29
11-08-2014,00:48:03.587,1.67785,1.67776,2.25,1.1
11-08-2014,00:48:06.078,1.67784,1.67776,1.25,2.33
11-08-2014,00:48:08.859,1.67786,1.67776,5.44,1.1
11-08-2014,00:48:09.548,1.67784,1.67776,2.25,1.1
11-08-2014,00:48:12.862,1.67784,1.67776,2.25,1.29
11-08-2014,00:48:15.648,1.67786,1.67776,3.94,1.29
11-08-2014,00:48:18.569,1.67785,1.67776,1.32,1.02
11-08-2014,00:48:19.333,1.67784,1.67776,1,1.02
11-08-2014,00:48:23.308,1.67784,1.67776,1,1.29
11-08-2014,00:48:23.359,1.67786,1.67776,3,1.29
11-08-2014,00:48:24.278,1.67786,1.67776,3.19,1.29
11-08-2014,00:48:27.310,1.67786,1.67776,1.13,1.19
11-08-2014,00:48:27.411,1.67786,1.67781,1.13,1
11-08-2014,00:48:27.829,1.67787,1.67779,4.2,1
11-08-2014,00:48:28.336,1.67787,1.67778,4.2,1.25
11-08-2014,00:48:29.811,1.67787,1.67778,4.2,1.19
11-08-2014,00:48:29.912,1.67787,1.67781,4.2,1
11-08-2014,00:48:31.264,1.67788,1.67781,2.4,1
11-08-2014,00:48:34.188,1.67787,1.67781,4.2,1.25
11-08-2014,00:48:41.815,1.67787,1.67778,4.88,1
11-08-2014,00:48:42.119,1.67782,1.67777,2.25,1
11-08-2014,00:48:42.272,1.67781,1.67775,2.82,1.5
11-08-2014,00:48:42.474,1.67782,1.67773,2.25,1.69
11-08-2014,00:48:42.983,1.67782,1.67773,2.25,2.14
11-08-2014,00:48:43.136,1.67783,1.67773,1,2.14
11-08-2014,00:48:43.646,1.67783,1.67773,1,2.14
11-08-2014,00:48:46.485,1.67784,1.67773,1.13,2.14
11-08-2014,00:48:46.993,1.67785,1.67773,1.02,2.89
11-08-2014,00:48:49.858,1.67785,1.67773,1.39,2.89
11-08-2014,00:48:51.886,1.67784,1.67773,2.44,2.89
11-08-2014,00:48:53.540,1.67784,1.67773,1.32,2.14
11-08-2014,00:48:53.818,1.67782,1.67773,1,1.77
11-08-2014,00:48:53.868,1.67782,1.67773,1.69,1.58
11-08-2014,00:48:53.919,1.67779,1.67773,1,1.1
11-08-2014,00:48:54.224,1.67777,1.6777,2.25,1.5
11-08-2014,00:48:54.731,1.67777,1.6777,3.19,1
11-08-2014,00:48:54.882,1.67777,1.67767,3.19,1.69
11-08-2014,00:48:56.331,1.67775,1.67765,2.25,1.84
11-08-2014,00:48:58.673,1.67775,1.67765,2.25,2.22
11-08-2014,00:49:00.672,1.67775,1.67765,2.25,2.22
11-08-2014,00:49:00.864,1.67775,1.67765,4.69,2.22
11-08-2014,00:49:04.867,1.67775,1.67764,1.69,1.32
11-08-2014,00:49:05.477,1.67775,1.67764,1.69,2.07
11-08-2014,00:49:05.870,1.67774,1.67764,1.19,2.14
11-08-2014,00:49:06.913,1.67774,1.67764,1,2.14
11-08-2014,00:49:07.555,1.67776,1.67764,4.69,2.14
11-08-2014,00:49:08.878,1.67776,1.67764,3.19,2.14
11-08-2014,00:49:09.928,1.67775,1.67764,1.25,1.77
11-08-2014,00:49:13.925,1.67775,1.67764,2.44,2.82
11-08-2014,00:49:14.915,1.67776,1.67765,3.19,1.25
11-08-2014,00:49:15.909,1.67776,1.67765,4.32,1.69
11-08-2014,00:49:16.998,1.67775,1.67765,1.32,1.69
11-08-2014,00:49:18.028,1.67775,1.67765,1.32,1.69
11-08-2014,00:49:20.929,1.67776,1.67765,2.25,1.19
11-08-2014,00:49:21.131,1.67775,1.67765,1.19,1.32
11-08-2014,00:49:23.117,1.67776,1.67765,3.19,1.32
11-08-2014,00:49:23.927,1.67776,1.67765,5.07,1.32
11-08-2014,00:49:26.613,1.67776,1.67765,4.32,1.19
11-08-2014,00:49:27.275,1.67776,1.67765,2.44,1.77
11-08-2014,00:49:27.801,1.67776,1.67765,2.25,1.77
11-08-2014,00:49:28.658,1.67776,1.67766,1.25,2.14
11-08-2014,00:49:29.639,1.67776,1.67766,1,2.14
11-08-2014,00:49:30.947,1.67777,1.67766,1.25,1.77
11-08-2014,00:49:34.026,1.67776,1.67766,1,1.77
11-08-2014,00:49:35.640,1.67776,1.67766,1.25,1.77
11-08-2014,00:49:39.786,1.67776,1.67766,1,2.14
11-08-2014,00:49:41.285,1.67775,1.67766,1,2.14
11-08-2014,00:49:41.593,1.67772,1.67766,1,1.77
11-08-2014,00:49:42.215,1.67772,1.67766,1,1.77
11-08-2014,00:49:43.692,1.67775,1.67766,1,1.77
11-08-2014,00:49:44.627,1.67775,1.67768,1,1
11-08-2014,00:49:45.169,1.67775,1.67769,1,1
11-08-2014,00:50:03.297,1.67775,1.67767,1,1.25
11-08-2014,00:50:09.039,1.67773,1.67767,1,1
11-08-2014,00:50:09.614,1.67773,1.67767,1,1.19
11-08-2014,00:50:10.157,1.67773,1.67767,1,1.25
11-08-2014,00:50:14.104,1.67773,1.67765,1,2.07
11-08-2014,00:50:16.037,1.67772,1.67765,1,1.69
11-08-2014,00:50:16.139,1.67772,1.67765,1,1.69
11-08-2014,00:50:17.111,1.67772,1.67765,1,1.69
11-08-2014,00:50:19.435,1.67772,1.67765,1,1.19
11-08-2014,00:50:20.328,1.67772,1.67765,1,1
11-08-2014,00:50:21.149,1.67773,1.67765,1.25,1
11-08-2014,00:50:22.267,1.67773,1.67765,1,1.19
11-08-2014,00:50:30.139,1.67773,1.67765,1,1.19
11-08-2014,00:50:31.156,1.67774,1.67765,1.5,1.69
11-08-2014,00:50:33.073,1.67774,1.67764,1,2.07
11-08-2014,00:50:34.073,1.67774,1.67764,1,1.19
11-08-2014,00:50:35.972,1.67774,1.67765,1,1.32
11-08-2014,00:50:36.513,1.67775,1.67766,1.5,1.19
11-08-2014,00:50:39.098,1.67775,1.67766,1.58,1.69
11-08-2014,00:50:43.069,1.67775,1.67766,1.58,1.19
11-08-2014,00:50:44.521,1.67773,1.67765,1,1.32
11-08-2014,00:50:45.086,1.67773,1.67766,1,1.19
11-08-2014,00:50:50.527,1.67773,1.67768,1,1.19
11-08-2014,00:50:50.831,1.67773,1.67766,1,1.02
11-08-2014,00:50:52.019,1.67773,1.67769,1,1
11-08-2014,00:50:57.847,1.67772,1.67768,1,1
11-08-2014,00:50:58.151,1.67769,1.67766,1.13,1
11-08-2014,00:50:58.202,1.67769,1.67763,1.13,1.19
11-08-2014,00:50:59.012,1.67771,1.67763,2.25,1.19
11-08-2014,00:51:00.270,1.67772,1.67763,1.5,1.69
11-08-2014,00:51:00.321,1.67772,1.67764,1.5,1.19
11-08-2014,00:51:00.644,1.67774,1.6777,4.88,1.5
11-08-2014,00:51:01.149,1.67776,1.6777,1.69,1.5
11-08-2014,00:51:01.452,1.67776,1.67772,1.69,1
11-08-2014,00:51:01.960,1.67776,1.67772,1.69,1
11-08-2014,00:51:05.125,1.67776,1.6777,1.5,1.5
11-08-2014,00:51:06.037,1.67777,1.6777,1.25,1.5
11-08-2014,00:51:12.368,1.67778,1.67773,1.19,1
11-08-2014,00:51:12.781,1.67778,1.6777,1.19,1
11-08-2014,00:51:13.355,1.67778,1.6777,1.25,1
11-08-2014,00:51:23.317,1.67778,1.6777,1,1.08
11-08-2014,00:51:52.379,1.67778,1.67771,1.25,1.18
11-08-2014,00:51:58.895,1.6778,1.67771,3.94,1.18
11-08-2014,00:52:05.447,1.6778,1.67771,2.82,1.1
11-08-2014,00:52:05.498,1.67779,1.67771,2.25,1.1
11-08-2014,00:52:08.955,1.67779,1.67771,1.5,1.1
11-08-2014,00:52:09.259,1.67779,1.67771,3.57,1.1
11-08-2014,00:52:11.065,1.67779,1.67771,1.69,1.1
11-08-2014,00:52:12.421,1.67778,1.67771,1,1.1
11-08-2014,00:52:42.246,1.67778,1.6777,1.69,1.08
11-08-2014,00:52:43.109,1.67778,1.6777,1.69,1
11-08-2014,00:52:43.311,1.67776,1.6777,1.19,1
11-08-2014,00:52:43.413,1.67773,1.67767,1.25,1.1
11-08-2014,00:52:43.615,1.67775,1.67767,2.63,1.58
11-08-2014,00:52:43.716,1.67775,1.67769,1.88,1
11-08-2014,00:52:44.223,1.67776,1.67769,1.25,1.15
11-08-2014,00:52:46.918,1.67777,1.67769,1,1.15
11-08-2014,00:52:47.431,1.67778,1.67769,2.44,1.15
11-08-2014,00:52:49.672,1.67777,1.67769,1.19,1.15
11-08-2014,00:52:49.774,1.67776,1.67767,3.19,1.58
11-08-2014,00:52:57.740,1.67774,1.67767,3.94,1.5
11-08-2014,00:53:00.150,1.67773,1.67767,1.19,1.5
11-08-2014,00:53:04.852,1.67774,1.67767,3.94,1.5
11-08-2014,00:53:06.757,1.67774,1.67767,1.69,1.5
11-08-2014,00:53:15.473,1.67774,1.67767,2.44,1.5
11-08-2014,00:53:18.144,1.67774,1.67768,2.44,1
11-08-2014,00:53:24.825,1.67773,1.67768,1.19,1
11-08-2014,00:53:40.049,1.67774,1.67768,1.32,1
11-08-2014,00:53:46.705,1.67774,1.67767,1.32,1.5
11-08-2014,00:53:49.641,1.67773,1.67767,1.19,1.5
11-08-2014,00:53:57.098,1.67775,1.67767,3.19,1
11-08-2014,00:53:57.803,1.67773,1.67767,1.19,1
11-08-2014,00:53:59.064,1.67774,1.67767,2.07,1
11-08-2014,00:53:59.612,1.67773,1.67768,1.19,1.5
11-08-2014,00:54:00.453,1.67771,1.67768,2.25,1
11-08-2014,00:54:00.504,1.67771,1.67766,2.25,1
11-08-2014,00:54:00.555,1.67771,1.67764,2.25,1
11-08-2014,00:54:00.657,1.67771,1.67762,2.25,1
11-08-2014,00:54:03.440,1.67771,1.67762,2.25,1.1
11-08-2014,00:54:05.589,1.67771,1.67762,3.19,1.1
11-08-2014,00:54:06.586,1.67771,1.67762,2.44,1.1
11-08-2014,00:54:07.599,1.67771,1.67762,3.19,1.1
11-08-2014,00:54:10.796,1.67772,1.67762,3.19,1.1
11-08-2014,00:54:13.675,1.67771,1.67762,2.25,1
11-08-2014,00:54:22.673,1.67772,1.67762,2.44,1.25
11-08-2014,00:54:24.131,1.67772,1.67762,3.19,1
11-08-2014,00:54:25.133,1.67772,1.67762,3.19,1
11-08-2014,00:54:26.216,1.67771,1.67763,4.13,1
11-08-2014,00:54:27.776,1.67771,1.67765,4.13,1
11-08-2014,00:54:27.978,1.67775,1.67767,5.63,2.44
11-08-2014,00:54:28.507,1.67777,1.67767,1,1.58
11-08-2014,00:54:29.065,1.67777,1.67767,1.69,2.52
11-08-2014,00:54:32.054,1.67777,1.67767,1.5,2.44
11-08-2014,00:54:33.105,1.67777,1.67767,1.69,2.44
11-08-2014,00:54:34.095,1.67777,1.67767,1.5,2.44
11-08-2014,00:54:34.839,1.67779,1.6777,5.14,1
11-08-2014,00:54:35.802,1.67779,1.67771,4.32,1
11-08-2014,00:54:36.459,1.67781,1.67771,2.89,1
11-08-2014,00:54:45.367,1.67781,1.6777,4.32,1.69
11-08-2014,00:54:46.024,1.67781,1.6777,4.13,1.69
11-08-2014,00:54:46.732,1.67781,1.6777,5.07,1.69
11-08-2014,00:54:51.704,1.67781,1.6777,3.19,1.25
11-08-2014,00:54:53.179,1.67781,1.67773,3.19,1
11-08-2014,00:54:53.534,1.67781,1.67771,1.19,1
11-08-2014,00:54:54.040,1.67781,1.6777,1.69,2.52
11-08-2014,00:54:55.349,1.6778,1.6777,2.44,2.52
11-08-2014,00:54:56.981,1.6778,1.67772,2.25,1
11-08-2014,00:55:00.437,1.67781,1.67771,2.44,1
11-08-2014,00:55:00.943,1.6778,1.67771,4.13,1
11-08-2014,00:55:03.806,1.6778,1.67771,2.44,1.25
11-08-2014,00:55:12.518,1.6778,1.67771,2.25,1.69
11-08-2014,00:55:14.489,1.67781,1.67771,4.47,1.5
11-08-2014,00:55:16.324,1.67777,1.67771,1,1.5
11-08-2014,00:55:16.425,1.67777,1.67769,1,1.25
11-08-2014,00:55:22.347,1.67777,1.67768,1.25,1.77
11-08-2014,00:55:24.147,1.67777,1.67768,1.19,1.1
11-08-2014,00:55:25.122,1.67777,1.67768,1,1.1
11-08-2014,00:55:29.140,1.67777,1.67768,1,1.19
11-08-2014,00:55:30.059,1.67777,1.67768,1.08,1.19
11-08-2014,00:55:30.571,1.67777,1.67768,1,1.25
11-08-2014,00:55:30.826,1.6778,1.67768,4.47,1.25
11-08-2014,00:55:30.928,1.6778,1.67772,4.47,1
11-08-2014,00:55:31.232,1.67778,1.67769,1.19,1.5
11-08-2014,00:55:34.242,1.67778,1.67769,1.25,1.69
11-08-2014,00:55:43.148,1.6778,1.67769,1.77,1
11-08-2014,00:55:43.957,1.6778,1.6777,4.39,1.19
11-08-2014,00:55:44.261,1.6778,1.67769,5.82,1.5
11-08-2014,00:55:45.095,1.6778,1.67769,7.32,1.25
11-08-2014,00:55:46.055,1.6778,1.67769,6.57,1
11-08-2014,00:55:47.057,1.6778,1.67769,2.82,1.19
11-08-2014,00:55:54.087,1.67779,1.67768,1,1.39
11-08-2014,00:56:02.789,1.67779,1.67768,1.19,1
11-08-2014,00:56:03.296,1.67778,1.67767,1.25,2.44
11-08-2014,00:56:06.736,1.67779,1.67767,1,2.44
11-08-2014,00:56:07.244,1.6778,1.67769,2.44,2.52
11-08-2014,00:56:08.101,1.6778,1.67769,3.19,2.33
11-08-2014,00:56:09.108,1.67779,1.67769,1.19,2.33
11-08-2014,00:56:12.007,1.6778,1.67769,5.82,2.52
11-08-2014,00:56:20.344,1.67778,1.67769,1.19,2.33
11-08-2014,00:56:20.547,1.6778,1.67769,2.52,1.19
11-08-2014,00:56:21.053,1.6778,1.67771,1.19,1
11-08-2014,00:56:21.668,1.6778,1.67771,1,1
11-08-2014,00:56:22.075,1.67782,1.67774,1.47,1
11-08-2014,00:56:22.379,1.67787,1.67777,1.1,2.44
11-08-2014,00:56:22.683,1.67791,1.6778,2.22,1.69
11-08-2014,00:56:22.987,1.67791,1.67785,1.38,1.25
11-08-2014,00:56:23.291,1.67798,1.67789,1.75,1.19
11-08-2014,00:56:23.342,1.67798,1.67789,1.1,1.19
11-08-2014,00:56:23.848,1.67799,1.67788,1.18,1.19
11-08-2014,00:56:25.570,1.67799,1.67788,1.84,1.32
11-08-2014,00:56:26.379,1.67799,1.67788,1.09,1.19
11-08-2014,00:56:28.081,1.67798,1.67787,2.04,1.5
11-08-2014,00:56:28.184,1.67796,1.67787,2.22,1
11-08-2014,00:56:28.336,1.67794,1.67784,1.69,1
11-08-2014,00:56:28.589,1.67791,1.67781,1.69,2.63
11-08-2014,00:56:29.354,1.67791,1.67783,1.08,1.25
11-08-2014,00:56:29.405,1.67793,1.67783,1.58,1.69
11-08-2014,00:56:29.507,1.67794,1.67783,1.58,1.69
11-08-2014,00:56:29.709,1.67795,1.67784,1.02,1.25
11-08-2014,00:56:30.226,1.67795,1.67784,1.09,1.25
11-08-2014,00:56:30.732,1.67795,1.67783,1.37,1.19
11-08-2014,00:56:35.090,1.67787,1.67783,1,1
11-08-2014,00:56:35.394,1.67788,1.67779,1.88,1.19
11-08-2014,00:56:35.546,1.6779,1.6778,1.34,1.25
11-08-2014,00:56:35.597,1.6779,1.6778,1.15,1.69
11-08-2014,00:56:35.850,1.67791,1.67782,1,1.25
11-08-2014,00:56:36.002,1.67794,1.67784,2.33,1.32
11-08-2014,00:56:36.104,1.67795,1.67786,1,1.19
11-08-2014,00:56:36.256,1.67798,1.67787,2.22,1.19
11-08-2014,00:56:36.761,1.67798,1.67787,1.84,1.69
11-08-2014,00:56:42.189,1.67798,1.67787,1.84,1.25
11-08-2014,00:56:43.222,1.67797,1.67787,1.1,2.07
11-08-2014,00:56:45.214,1.67797,1.67787,1.1,1.32
11-08-2014,00:56:45.517,1.67794,1.67783,1.84,1
11-08-2014,00:56:45.568,1.67793,1.6778,1.39,1
11-08-2014,00:56:45.619,1.67788,1.6778,1.19,1
11-08-2014,00:56:46.135,1.67788,1.67777,1.39,2.44
11-08-2014,00:56:46.236,1.6779,1.67777,3.19,2.44
11-08-2014,00:56:47.018,1.6779,1.67777,3.19,2.07
11-08-2014,00:56:48.593,1.6779,1.67777,3.94,2.07
11-08-2014,00:56:49.596,1.6779,1.67777,3.19,2.07
11-08-2014,00:56:50.597,1.6779,1.67778,3.94,1.19
11-08-2014,00:56:53.603,1.6779,1.67778,3.19,1.25
11-08-2014,00:56:55.608,1.6779,1.67778,3.19,1.69
11-08-2014,00:57:04.656,1.6779,1.67779,1.69,1.19
11-08-2014,00:57:06.491,1.67791,1.67779,1.69,1.19
11-08-2014,00:57:26.802,1.6779,1.67779,1.34,1.32
11-08-2014,00:57:39.826,1.6779,1.67779,1.47,1.69
11-08-2014,00:57:47.453,1.67789,1.67779,1.08,1.25
11-08-2014,00:58:06.266,1.67791,1.67777,1.47,2.07
11-08-2014,00:58:06.792,1.67791,1.67777,2.22,1.32
11-08-2014,00:58:07.340,1.67791,1.67779,3.34,1.69
11-08-2014,00:58:17.391,1.67791,1.6778,1.47,1.19
11-08-2014,00:58:22.921,1.6779,1.6778,1.29,1
11-08-2014,00:58:25.082,1.67788,1.6778,1.19,1
11-08-2014,00:58:26.065,1.67788,1.6778,1.25,1
11-08-2014,00:58:26.572,1.67788,1.67779,1.25,1.25
11-08-2014,00:58:33.120,1.67787,1.67779,1.69,1
11-08-2014,00:58:33.222,1.67787,1.67779,1.25,1
11-08-2014,00:58:44.129,1.67787,1.6778,1,1
11-08-2014,00:58:44.561,1.6779,1.6778,2.22,1
11-08-2014,00:58:56.456,1.6779,1.6778,1.08,1.69
11-08-2014,00:58:56.608,1.67793,1.6778,2.14,2.44
11-08-2014,00:58:58.427,1.67792,1.6778,1.39,1.19
11-08-2014,00:59:05.077,1.67793,1.67781,1.95,1.19
11-08-2014,00:59:05.279,1.67793,1.67781,1.2,1.77
11-08-2014,00:59:05.794,1.67794,1.67781,1.74,1.29
11-08-2014,00:59:06.171,1.67792,1.67781,1.19,1.02
11-08-2014,00:59:11.194,1.67792,1.67779,2.97,2.89
11-08-2014,00:59:12.744,1.67792,1.67781,1.84,1
11-08-2014,00:59:15.781,1.67792,1.67781,2.59,1.25
11-08-2014,00:59:19.557,1.67792,1.67782,2.03,1.19
11-08-2014,00:59:19.659,1.67792,1.6778,2.03,2.44
11-08-2014,00:59:20.189,1.67793,1.67783,1.95,1
11-08-2014,00:59:20.698,1.67793,1.67782,1.2,3.19
11-08-2014,00:59:21.709,1.67793,1.67782,1.39,3.94
11-08-2014,00:59:23.631,1.67795,1.67782,2.14,3.94
11-08-2014,00:59:24.355,1.67795,1.67782,1.64,3.19
11-08-2014,00:59:30.443,1.67794,1.67782,1.02,2.44
11-08-2014,00:59:30.950,1.67794,1.67782,2.52,1.5
11-08-2014,00:59:32.206,1.67794,1.67782,1.77,2.44
11-08-2014,00:59:33.182,1.67794,1.67782,1.02,3.19
11-08-2014,00:59:33.685,1.67795,1.67782,2.52,3.19
11-08-2014,00:59:34.208,1.67795,1.67782,2.52,3.94
11-08-2014,00:59:35.874,1.67795,1.67786,2.52,1
11-08-2014,00:59:35.976,1.67796,1.67786,1.88,1
11-08-2014,00:59:36.178,1.67796,1.67788,1.25,1
11-08-2014,00:59:36.640,1.67798,1.67788,1.58,1.25
11-08-2014,00:59:37.315,1.678,1.67788,1.39,2.07
11-08-2014,00:59:39.954,1.67801,1.67788,3.27,2.07
11-08-2014,00:59:40.460,1.678,1.67789,1.32,1.69
11-08-2014,00:59:49.118,1.67802,1.67788,2.22,2.82
11-08-2014,00:59:51.091,1.678,1.67788,1,2.82
11-08-2014,00:59:51.621,1.678,1.67788,1.5,2.07
11-08-2014,00:59:54.620,1.678,1.67788,2.07,2.82
11-08-2014,00:59:58.135,1.678,1.67789,1.32,1.84
11-08-2014,01:00:01.097,1.67801,1.67792,2.07,1
11-08-2014,01:00:03.258,1.67801,1.67792,1.32,1.25
11-08-2014,01:00:04.058,1.67801,1.67789,2.07,1.34
11-08-2014,01:00:06.145,1.67799,1.67789,1.5,1.02
11-08-2014,01:00:06.652,1.67802,1.67791,1.69,1.1
11-08-2014,01:00:07.157,1.67802,1.67792,1.69,1
11-08-2014,01:00:08.442,1.67802,1.67791,2.59,1
11-08-2014,01:00:09.298,1.67801,1.67791,1.1,1.69
11-08-2014,01:00:09.450,1.67801,1.67791,1.65,1
11-08-2014,01:00:09.956,1.67802,1.6779,3.57,1.69
11-08-2014,01:00:10.468,1.67799,1.6779,2.25,1.19
11-08-2014,01:00:11.509,1.67799,1.67789,2.25,1.69
11-08-2014,01:00:12.074,1.67798,1.67789,1,1.19
11-08-2014,01:00:16.020,1.67798,1.67789,1.25,1.25
11-08-2014,01:00:16.993,1.67798,1.67789,1,1.19
11-08-2014,01:00:17.632,1.67796,1.67788,1,1.32
11-08-2014,01:00:18.176,1.67796,1.67787,1,2.44
11-08-2014,01:00:23.999,1.67796,1.67787,1,1.19
11-08-2014,01:00:24.987,1.67796,1.67787,1,1.69
11-08-2014,01:00:30.929,1.67796,1.67787,1,1.69
11-08-2014,01:00:31.904,1.67796,1.67787,1,2.44
11-08-2014,01:00:34.601,1.67798,1.67787,1.25,2.44
11-08-2014,01:00:35.655,1.67796,1.67787,1,1.5
11-08-2014,01:00:35.959,1.67792,1.67784,1.25,1
11-08-2014,01:00:36.464,1.67792,1.67781,2.44,1.19
11-08-2014,01:00:36.971,1.67792,1.67782,1.5,1.19
11-08-2014,01:00:37.648,1.67792,1.67782,1,1.19
11-08-2014,01:00:38.195,1.67792,1.67781,1.25,1.19
11-08-2014,01:00:39.755,1.6779,1.67781,1,1.19
11-08-2014,01:00:40.260,1.6779,1.6778,1,1.69
11-08-2014,01:00:41.958,1.6779,1.67781,1.5,1.19
11-08-2014,01:00:46.983,1.6779,1.6778,1.5,1.19
11-08-2014,01:00:47.947,1.6779,1.67778,1.69,4.69
11-08-2014,01:00:48.461,1.6779,1.6778,1.5,1.19
11-08-2014,01:00:50.378,1.6779,1.67781,1.5,1.19
11-08-2014,01:00:51.347,1.6779,1.6778,1.5,1.77
11-08-2014,01:00:55.662,1.6779,1.67778,1.77,3.27
11-08-2014,01:00:56.017,1.67787,1.67778,1,1.02
11-08-2014,01:00:56.371,1.67787,1.67776,2.44,2.14
11-08-2014,01:00:56.675,1.67783,1.67774,1.19,2.4
11-08-2014,01:00:56.726,1.67783,1.67773,1.19,1.23
11-08-2014,01:00:56.777,1.67783,1.67772,1.69,1.5
11-08-2014,01:00:58.281,1.6778,1.67772,1,1.25
11-08-2014,01:00:58.382,1.6778,1.67772,1.69,1
11-08-2014,01:00:58.433,1.67777,1.67768,1,2.14
11-08-2014,01:00:58.939,1.67776,1.67766,1.5,1.77
11-08-2014,01:00:59.091,1.67774,1.67765,1.25,3.34
11-08-2014,01:00:59.343,1.67771,1.67761,1.32,1.5
11-08-2014,01:00:59.899,1.6777,1.67761,1,3.94
11-08-2014,01:01:00.102,1.67772,1.67761,1,5.59
11-08-2014,01:01:00.608,1.67773,1.67763,1.69,1.88
11-08-2014,01:01:01.012,1.67773,1.67763,1.5,2.82
11-08-2014,01:01:01.518,1.67776,1.67763,3.19,3.64
11-08-2014,01:01:01.973,1.67776,1.67763,2.44,3.64
11-08-2014,01:01:02.795,1.67774,1.67763,1.69,2.89
11-08-2014,01:01:02.948,1.6777,1.67762,1,1
11-08-2014,01:01:03.049,1.67769,1.67758,1.5,4.09
11-08-2014,01:01:03.805,1.67769,1.67761,1.5,1.19
11-08-2014,01:01:03.957,1.67771,1.67761,1.32,1.69
11-08-2014,01:01:04.462,1.67774,1.67762,3.19,1.37
11-08-2014,01:01:04.513,1.67774,1.67762,1.25,2.22
11-08-2014,01:01:04.969,1.67775,1.67766,1.69,1.38
11-08-2014,01:01:05.171,1.67776,1.67767,1.25,1.63
11-08-2014,01:01:06.005,1.67777,1.67767,1,1.63
11-08-2014,01:01:06.921,1.67776,1.67767,1,1.63
11-08-2014,01:01:07.427,1.67776,1.67767,1.25,1.02
11-08-2014,01:01:08.989,1.67776,1.67767,1,1.77
11-08-2014,01:01:10.633,1.67776,1.67771,1,1
11-08-2014,01:01:10.684,1.67782,1.67771,2.97,1.5
11-08-2014,01:01:10.887,1.67783,1.67774,2.44,1
11-08-2014,01:01:11.708,1.67783,1.67774,1.25,1
11-08-2014,01:01:12.747,1.67782,1.67774,1,1
11-08-2014,01:01:14.012,1.67782,1.67774,1,1.19
11-08-2014,01:01:14.113,1.67779,1.67774,1,1.95
11-08-2014,01:01:14.317,1.67774,1.67766,1,1.77
11-08-2014,01:01:14.421,1.67774,1.67768,1,1.19
11-08-2014,01:01:14.523,1.67779,1.67768,1.02,1.69
11-08-2014,01:01:14.726,1.67776,1.67768,1.5,1.19
11-08-2014,01:01:15.249,1.67776,1.67767,1,1.19
11-08-2014,01:01:19.920,1.67776,1.67766,1,1.69
11-08-2014,01:01:20.935,1.67776,1.67766,1,2.44
11-08-2014,01:01:21.036,1.67775,1.67766,2.07,1.69
11-08-2014,01:01:21.087,1.67774,1.67766,1.08,1.69
11-08-2014,01:01:22.062,1.67773,1.67762,2.52,2.44
11-08-2014,01:01:22.568,1.67772,1.67762,1,1.69
11-08-2014,01:01:23.022,1.67772,1.67762,1,1.25
11-08-2014,01:01:24.034,1.67767,1.67762,1,1.25
11-08-2014,01:01:24.186,1.67764,1.67756,1.13,1.69
11-08-2014,01:01:24.237,1.67764,1.67755,1.32,1.18
11-08-2014,01:01:24.338,1.67763,1.67754,2.82,1.5
11-08-2014,01:01:24.389,1.67759,1.67752,1,1.55
11-08-2014,01:01:24.541,1.67759,1.67749,1.19,1.5
11-08-2014,01:01:25.051,1.67757,1.67747,1,2.4
11-08-2014,01:01:26.536,1.67757,1.67747,1,2.59
11-08-2014,01:01:26.739,1.67759,1.67749,1.25,1.19
11-08-2014,01:01:26.942,1.67762,1.67751,1.77,1.69
11-08-2014,01:01:27.448,1.67763,1.67753,1.84,1.5
11-08-2014,01:01:27.984,1.67763,1.67752,3.34,1.25
11-08-2014,01:01:28.974,1.67763,1.67752,1.09,1.25
11-08-2014,01:01:29.968,1.67763,1.67752,1.25,1.02
11-08-2014,01:01:30.956,1.67763,1.67752,1.19,1.29
11-08-2014,01:01:34.569,1.67757,1.67751,1.88,1.1
11-08-2014,01:01:34.670,1.67753,1.67743,2.5,1.88
11-08-2014,01:01:34.721,1.67752,1.67743,1.5,2.25
11-08-2014,01:01:34.772,1.67749,1.67743,1.19,1.5
11-08-2014,01:01:34.874,1.67746,1.67738,1,1.5
11-08-2014,01:01:34.975,1.67746,1.67736,1,2.03
11-08-2014,01:01:35.026,1.67746,1.67737,1,1.08
11-08-2014,01:01:35.329,1.67748,1.67741,1.5,1
11-08-2014,01:01:35.835,1.6775,1.67741,1.19,1
11-08-2014,01:01:36.089,1.67751,1.67741,1,1.02
11-08-2014,01:01:38.716,1.6775,1.67741,1,1.25
11-08-2014,01:01:39.375,1.6775,1.67741,1,1.19
11-08-2014,01:01:39.889,1.6775,1.67741,1,1.69
11-08-2014,01:01:41.860,1.6775,1.67741,1,1.19
11-08-2014,01:01:42.421,1.67751,1.67741,1.77,1.19
11-08-2014,01:01:43.577,1.67751,1.67741,1.58,1.69
11-08-2014,01:01:46.115,1.67752,1.67741,1.47,1.25
11-08-2014,01:01:46.166,1.67749,1.6774,1,1.19
11-08-2014,01:01:46.217,1.67749,1.67737,1.5,3.64
11-08-2014,01:01:47.216,1.67749,1.67737,1.19,1.77
11-08-2014,01:01:50.174,1.67749,1.67738,1.25,1.37
11-08-2014,01:01:55.230,1.67749,1.67737,1,1.77
11-08-2014,01:01:55.841,1.67749,1.67738,1,1.39
11-08-2014,01:02:10.318,1.67749,1.67738,1.19,5.82
11-08-2014,01:02:11.349,1.67749,1.67738,1.25,6.57
11-08-2014,01:02:22.356,1.67749,1.6774,1,1.39
11-08-2014,01:02:22.886,1.6775,1.6774,1.25,1.19
11-08-2014,01:02:23.421,1.6775,1.6774,1.25,1
11-08-2014,01:02:26.986,1.6775,1.67738,1.25,5.22
11-08-2014,01:02:28.522,1.6775,1.67743,1.25,1
11-08-2014,01:02:29.028,1.67751,1.67741,1.69,1.83
11-08-2014,01:02:29.129,1.67749,1.67739,1.25,1
11-08-2014,01:02:29.635,1.67749,1.67738,3.19,1.25
11-08-2014,01:02:30.190,1.67749,1.67738,2.25,1.19
11-08-2014,01:02:30.746,1.6775,1.67737,1.25,3.72
11-08-2014,01:02:31.251,1.6775,1.6774,1.19,1.25
11-08-2014,01:02:36.221,1.6775,1.67739,1.25,1.25
11-08-2014,01:02:41.482,1.67749,1.67738,1.5,1.47
11-08-2014,01:02:41.988,1.67748,1.67738,1,1.47
11-08-2014,01:02:42.502,1.67748,1.67738,1,2.22
11-08-2014,01:02:43.102,1.6775,1.67738,1.69,2.22
11-08-2014,01:02:44.193,1.6775,1.67738,2.44,1.47
11-08-2014,01:02:49.236,1.6775,1.67738,1.69,1.47
11-08-2014,01:02:50.235,1.6775,1.67738,1.69,1.47
11-08-2014,01:02:51.206,1.6775,1.67738,1.69,2.22
11-08-2014,01:02:56.071,1.67749,1.67738,1.25,1.32
11-08-2014,01:02:57.037,1.67749,1.6774,1.25,1
11-08-2014,01:02:58.153,1.6775,1.6774,2.44,1
11-08-2014,01:03:06.139,1.6775,1.6774,1.69,1.25
11-08-2014,01:03:16.164,1.6775,1.6774,1.5,1.25
11-08-2014,01:03:31.373,1.67751,1.67738,1.02,2.97
11-08-2014,01:03:35.311,1.67751,1.67738,2.14,2.97
11-08-2014,01:03:40.737,1.67753,1.6774,3.19,3.27
11-08-2014,01:03:41.041,1.67757,1.67747,2.25,1
11-08-2014,01:03:41.346,1.67761,1.67751,1.13,1.19
11-08-2014,01:03:41.751,1.67764,1.67753,1.5,2.44
11-08-2014,01:03:41.802,1.67764,1.67753,1,2.44
11-08-2014,01:03:41.853,1.67766,1.67758,1.58,1.19
11-08-2014,01:03:42.106,1.67769,1.67758,1.02,1.19
11-08-2014,01:03:42.916,1.67769,1.67758,1.1,1.32
11-08-2014,01:03:44.308,1.67769,1.67757,1.92,3.64
11-08-2014,01:03:44.613,1.67754,1.67744,1.19,1.18
11-08-2014,01:03:44.664,1.67754,1.67744,1.69,1.18
11-08-2014,01:03:44.894,1.67752,1.67744,1.19,1.18
11-08-2014,01:03:44.997,1.67752,1.67741,1.19,1.77
11-08-2014,01:03:46.323,1.67753,1.6774,3.64,1.77
11-08-2014,01:03:48.854,1.67753,1.6774,4.02,2.52
11-08-2014,01:03:50.565,1.67753,1.67742,2.52,1.19
11-08-2014,01:03:50.817,1.67756,1.67746,1.69,1.25
11-08-2014,01:03:51.020,1.67757,1.67745,1,4.77
11-08-2014,01:03:51.536,1.67758,1.67748,1.25,1
11-08-2014,01:03:55.865,1.67758,1.6775,1,1
11-08-2014,01:03:56.168,1.67761,1.6775,1.63,2.44
11-08-2014,01:03:56.681,1.67762,1.67752,1.77,1.25
11-08-2014,01:03:57.947,1.67763,1.67753,3.19,1
11-08-2014,01:03:58.452,1.67763,1.67751,2.44,1.19
11-08-2014,01:03:58.756,1.67755,1.67744,1.32,1.2
11-08-2014,01:03:59.060,1.67751,1.67743,1.19,1.5
11-08-2014,01:03:59.161,1.67751,1.67739,1.19,2.33
11-08-2014,01:03:59.566,1.67752,1.67739,2.14,2.52
11-08-2014,01:04:00.761,1.67752,1.67739,2.77,2.52
11-08-2014,01:04:01.065,1.67752,1.67741,1.69,1.29
11-08-2014,01:04:01.369,1.67754,1.67744,1.13,1.19
11-08-2014,01:04:01.673,1.67757,1.67746,1.25,1.69
