Date,Time,Ask,Bid,AskVolume,BidVolume
11-08-2014,00:00:00.321,0.90597,0.90584,1.74,1.02
11-08-2014,00:00:04.221,0.90599,0.90586,1.72,1
11-08-2014,00:00:04.474,0.90599,0.90583,2.22,1.84
11-08-2014,00:00:07.196,0.90597,0.90585,1.64,1
11-08-2014,00:00:07.701,0.90597,0.90586,1.39,1
11-08-2014,00:00:08.207,0.90597,0.90584,1.67,1.47
11-08-2014,00:00:08.866,0.90597,0.90584,1.72,1.25
11-08-2014,00:00:09.385,0.90597,0.90585,1.47,1
11-08-2014,00:00:10.958,0.90597,0.90586,1.34,1
11-08-2014,00:00:11.510,0.90597,0.90585,1.34,1.13
11-08-2014,00:00:13.709,0.90598,0.90584,1.72,1.45
11-08-2014,00:00:14.236,0.90598,0.90586,1.47,1.13
11-08-2014,00:00:16.145,0.90597,0.90584,1.37,2.14
11-08-2014,00:00:17.995,0.90597,0.90586,1.47,1
11-08-2014,00:00:18.934,0.90598,0.90586,1.67,1.1
11-08-2014,00:00:19.448,0.90598,0.90587,1.39,1
11-08-2014,00:00:20.756,0.90598,0.90588,1.29,1
11-08-2014,00:00:21.292,0.90598,0.90587,1.29,1.5
11-08-2014,00:00:21.808,0.90599,0.90587,1.74,1
11-08-2014,00:00:22.701,0.90598,0.90587,1.39,1
11-08-2014,00:00:27.863,0.90599,0.90587,1.74,1
11-08-2014,00:00:29.652,0.90599,0.90587,1.74,1
11-08-2014,00:00:34.239,0.90598,0.90586,2.14,1.95
11-08-2014,00:00:35.951,0.90598,0.90586,2.22,1.5
11-08-2014,00:00:56.749,0.90598,0.90586,1.84,1
11-08-2014,00:00:56.800,0.90598,0.90589,1.27,1
11-08-2014,00:00:57.162,0.90593,0.90586,1,1.67
11-08-2014,00:00:57.367,0.90598,0.90587,1.02,1
11-08-2014,00:00:57.874,0.90598,0.90586,1.39,1.77
11-08-2014,00:00:57.925,0.90598,0.90586,1.47,1.25
11-08-2014,00:01:01.795,0.90597,0.90587,1.27,1
11-08-2014,00:01:02.050,0.90599,0.90588,1.47,1
11-08-2014,00:01:02.561,0.90598,0.90587,1.09,1.13
11-08-2014,00:01:07.372,0.90598,0.90587,1.09,1.38
11-08-2014,00:01:07.896,0.90598,0.90587,1.18,1.32
11-08-2014,00:01:08.419,0.90598,0.90587,1.18,1.63
11-08-2014,00:01:09.014,0.90598,0.90587,1.18,1.32
11-08-2014,00:01:09.530,0.90598,0.90588,1.18,1
11-08-2014,00:01:10.785,0.90598,0.90589,1.18,1
11-08-2014,00:01:12.643,0.90598,0.90588,1.18,1
11-08-2014,00:01:13.341,0.90598,0.90588,1.18,1.38
11-08-2014,00:01:13.845,0.90598,0.90588,1.18,1.13
11-08-2014,00:01:16.836,0.90598,0.90588,1.18,1.38
11-08-2014,00:01:17.344,0.90598,0.90588,1.18,1.13
11-08-2014,00:01:17.498,0.90598,0.90588,1.18,1.38
11-08-2014,00:01:17.599,0.90598,0.90588,1.18,1.13
11-08-2014,00:01:20.567,0.90598,0.90588,1.09,1.38
11-08-2014,00:01:21.073,0.90598,0.90588,1.09,1.13
11-08-2014,00:01:22.161,0.90598,0.90588,1.2,1.13
11-08-2014,00:01:23.822,0.90598,0.90588,1,1.38
11-08-2014,00:01:25.457,0.90598,0.90588,1,1.38
11-08-2014,00:01:25.921,0.90598,0.90588,1.1,1.13
11-08-2014,00:01:27.352,0.90598,0.90588,1,1.38
11-08-2014,00:01:27.866,0.90598,0.90588,1.1,1.13
11-08-2014,00:01:28.429,0.90598,0.90588,1.1,1.38
11-08-2014,00:01:28.694,0.90601,0.90591,1.47,1
11-08-2014,00:01:29.200,0.90601,0.90591,2.59,1
11-08-2014,00:01:29.591,0.90601,0.90591,2.59,1
11-08-2014,00:01:30.128,0.90601,0.90591,2.59,1
11-08-2014,00:01:31.154,0.90601,0.90591,1.84,1
11-08-2014,00:01:31.932,0.90601,0.90591,2.59,1
11-08-2014,00:01:34.237,0.90601,0.90592,2.59,1
11-08-2014,00:01:35.193,0.90601,0.90591,2.52,1.88
11-08-2014,00:01:35.805,0.90601,0.90591,1.77,1.5
11-08-2014,00:01:36.365,0.90601,0.90591,2.52,1.5
11-08-2014,00:01:36.669,0.90598,0.90589,1,1.48
11-08-2014,00:01:47.205,0.90598,0.90589,1,1.45
11-08-2014,00:01:48.102,0.90598,0.90588,1,2.22
11-08-2014,00:01:51.057,0.90598,0.90588,1,1.47
11-08-2014,00:01:51.618,0.90598,0.90588,1,1.47
11-08-2014,00:01:55.509,0.90598,0.90588,1,2.22
11-08-2014,00:01:56.398,0.90598,0.90588,1,2.22
11-08-2014,00:01:57.618,0.90598,0.90588,1,1.47
11-08-2014,00:01:58.085,0.90601,0.90589,1.69,1.08
11-08-2014,00:01:59.376,0.90601,0.90589,1.25,2.14
11-08-2014,00:01:59.642,0.90601,0.90589,1.25,1.7
11-08-2014,00:02:00.375,0.90603,0.90591,1.69,1.18
11-08-2014,00:02:01.081,0.90603,0.90591,1.77,1.1
11-08-2014,00:02:01.626,0.90603,0.90591,1.69,1.18
11-08-2014,00:02:07.646,0.90603,0.90591,1.77,1.1
11-08-2014,00:02:08.603,0.90603,0.90591,1.32,1.09
11-08-2014,00:02:10.936,0.90603,0.90591,2.07,1.18
11-08-2014,00:02:11.531,0.90603,0.90591,2.07,1.2
11-08-2014,00:02:12.979,0.90603,0.90591,2.07,1.08
11-08-2014,00:02:13.485,0.90603,0.90591,2.14,1.1
11-08-2014,00:02:21.549,0.90603,0.90592,1.77,1
11-08-2014,00:02:22.100,0.90603,0.90591,2.14,1.58
11-08-2014,00:02:22.404,0.90603,0.90593,1.77,1
11-08-2014,00:02:22.658,0.90603,0.90591,1.77,1.95
11-08-2014,00:02:27.028,0.90603,0.90593,2.14,1
11-08-2014,00:02:27.129,0.90603,0.90591,2.14,1.95
11-08-2014,00:02:27.664,0.90603,0.90592,1.77,1
11-08-2014,00:02:35.197,0.90603,0.90593,1.77,1
11-08-2014,00:02:36.944,0.90603,0.90591,2.14,1.1
11-08-2014,00:02:37.400,0.90603,0.90593,1.02,1
11-08-2014,00:02:38.237,0.90603,0.90591,1.39,1.77
11-08-2014,00:02:39.013,0.90603,0.90591,2.14,1.58
11-08-2014,00:02:40.595,0.90603,0.90591,2.14,1.1
11-08-2014,00:02:52.673,0.90603,0.90591,2.14,1.1
11-08-2014,00:02:53.269,0.90603,0.90591,2.14,1.1
11-08-2014,00:02:57.942,0.90601,0.90591,1.32,1.1
11-08-2014,00:03:00.393,0.90602,0.90589,1.57,1.47
11-08-2014,00:03:08.963,0.90601,0.90589,1.32,1.28
11-08-2014,00:03:11.366,0.90601,0.90589,1.32,1.28
11-08-2014,00:03:11.670,0.90601,0.90589,1.32,1.28
11-08-2014,00:03:12.273,0.90601,0.90589,1.32,1.28
11-08-2014,00:03:13.070,0.90602,0.90589,1.57,1.47
11-08-2014,00:03:17.045,0.90602,0.90589,1.57,1.47
11-08-2014,00:03:22.669,0.90602,0.90591,1.19,1.2
11-08-2014,00:03:23.175,0.90602,0.90592,1.19,1.1
11-08-2014,00:03:23.226,0.90604,0.90592,1.77,1.1
11-08-2014,00:03:24.823,0.90603,0.90592,1.29,1
11-08-2014,00:03:25.356,0.90603,0.90591,1.29,1.1
11-08-2014,00:03:25.559,0.90603,0.90593,1.29,1
11-08-2014,00:03:26.108,0.90604,0.90593,1.84,1
11-08-2014,00:03:26.926,0.90603,0.90593,1.29,1
11-08-2014,00:03:27.940,0.90603,0.90593,1.02,1
11-08-2014,00:03:28.401,0.90603,0.90593,1.33,1
11-08-2014,00:03:29.209,0.90603,0.90593,1.09,1
11-08-2014,00:03:30.148,0.90603,0.90593,1.09,1
11-08-2014,00:03:31.176,0.90603,0.90591,1.4,1.32
11-08-2014,00:03:31.744,0.90603,0.90592,1.47,1
11-08-2014,00:03:36.647,0.90602,0.90591,1.37,1
11-08-2014,00:03:38.518,0.90603,0.9059,1.47,2.07
11-08-2014,00:03:44.419,0.90602,0.90588,1.47,1.84
11-08-2014,00:03:46.073,0.90602,0.90588,1.74,1.47
11-08-2014,00:03:46.622,0.90603,0.90587,2.22,4.84
11-08-2014,00:03:53.049,0.90603,0.90588,1.72,1.47
11-08-2014,00:03:55.669,0.90602,0.90588,1.74,1.84
11-08-2014,00:03:59.254,0.90602,0.90588,1.67,1.84
11-08-2014,00:03:59.820,0.90602,0.90588,1.74,1.84
11-08-2014,00:04:00.790,0.90602,0.90588,1.67,1.84
11-08-2014,00:04:01.367,0.90602,0.90588,1.77,1.84
11-08-2014,00:04:02.038,0.90602,0.90588,1.77,1.84
11-08-2014,00:04:02.240,0.90602,0.90588,1.67,1.37
11-08-2014,00:04:02.493,0.90602,0.90588,1.67,1.34
11-08-2014,00:04:03.985,0.90602,0.90588,1.37,1.37
11-08-2014,00:04:04.684,0.90602,0.90588,1.29,1.34
11-08-2014,00:04:05.196,0.90602,0.90588,1.37,1.37
11-08-2014,00:04:07.187,0.90602,0.90588,1.39,2.22
11-08-2014,00:04:07.693,0.90602,0.90588,1.37,2.22
11-08-2014,00:04:08.629,0.90602,0.90588,1.29,2.22
11-08-2014,00:04:09.135,0.90602,0.90589,1.37,1.02
11-08-2014,00:04:19.157,0.90603,0.90589,1.34,1.29
11-08-2014,00:04:21.748,0.90602,0.90589,1.37,1.77
11-08-2014,00:04:22.756,0.90602,0.90591,1.37,1
11-08-2014,00:04:23.311,0.90603,0.9059,1.84,1.25
11-08-2014,00:04:25.671,0.90602,0.90588,1.37,2.22
11-08-2014,00:04:40.655,0.90603,0.90589,1.34,1.29
11-08-2014,00:04:41.673,0.90603,0.90588,1.47,2.22
11-08-2014,00:04:42.677,0.90603,0.90589,1.47,1.39
11-08-2014,00:04:43.696,0.90602,0.90588,1.27,2.14
11-08-2014,00:04:52.727,0.90603,0.90588,1.37,2.14
11-08-2014,00:04:53.232,0.90603,0.90588,1.37,2.14
11-08-2014,00:05:00.841,0.90603,0.90589,1.47,1.29
11-08-2014,00:05:01.837,0.90602,0.90588,1.27,2.89
11-08-2014,00:05:06.748,0.90603,0.9059,1.37,1
11-08-2014,00:05:07.109,0.90604,0.90592,1.34,1
11-08-2014,00:05:07.627,0.90604,0.9059,1.34,1.19
11-08-2014,00:05:08.141,0.90603,0.90589,1.47,1.37
11-08-2014,00:05:08.497,0.90603,0.90592,1.34,1
11-08-2014,00:05:09.131,0.90603,0.90592,1.37,1
11-08-2014,00:05:10.345,0.90604,0.90592,1.34,1
11-08-2014,00:05:12.888,0.90604,0.90592,1.34,1
11-08-2014,00:05:13.812,0.90603,0.90592,1.37,1
11-08-2014,00:05:15.917,0.90603,0.90592,1.34,1
11-08-2014,00:05:16.591,0.90604,0.90592,1.34,1
11-08-2014,00:05:17.136,0.90604,0.90592,1.34,1
11-08-2014,00:05:19.106,0.90603,0.90592,1.34,1
11-08-2014,00:05:19.653,0.90604,0.90592,1.34,1
11-08-2014,00:05:20.215,0.90604,0.90592,1.34,1
11-08-2014,00:05:25.992,0.90603,0.90594,1.37,1
11-08-2014,00:05:26.550,0.90603,0.90593,1.37,1
11-08-2014,00:05:28.203,0.90604,0.90592,1.47,1
11-08-2014,00:05:28.774,0.90604,0.90593,1.47,1
11-08-2014,00:05:37.806,0.90603,0.90592,1.37,1
11-08-2014,00:05:40.402,0.90605,0.90592,2.97,1
11-08-2014,00:05:42.696,0.90604,0.90592,1.47,1
11-08-2014,00:05:46.504,0.90602,0.90592,1.29,1
11-08-2014,00:05:47.506,0.90603,0.90592,1.37,1.13
11-08-2014,00:05:48.020,0.90603,0.90592,1.34,1
11-08-2014,00:05:48.574,0.90603,0.90592,1.37,1
11-08-2014,00:05:52.523,0.90602,0.90592,1.29,1.13
11-08-2014,00:06:02.096,0.90603,0.90593,1.34,1
11-08-2014,00:06:10.245,0.90604,0.90592,1.84,1.13
11-08-2014,00:06:18.439,0.90602,0.9059,1.37,1.38
11-08-2014,00:06:19.007,0.90603,0.9059,1.34,1.63
11-08-2014,00:06:25.138,0.90603,0.90591,1.37,1.38
11-08-2014,00:06:25.744,0.90603,0.90591,1.34,1.38
11-08-2014,00:06:29.385,0.90603,0.90591,1.34,1.13
11-08-2014,00:06:29.690,0.90604,0.90593,1.84,1.13
11-08-2014,00:06:30.198,0.90604,0.90593,1.84,1
11-08-2014,00:06:31.986,0.90604,0.90592,1.84,1.13
11-08-2014,00:06:32.489,0.90604,0.90593,1.84,1
11-08-2014,00:06:43.426,0.90604,0.90592,1.84,1.13
11-08-2014,00:06:45.209,0.90604,0.90593,1.84,1
11-08-2014,00:06:45.964,0.90604,0.90592,1.84,1.13
11-08-2014,00:06:51.117,0.90604,0.90592,1.84,1.13
11-08-2014,00:06:51.785,0.90604,0.90593,1.84,1
11-08-2014,00:07:00.037,0.90604,0.9059,2.22,2.07
11-08-2014,00:07:02.354,0.90604,0.9059,2.97,1
11-08-2014,00:07:08.444,0.90603,0.90591,1.72,1
11-08-2014,00:07:10.556,0.90603,0.90591,1.74,1
11-08-2014,00:07:11.331,0.90602,0.90591,1.28,1
11-08-2014,00:07:11.837,0.90602,0.90592,1.77,1
11-08-2014,00:07:13.244,0.90602,0.90591,1.09,1
11-08-2014,00:07:13.982,0.90602,0.90591,1.25,1
11-08-2014,00:07:14.907,0.90602,0.90591,1.09,1
11-08-2014,00:07:15.474,0.90602,0.90591,1.02,1
11-08-2014,00:07:15.975,0.90602,0.90591,1.33,1
11-08-2014,00:07:16.877,0.90602,0.90591,1.02,1
11-08-2014,00:07:20.096,0.90602,0.9059,1.02,1.39
11-08-2014,00:07:26.763,0.90602,0.9059,1.47,1.25
11-08-2014,00:07:27.500,0.90603,0.90591,2.22,1
11-08-2014,00:07:33.359,0.90601,0.90589,1.1,3.27
11-08-2014,00:07:34.077,0.90601,0.90589,1.39,1.02
11-08-2014,00:07:35.293,0.90601,0.90589,1.39,1.02
11-08-2014,00:07:35.815,0.90601,0.90589,1.39,1.02
11-08-2014,00:07:37.184,0.90601,0.90589,1.77,1.1
11-08-2014,00:07:39.482,0.90601,0.90589,1.39,1.02
11-08-2014,00:07:40.184,0.90602,0.90591,1.74,1
11-08-2014,00:07:42.828,0.90601,0.90589,1.02,1.02
11-08-2014,00:07:45.038,0.90601,0.90589,1.39,1.02
11-08-2014,00:07:45.139,0.90601,0.90589,1.02,1.02
11-08-2014,00:07:45.697,0.90601,0.90589,1.39,1.02
11-08-2014,00:07:48.840,0.90601,0.90591,1.47,1
11-08-2014,00:07:57.123,0.90601,0.90589,1.69,1.18
11-08-2014,00:07:57.630,0.90601,0.90589,1.69,1.2
11-08-2014,00:07:58.153,0.90601,0.90589,1.25,1.09
11-08-2014,00:07:58.698,0.90601,0.90589,1.77,1.1
11-08-2014,00:07:59.254,0.90601,0.90589,1.69,1.18
11-08-2014,00:07:59.784,0.90601,0.90589,1.25,1.09
11-08-2014,00:08:00.732,0.90601,0.90589,1.69,1.18
11-08-2014,00:08:03.075,0.90601,0.90591,1.19,1
11-08-2014,00:08:03.711,0.90602,0.90591,1.39,1
11-08-2014,00:08:10.746,0.90601,0.90589,1.02,1.02
11-08-2014,00:08:11.791,0.906,0.90589,1.13,1.02
11-08-2014,00:08:17.224,0.90601,0.90591,1.29,1
11-08-2014,00:08:17.856,0.90602,0.90591,1.47,1
11-08-2014,00:08:22.859,0.90601,0.90591,1.29,1
11-08-2014,00:08:23.875,0.90602,0.90591,1.47,1
11-08-2014,00:08:43.193,0.90601,0.90589,1.1,1.58
11-08-2014,00:08:46.958,0.90601,0.90589,1.4,1.69
11-08-2014,00:08:47.263,0.90602,0.90591,1.47,1
11-08-2014,00:08:50.133,0.90601,0.90589,1.4,1.69
11-08-2014,00:08:51.206,0.90601,0.90589,1.02,1.77
11-08-2014,00:08:53.643,0.90602,0.90591,1.37,1
11-08-2014,00:08:56.860,0.90601,0.90589,1.02,1.77
11-08-2014,00:09:10.015,0.90601,0.90589,1,1.65
11-08-2014,00:09:10.535,0.90601,0.90589,1.25,1.69
11-08-2014,00:09:11.106,0.90601,0.90589,1.25,1.77
11-08-2014,00:09:11.794,0.90601,0.90589,1.02,1.77
11-08-2014,00:09:14.809,0.90601,0.90589,1.25,1.77
11-08-2014,00:09:16.351,0.90603,0.9059,1.37,1.77
11-08-2014,00:09:18.486,0.90603,0.9059,1.37,1.69
11-08-2014,00:09:18.942,0.90603,0.9059,1.37,2.14
11-08-2014,00:09:19.468,0.90604,0.9059,1.84,3.64
11-08-2014,00:09:19.974,0.90604,0.90592,1.77,1.1
11-08-2014,00:09:20.483,0.90604,0.90592,1.02,1.02
11-08-2014,00:09:21.919,0.90604,0.90592,1.33,1.25
11-08-2014,00:09:22.450,0.90604,0.90592,1.02,1.39
11-08-2014,00:09:28.742,0.90604,0.90592,1,1.08
11-08-2014,00:09:33.987,0.90604,0.90592,1.02,1.02
11-08-2014,00:09:41.602,0.90601,0.90592,1,1.02
11-08-2014,00:09:54.199,0.90601,0.90592,1,1.09
11-08-2014,00:09:55.014,0.90605,0.90592,1.77,1.18
11-08-2014,00:10:06.933,0.90605,0.90591,1.02,2.22
11-08-2014,00:10:10.928,0.90605,0.90591,1.77,2.97
11-08-2014,00:10:13.407,0.90605,0.90591,1.02,2.03
11-08-2014,00:10:13.508,0.90601,0.90591,1,2.03
11-08-2014,00:10:15.526,0.90601,0.90591,1,2.22
11-08-2014,00:10:16.963,0.90601,0.90591,1,1
11-08-2014,00:10:17.473,0.90601,0.90589,1,1.09
11-08-2014,00:10:19.363,0.90601,0.90589,1,1.84
11-08-2014,00:10:33.907,0.90601,0.90589,1,1.84
11-08-2014,00:10:35.898,0.90601,0.90589,1,1.37
11-08-2014,00:11:13.709,0.90603,0.90589,1.39,1.37
11-08-2014,00:11:15.439,0.90604,0.90588,1.39,1.84
11-08-2014,00:11:16.578,0.90604,0.90588,1.74,2.22
11-08-2014,00:11:23.055,0.90604,0.90588,1.74,2.22
11-08-2014,00:11:24.460,0.90603,0.90589,1.47,1.29
11-08-2014,00:11:25.237,0.90603,0.90589,1.47,1.37
11-08-2014,00:11:27.295,0.90603,0.90589,1.37,1.39
11-08-2014,00:11:28.216,0.90603,0.90589,1.37,1.29
11-08-2014,00:11:39.590,0.90604,0.90588,1.47,1.84
11-08-2014,00:11:40.115,0.90604,0.90588,1.47,1.84
11-08-2014,00:11:44.459,0.90603,0.90589,1.47,1.39
11-08-2014,00:11:44.972,0.90603,0.90589,1.47,1.39
11-08-2014,00:11:46.631,0.90603,0.90589,1.47,1.39
11-08-2014,00:11:47.292,0.90603,0.90589,1.34,1.27
11-08-2014,00:11:47.997,0.90602,0.90588,1.29,1.34
11-08-2014,00:11:48.601,0.90603,0.90589,1.37,1.37
11-08-2014,00:11:57.722,0.90602,0.90588,1.39,1.34
11-08-2014,00:11:58.234,0.90602,0.90588,1.47,1.37
11-08-2014,00:12:22.077,0.906,0.90588,1,1.84
11-08-2014,00:12:42.356,0.906,0.90588,1.88,1.09
11-08-2014,00:12:42.862,0.906,0.90588,2.03,1.25
11-08-2014,00:12:45.069,0.906,0.90588,2.22,1.25
11-08-2014,00:12:46.027,0.906,0.90588,2.22,1.25
11-08-2014,00:12:47.777,0.906,0.90588,2.22,1.25
11-08-2014,00:12:50.120,0.906,0.90588,2.22,1.25
11-08-2014,00:12:50.633,0.906,0.90588,2.03,1
11-08-2014,00:12:51.519,0.906,0.90588,2.03,1
11-08-2014,00:12:52.274,0.906,0.90588,2.22,1.25
11-08-2014,00:12:52.882,0.906,0.90588,2.22,1.25
11-08-2014,00:12:55.505,0.906,0.90588,2.22,1.25
11-08-2014,00:12:56.210,0.906,0.90588,2.22,1.25
11-08-2014,00:12:56.720,0.906,0.90588,2.07,1.09
11-08-2014,00:12:57.240,0.90597,0.90586,1,2.97
11-08-2014,00:12:59.291,0.90595,0.90586,1,1.19
11-08-2014,00:12:59.613,0.90597,0.90586,1.1,1.19
11-08-2014,00:12:59.714,0.90595,0.90586,1,1.19
11-08-2014,00:13:00.245,0.90595,0.90585,1,1.39
11-08-2014,00:13:02.152,0.90595,0.90584,1,2.14
11-08-2014,00:13:15.898,0.90595,0.90584,1.13,1.02
11-08-2014,00:13:16.204,0.90593,0.90581,1.13,1.47
11-08-2014,00:13:18.039,0.90594,0.90581,1.39,1.37
11-08-2014,00:13:22.337,0.90594,0.90581,1.25,1.34
11-08-2014,00:13:22.855,0.90594,0.90581,1.39,1.37
11-08-2014,00:13:23.767,0.90594,0.90581,1.39,1.47
11-08-2014,00:13:28.219,0.90596,0.90583,1.72,1.25
11-08-2014,00:13:30.048,0.90596,0.90583,1.72,1.25
11-08-2014,00:13:31.121,0.90594,0.90582,1.2,1.29
11-08-2014,00:13:31.899,0.90596,0.90583,1.74,1.25
11-08-2014,00:13:32.460,0.90596,0.90583,1.74,1.25
11-08-2014,00:13:35.279,0.90592,0.90583,1,1
11-08-2014,00:13:35.434,0.90588,0.90578,1,1.58
11-08-2014,00:13:35.687,0.9059,0.9058,1.55,1
11-08-2014,00:13:35.788,0.9059,0.90578,1.38,1
11-08-2014,00:13:36.296,0.90587,0.90578,1,1
11-08-2014,00:13:36.499,0.90583,0.90578,1,1
11-08-2014,00:13:36.550,0.90583,0.90572,1,1.65
11-08-2014,00:13:36.702,0.90582,0.90571,1.13,1.09
11-08-2014,00:13:37.210,0.90582,0.90573,1,1
11-08-2014,00:13:37.464,0.90582,0.90573,5.4,1
11-08-2014,00:13:37.566,0.90581,0.9057,1.53,1
11-08-2014,00:13:37.667,0.9058,0.90568,1.55,1.25
11-08-2014,00:13:38.446,0.9058,0.90568,1.95,1.02
11-08-2014,00:13:38.952,0.90578,0.90568,1.38,1.1
11-08-2014,00:13:39.458,0.90578,0.90568,1.2,1
11-08-2014,00:13:40.094,0.90578,0.90568,1.48,1
11-08-2014,00:13:41.450,0.9058,0.90568,2.97,1
11-08-2014,00:13:41.552,0.9058,0.90568,2.97,1
11-08-2014,00:13:42.777,0.90578,0.90568,1.48,1
11-08-2014,00:13:43.435,0.9058,0.90568,2.97,1
11-08-2014,00:13:44.633,0.90579,0.90568,1.47,1
11-08-2014,00:13:45.583,0.90579,0.90568,1.47,1
11-08-2014,00:13:47.285,0.90579,0.90568,1.25,1.1
11-08-2014,00:13:51.870,0.9058,0.90568,2.97,1
11-08-2014,00:13:52.325,0.9058,0.90568,1.58,1.55
11-08-2014,00:14:04.174,0.90581,0.90568,1.25,2.97
11-08-2014,00:14:04.686,0.9058,0.90568,1,1.84
11-08-2014,00:14:05.195,0.90581,0.90568,1.32,1.84
11-08-2014,00:14:05.858,0.9058,0.90568,1,1.84
11-08-2014,00:14:07.033,0.90581,0.90568,1.78,1.69
11-08-2014,00:14:07.619,0.90582,0.90568,2.22,1.77
11-08-2014,00:14:11.756,0.90582,0.90568,2.22,2.07
11-08-2014,00:14:12.262,0.90582,0.90568,2.22,1.77
11-08-2014,00:14:14.064,0.9058,0.90568,1.39,1.02
11-08-2014,00:14:16.825,0.90581,0.90568,2.22,1.02
11-08-2014,00:14:18.128,0.90581,0.90568,1.74,1.02
11-08-2014,00:14:18.719,0.90581,0.90568,1.74,1.02
11-08-2014,00:14:19.232,0.90581,0.90568,1.74,1.02
11-08-2014,00:14:21.485,0.90582,0.90568,1.72,2.52
11-08-2014,00:14:22.862,0.90582,0.90572,2.22,1
11-08-2014,00:14:23.065,0.90583,0.90572,1.63,1
11-08-2014,00:14:23.623,0.90583,0.90572,1.63,1
11-08-2014,00:14:24.130,0.90583,0.90572,1.63,1
11-08-2014,00:14:26.566,0.90581,0.90572,1,1
11-08-2014,00:14:28.803,0.90583,0.90572,2.22,1
11-08-2014,00:14:28.904,0.90582,0.90569,1.47,2.52
11-08-2014,00:14:29.817,0.90582,0.90569,2.22,1.1
11-08-2014,00:14:31.047,0.90581,0.90569,1.57,1.15
11-08-2014,00:14:31.886,0.90582,0.90569,2.44,1.24
11-08-2014,00:14:34.998,0.90583,0.90572,1.67,1
11-08-2014,00:14:35.984,0.90583,0.90572,1.67,1
11-08-2014,00:14:51.184,0.90583,0.90572,2.07,1.1
11-08-2014,00:14:51.891,0.90583,0.90572,2.22,1
11-08-2014,00:14:53.231,0.90582,0.90572,1.67,1
11-08-2014,00:14:53.773,0.90582,0.90572,1.67,1
11-08-2014,00:15:06.993,0.90583,0.90572,2.22,1
11-08-2014,00:15:07.499,0.90583,0.90572,2.22,1
11-08-2014,00:15:08.115,0.90582,0.90572,1.39,1
11-08-2014,00:15:08.761,0.90582,0.90572,2.14,1
11-08-2014,00:15:13.815,0.9058,0.90569,1,1.24
11-08-2014,00:15:21.629,0.9058,0.90569,1,1.13
11-08-2014,00:15:22.342,0.9058,0.90569,1,1.13
11-08-2014,00:15:24.860,0.9058,0.90569,1.13,1.2
11-08-2014,00:15:25.063,0.9058,0.90567,1.55,1.69
11-08-2014,00:15:25.265,0.9058,0.90567,1.55,1.25
11-08-2014,00:15:25.814,0.9058,0.90567,1.53,1.25
11-08-2014,00:15:26.698,0.9058,0.90567,2.22,1.25
11-08-2014,00:15:40.383,0.90579,0.90567,1.74,1
11-08-2014,00:15:40.893,0.90579,0.90567,1.74,1
11-08-2014,00:15:46.835,0.9058,0.90569,1.72,1
11-08-2014,00:15:56.962,0.9058,0.90569,1.74,1
11-08-2014,00:15:58.202,0.9058,0.90569,1.74,1
11-08-2014,00:15:58.747,0.9058,0.90569,1.74,1
11-08-2014,00:16:04.859,0.9058,0.90569,1.74,1
11-08-2014,00:16:05.265,0.9058,0.90567,2.22,1.02
11-08-2014,00:16:05.772,0.9058,0.90567,2.22,1.02
11-08-2014,00:16:06.313,0.9058,0.90567,2.97,1.02
11-08-2014,00:16:06.837,0.90579,0.90567,1.39,1.02
11-08-2014,00:16:07.393,0.90577,0.90567,1,1.1
11-08-2014,00:16:07.495,0.90577,0.90567,1.48,1
11-08-2014,00:16:07.596,0.90577,0.90567,1.1,1
11-08-2014,00:16:08.106,0.90579,0.90567,2.22,1
11-08-2014,00:16:08.647,0.90579,0.90567,2.22,1
11-08-2014,00:16:09.155,0.90579,0.90567,2.22,1
11-08-2014,00:16:09.609,0.90579,0.90567,2.22,1
11-08-2014,00:16:10.126,0.90579,0.90567,2.22,1
11-08-2014,00:16:10.687,0.90579,0.90567,1.57,1.18
11-08-2014,00:16:11.198,0.9058,0.90569,1.74,1
11-08-2014,00:16:13.183,0.9058,0.90569,1.47,1
11-08-2014,00:16:17.327,0.90581,0.90569,1.74,1
11-08-2014,00:16:17.378,0.9058,0.90567,1.7,1.1
11-08-2014,00:16:17.531,0.90579,0.90567,1.48,1.1
11-08-2014,00:16:18.039,0.90579,0.90567,1.39,1.02
11-08-2014,00:16:19.413,0.90579,0.90567,1.39,1.02
11-08-2014,00:16:19.931,0.90579,0.90567,2.14,1.1
11-08-2014,00:16:21.466,0.90579,0.90567,2.14,1.1
11-08-2014,00:16:21.922,0.90579,0.90567,2.14,1.1
11-08-2014,00:16:22.432,0.90578,0.90567,2.07,1.1
11-08-2014,00:16:23.989,0.90579,0.90567,1.67,1.1
11-08-2014,00:16:25.415,0.90579,0.90567,2.14,1.1
11-08-2014,00:16:27.802,0.90579,0.90567,2.14,1.1
11-08-2014,00:16:28.310,0.90579,0.90567,2.14,1.1
11-08-2014,00:16:28.685,0.90578,0.90567,1.47,1
11-08-2014,00:16:29.045,0.90578,0.90567,1.47,1
11-08-2014,00:16:29.553,0.90577,0.90567,1.32,1
11-08-2014,00:16:29.863,0.90577,0.90569,1.57,1
11-08-2014,00:16:30.271,0.90579,0.90569,1.47,1
11-08-2014,00:16:30.780,0.90579,0.90569,1.47,1
11-08-2014,00:16:30.933,0.9058,0.90567,2.97,1
11-08-2014,00:16:31.339,0.9058,0.90568,2.59,1
11-08-2014,00:16:31.800,0.9058,0.90568,2.22,1
11-08-2014,00:16:32.309,0.90579,0.90569,1.74,1
11-08-2014,00:16:32.910,0.90579,0.90567,1.74,1
11-08-2014,00:16:33.220,0.90579,0.90569,1.74,1
11-08-2014,00:16:39.704,0.90579,0.90569,2.22,1
11-08-2014,00:16:40.504,0.90579,0.90569,1.47,1
11-08-2014,00:16:41.921,0.90579,0.90569,1.47,1
11-08-2014,00:16:42.427,0.90579,0.90569,2.22,1
11-08-2014,00:16:43.540,0.90578,0.90569,1.39,1
11-08-2014,00:16:43.855,0.90578,0.90569,1.39,1
11-08-2014,00:16:45.822,0.90578,0.90569,1.39,1
11-08-2014,00:16:46.334,0.90578,0.90569,1.39,1
11-08-2014,00:16:46.512,0.90578,0.90569,1.39,1
11-08-2014,00:16:47.347,0.90579,0.90569,1.74,1
11-08-2014,00:16:48.360,0.90579,0.90569,1.74,1
11-08-2014,00:16:49.260,0.9058,0.90569,1.78,1
11-08-2014,00:16:49.783,0.9058,0.90569,1.78,1
11-08-2014,00:16:51.065,0.9058,0.90569,1.39,1
11-08-2014,00:16:53.368,0.9058,0.90569,1.39,1
11-08-2014,00:16:58.392,0.9058,0.90569,1.67,1
11-08-2014,00:17:01.229,0.9058,0.90569,1.67,1
11-08-2014,00:17:02.030,0.9058,0.90569,1.67,1
11-08-2014,00:17:03.264,0.9058,0.90569,1.67,1
11-08-2014,00:17:03.783,0.9058,0.90569,1.67,1
11-08-2014,00:17:04.291,0.90582,0.90569,1.2,2.89
11-08-2014,00:17:04.393,0.90582,0.9057,1.13,1.15
11-08-2014,00:17:04.749,0.90585,0.90572,1.2,2.33
11-08-2014,00:17:07.851,0.90585,0.90573,1.2,1.77
11-08-2014,00:17:08.838,0.90585,0.90573,1.02,1.02
11-08-2014,00:17:12.860,0.90585,0.90573,1,1.77
11-08-2014,00:17:13.492,0.90582,0.90573,1,1.34
11-08-2014,00:17:13.594,0.90585,0.90573,1,1.34
11-08-2014,00:17:20.631,0.90582,0.90574,1,1.09
11-08-2014,00:17:20.833,0.90585,0.90574,1,1.09
11-08-2014,00:17:25.460,0.90585,0.90573,1.13,1.65
11-08-2014,00:17:28.782,0.90582,0.90573,1,1.84
11-08-2014,00:17:28.984,0.90585,0.90573,1.32,1.84
11-08-2014,00:17:36.911,0.90582,0.90573,1,2.59
11-08-2014,00:17:37.013,0.90585,0.90573,1.25,1.84
11-08-2014,00:17:43.398,0.90582,0.90573,1,1.09
11-08-2014,00:17:53.183,0.90582,0.90573,1,1.09
11-08-2014,00:17:53.850,0.90582,0.90573,1,1.09
11-08-2014,00:18:13.568,0.90582,0.90573,1,1.09
11-08-2014,00:18:14.075,0.90582,0.90572,1.13,1
11-08-2014,00:18:15.424,0.90582,0.90572,1.38,1
11-08-2014,00:18:15.930,0.90582,0.90572,1.32,1
11-08-2014,00:18:18.899,0.90582,0.90571,1.32,1.1
11-08-2014,00:18:20.994,0.90582,0.90571,2.07,1.1
11-08-2014,00:18:26.585,0.90582,0.90571,1.13,1.1
11-08-2014,00:18:27.128,0.90582,0.90571,1.63,1.1
11-08-2014,00:18:27.634,0.90582,0.90571,1.32,1.1
11-08-2014,00:18:29.735,0.90582,0.90571,1.63,1.1
11-08-2014,00:18:29.844,0.90582,0.90571,1.32,1.1
11-08-2014,00:18:30.757,0.90582,0.90571,1.63,1.1
11-08-2014,00:18:31.375,0.90582,0.90571,1.32,1.1
11-08-2014,00:18:34.213,0.90582,0.90571,1.63,1.1
11-08-2014,00:18:35.383,0.90582,0.90571,1.32,1.1
11-08-2014,00:18:38.358,0.90582,0.90571,1.63,1.1
11-08-2014,00:18:39.480,0.90582,0.90571,1.25,1.1
11-08-2014,00:18:42.701,0.90582,0.90571,1.63,1.1
11-08-2014,00:18:43.248,0.90582,0.90571,1.32,1.1
11-08-2014,00:18:43.793,0.90583,0.90571,1.67,1.1
11-08-2014,00:18:44.409,0.90583,0.90571,1.67,1.1
11-08-2014,00:18:45.001,0.90583,0.90571,1.67,1.1
11-08-2014,00:18:48.140,0.90583,0.90571,1.67,1.1
11-08-2014,00:18:48.799,0.90583,0.90571,1.67,1.1
11-08-2014,00:18:51.758,0.90583,0.90571,1.67,1.1
11-08-2014,00:18:52.296,0.90582,0.90571,1.57,1.1
11-08-2014,00:18:55.378,0.90582,0.90571,1.57,1.1
11-08-2014,00:18:55.961,0.90582,0.90571,1.57,1.1
11-08-2014,00:18:56.513,0.90582,0.90571,1.57,1.1
11-08-2014,00:18:57.027,0.90582,0.90571,1.57,1.1
11-08-2014,00:18:58.045,0.90582,0.90571,1.57,1.1
11-08-2014,00:18:58.573,0.90582,0.90571,1.57,1.1
11-08-2014,00:19:00.215,0.90582,0.90571,1.57,1.1
11-08-2014,00:19:00.766,0.90582,0.90571,1.57,1.1
11-08-2014,00:19:01.070,0.90584,0.90571,1.57,1.15
11-08-2014,00:19:01.574,0.90584,0.90571,1.57,1.18
11-08-2014,00:19:02.106,0.90584,0.90571,1.67,1.84
11-08-2014,00:19:03.374,0.90584,0.90571,1.67,1.09
11-08-2014,00:19:03.779,0.90584,0.90571,1.67,1.09
11-08-2014,00:19:03.880,0.90584,0.90571,1.67,1.09
11-08-2014,00:19:04.225,0.90584,0.90571,1.67,1.09
11-08-2014,00:19:12.562,0.90584,0.90571,1.67,1.09
11-08-2014,00:19:14.399,0.90584,0.90571,1.67,1.09
11-08-2014,00:19:14.612,0.90584,0.90571,1.67,1.09
11-08-2014,00:19:15.258,0.90584,0.90571,1.67,1.09
11-08-2014,00:19:16.784,0.90584,0.90571,1.67,1.09
11-08-2014,00:19:17.301,0.90585,0.90571,1.74,2.59
11-08-2014,00:19:18.157,0.90585,0.90572,1.67,1.09
11-08-2014,00:19:18.733,0.90586,0.90572,1.72,1.1
11-08-2014,00:19:19.330,0.90586,0.90572,1.72,1.1
11-08-2014,00:19:28.802,0.90585,0.90571,1.74,2.97
11-08-2014,00:19:29.926,0.90585,0.90571,1.74,2.97
11-08-2014,00:19:30.441,0.90585,0.90571,1.74,2.97
11-08-2014,00:19:32.751,0.90585,0.90571,1.74,2.59
11-08-2014,00:19:36.993,0.90584,0.90571,1.67,1.84
11-08-2014,00:19:37.995,0.90584,0.90571,1.67,1.84
11-08-2014,00:19:38.276,0.90584,0.90571,1.67,1.84
11-08-2014,00:19:38.827,0.90584,0.90571,1.67,1.84
11-08-2014,00:19:46.791,0.90583,0.90569,1.57,1.99
11-08-2014,00:19:47.248,0.90583,0.90569,1.57,1.99
11-08-2014,00:19:47.754,0.90582,0.90569,1.32,1.24
11-08-2014,00:19:48.471,0.90583,0.90569,1.57,1.99
11-08-2014,00:19:49.028,0.90585,0.90572,1.74,1.1
11-08-2014,00:19:49.534,0.90585,0.9057,1.74,2.97
11-08-2014,00:19:50.850,0.90584,0.9057,1.67,2.97
11-08-2014,00:19:54.426,0.90584,0.9057,1.57,2.97
11-08-2014,00:19:59.034,0.90584,0.90572,1.39,1.77
11-08-2014,00:20:00.281,0.90584,0.90572,1.39,1.77
11-08-2014,00:20:00.787,0.90584,0.90572,1.39,2.52
11-08-2014,00:20:02.032,0.90584,0.90572,1.39,1.77
11-08-2014,00:20:02.889,0.90582,0.90572,1,1.02
11-08-2014,00:20:22.253,0.90582,0.90571,1.13,1.09
11-08-2014,00:20:25.248,0.90582,0.90571,1.69,1
11-08-2014,00:20:25.552,0.90579,0.9057,1.1,1
11-08-2014,00:20:25.856,0.90579,0.90568,1.1,1.25
11-08-2014,00:20:26.008,0.90579,0.90567,1.28,2.44
11-08-2014,00:20:26.413,0.9058,0.9057,1.53,1
11-08-2014,00:20:26.869,0.90579,0.90567,1.28,2.44
11-08-2014,00:20:27.375,0.90578,0.90567,1.08,1
11-08-2014,00:20:27.982,0.90578,0.90567,1.1,1
11-08-2014,00:20:33.450,0.9058,0.9057,1.78,1
11-08-2014,00:20:37.803,0.9058,0.9057,1.47,1
11-08-2014,00:20:38.312,0.90581,0.9057,1.09,1.88
11-08-2014,00:20:57.343,0.90581,0.90571,1.18,1
11-08-2014,00:20:58.238,0.90581,0.90571,1.1,1
11-08-2014,00:20:59.462,0.90581,0.9057,1.1,1
11-08-2014,00:21:00.007,0.90581,0.90571,1.1,1
11-08-2014,00:21:09.703,0.90581,0.9057,1.2,1.5
11-08-2014,00:21:16.708,0.90577,0.9057,1,1
11-08-2014,00:21:16.811,0.90581,0.9057,2.22,1
11-08-2014,00:21:16.862,0.90581,0.9057,1.53,1
11-08-2014,00:21:16.913,0.90581,0.90568,2.03,1.5
11-08-2014,00:21:17.422,0.90578,0.90565,1.28,5.14
11-08-2014,00:21:17.928,0.9058,0.90566,2.22,1.29
11-08-2014,00:21:18.597,0.9058,0.90567,2.22,1.32
11-08-2014,00:21:19.184,0.9058,0.90567,2.22,1.32
11-08-2014,00:21:22.300,0.9058,0.90567,2.97,1.32
11-08-2014,00:21:23.289,0.9058,0.90567,2.97,1.32
11-08-2014,00:21:30.439,0.9058,0.90567,2.97,1.25
11-08-2014,00:21:31.099,0.9058,0.90567,2.59,1.25
11-08-2014,00:21:34.941,0.9058,0.90568,2.22,1
11-08-2014,00:21:35.586,0.9058,0.90568,2.22,1
11-08-2014,00:21:39.694,0.9058,0.90568,2.22,1.5
11-08-2014,00:21:39.745,0.9058,0.9057,2.22,1
11-08-2014,00:21:52.130,0.9058,0.9057,1.02,1
11-08-2014,00:21:56.860,0.90581,0.9057,1.47,1
11-08-2014,00:21:56.962,0.90581,0.90568,2.22,1.69
11-08-2014,00:21:57.164,0.90581,0.90571,1.47,1
11-08-2014,00:21:57.670,0.90581,0.90571,1.37,1
11-08-2014,00:22:13.012,0.90583,0.90571,2.22,1
11-08-2014,00:22:13.370,0.90584,0.90571,2.22,1.58
11-08-2014,00:22:13.472,0.90584,0.90573,1.09,1.5
11-08-2014,00:22:13.776,0.90586,0.90575,1.84,1
11-08-2014,00:22:14.282,0.90586,0.90574,1.84,1.38
11-08-2014,00:22:14.791,0.90586,0.90574,1.84,1.13
11-08-2014,00:22:18.935,0.90586,0.90573,1.18,2.14
11-08-2014,00:22:27.239,0.90585,0.90573,1.02,1.39
11-08-2014,00:22:28.676,0.90586,0.90574,1.84,1.38
11-08-2014,00:22:29.210,0.90586,0.90574,1.09,1.32
11-08-2014,00:22:29.880,0.90586,0.90574,1.09,1.63
11-08-2014,00:22:30.516,0.90586,0.90574,1.09,1.32
11-08-2014,00:22:31.403,0.90586,0.90575,1.09,1
11-08-2014,00:22:35.913,0.90584,0.90574,1,1.25
11-08-2014,00:22:36.481,0.90587,0.90574,2.59,1.25
11-08-2014,00:22:39.300,0.90587,0.90574,2.59,1.63
11-08-2014,00:22:40.262,0.90587,0.90574,1.84,1.13
11-08-2014,00:22:41.560,0.90587,0.90575,2.59,1.38
11-08-2014,00:22:41.868,0.90587,0.90579,2.59,1
11-08-2014,00:22:41.970,0.90587,0.90577,2.59,1.13
11-08-2014,00:22:43.076,0.90587,0.90577,1.84,1.38
11-08-2014,00:22:43.228,0.90587,0.90578,1.5,1.13
11-08-2014,00:22:43.432,0.90587,0.90575,1.1,1.67
11-08-2014,00:22:44.241,0.90587,0.90574,1.2,1.63
11-08-2014,00:22:44.595,0.90587,0.90578,1.2,1
11-08-2014,00:22:45.253,0.90587,0.90577,1.2,1
11-08-2014,00:22:46.175,0.90587,0.90576,1.2,1
11-08-2014,00:22:50.553,0.90588,0.90578,1.34,1
11-08-2014,00:22:51.093,0.90589,0.90577,2.59,1
11-08-2014,00:22:51.245,0.90589,0.90577,1.69,1.32
11-08-2014,00:22:51.757,0.90589,0.90578,1.09,1
11-08-2014,00:22:53.613,0.90589,0.90577,1.84,1.13
11-08-2014,00:22:57.660,0.90589,0.90576,1.84,2.14
11-08-2014,00:22:58.201,0.90589,0.90576,1.84,2.14
11-08-2014,00:23:01.065,0.90589,0.90576,1.84,1.39
11-08-2014,00:23:01.570,0.90589,0.90577,1.09,1.25
11-08-2014,00:23:06.490,0.90589,0.90576,1.84,1.02
11-08-2014,00:23:08.633,0.90589,0.90576,1.84,1.39
11-08-2014,00:23:09.386,0.90589,0.90576,1.84,1.39
11-08-2014,00:23:09.930,0.90589,0.90576,1.09,1.48
11-08-2014,00:23:10.447,0.90589,0.90576,1.09,1.48
11-08-2014,00:23:10.955,0.90589,0.90576,1.84,1.39
11-08-2014,00:23:11.462,0.90589,0.90576,1.84,1.63
11-08-2014,00:23:12.516,0.90589,0.90576,1.84,2.07
11-08-2014,00:23:13.136,0.90586,0.90575,1,1.39
11-08-2014,00:23:13.673,0.90586,0.90575,1,1.39
11-08-2014,00:23:18.520,0.90586,0.90576,1,1.38
11-08-2014,00:23:19.389,0.90586,0.90576,1,1.13
11-08-2014,00:23:19.490,0.90586,0.90576,1,1.38
11-08-2014,00:23:20.021,0.90586,0.90576,1,1.38
11-08-2014,00:23:21.479,0.90586,0.90575,1,1.39
11-08-2014,00:23:22.011,0.90586,0.90576,1,1.38
11-08-2014,00:23:22.524,0.90586,0.90577,1,1.38
11-08-2014,00:23:23.106,0.90586,0.90577,1,1.13
11-08-2014,00:23:39.116,0.90586,0.90575,1,1.47
11-08-2014,00:23:39.666,0.90586,0.90575,1,1.47
11-08-2014,00:23:40.199,0.90586,0.90575,1.25,1.55
11-08-2014,00:23:40.782,0.90586,0.90575,1.25,1.55
11-08-2014,00:23:41.515,0.90586,0.90575,1.25,1.55
11-08-2014,00:23:50.575,0.90586,0.90576,1,1.38
11-08-2014,00:23:51.739,0.90586,0.90575,1,1.39
11-08-2014,00:23:52.043,0.90586,0.90575,1,1.39
11-08-2014,00:23:55.812,0.90586,0.90575,1,2.14
11-08-2014,00:23:58.786,0.90586,0.90575,1,2.14
11-08-2014,00:23:59.958,0.90586,0.90577,1,1
11-08-2014,00:24:01.597,0.90586,0.90576,1,1.32
11-08-2014,00:24:02.260,0.90586,0.90576,1,1.63
11-08-2014,00:24:02.826,0.90586,0.90576,1,1.32
11-08-2014,00:24:03.359,0.90586,0.90576,1,1.63
11-08-2014,00:24:08.621,0.90586,0.90576,1,1.13
11-08-2014,00:24:11.574,0.90586,0.90576,1,1.38
11-08-2014,00:24:12.627,0.90588,0.90576,1.37,1.38
11-08-2014,00:24:14.822,0.90586,0.90576,1,1.38
11-08-2014,00:24:16.478,0.90586,0.90576,1.1,1
11-08-2014,00:24:17.588,0.90586,0.90575,1.1,1.63
11-08-2014,00:24:21.584,0.90586,0.90575,1.1,1.63
11-08-2014,00:24:24.598,0.90586,0.90577,1.1,1
11-08-2014,00:24:25.759,0.90586,0.90576,1.1,1.13
11-08-2014,00:24:26.388,0.90588,0.90576,1.34,1.38
11-08-2014,00:24:27.048,0.90588,0.90576,1.34,1.13
11-08-2014,00:24:32.206,0.90587,0.90574,1.37,1.39
11-08-2014,00:24:37.130,0.90588,0.90576,1.34,1.38
11-08-2014,00:24:38.331,0.90588,0.90576,1.34,1.38
11-08-2014,00:24:38.999,0.90588,0.90576,1.37,1.38
11-08-2014,00:24:39.991,0.90588,0.90576,1.34,1.38
11-08-2014,00:24:40.650,0.90588,0.90576,1.37,1.38
11-08-2014,00:24:48.551,0.90588,0.90576,1.37,1.13
11-08-2014,00:24:49.076,0.90588,0.90576,1.18,1.38
11-08-2014,00:24:51.468,0.90587,0.90577,1.09,1.13
11-08-2014,00:25:11.915,0.90587,0.90575,1.09,1.63
11-08-2014,00:25:12.884,0.90587,0.90575,1.09,1.63
11-08-2014,00:25:15.510,0.90588,0.90576,1.84,1.38
11-08-2014,00:25:16.029,0.90588,0.90575,1.37,1.63
11-08-2014,00:25:16.692,0.90588,0.90576,1.37,1.38
11-08-2014,00:25:17.269,0.90588,0.90575,1.34,1.63
11-08-2014,00:25:17.807,0.90588,0.90575,1.34,1.63
11-08-2014,00:25:18.309,0.90588,0.90575,1.37,1.39
11-08-2014,00:25:18.956,0.90588,0.90574,1.37,2.22
11-08-2014,00:25:22.355,0.90588,0.90574,1.34,1.57
11-08-2014,00:25:23.459,0.90587,0.90573,1.34,1.57
11-08-2014,00:25:23.560,0.90587,0.90573,1.34,1.57
11-08-2014,00:25:25.325,0.90586,0.90573,1.4,1.67
11-08-2014,00:25:25.828,0.90587,0.90573,1.84,1.57
11-08-2014,00:25:26.334,0.90587,0.90573,1.84,1.67
11-08-2014,00:25:26.840,0.90587,0.90573,1.84,2.07
11-08-2014,00:25:27.306,0.90587,0.90573,1.84,2.07
11-08-2014,00:25:28.644,0.90587,0.90574,1.84,1.63
11-08-2014,00:25:30.098,0.90587,0.90574,1.84,1.63
11-08-2014,00:25:31.768,0.90587,0.90574,2.59,1.63
11-08-2014,00:25:35.651,0.90587,0.90573,2.59,2.14
11-08-2014,00:25:38.953,0.90587,0.90576,1.84,1
11-08-2014,00:25:39.830,0.90587,0.90575,1.84,1.13
11-08-2014,00:25:41.706,0.90587,0.90575,1.84,1.38
11-08-2014,00:25:42.228,0.90587,0.90575,1.84,1.13
11-08-2014,00:25:42.750,0.90587,0.90575,1.84,1.38
11-08-2014,00:25:44.021,0.90587,0.90575,1.84,1.13
11-08-2014,00:25:46.187,0.90587,0.90575,1.09,1.63
11-08-2014,00:25:46.735,0.90587,0.90575,1.09,1.32
11-08-2014,00:25:47.724,0.90587,0.90575,1.84,1.38
11-08-2014,00:25:48.270,0.90587,0.90575,1.09,1.63
11-08-2014,00:25:50.754,0.90587,0.90575,1.84,1.13
11-08-2014,00:25:52.538,0.90587,0.90574,1.09,2.89
11-08-2014,00:25:53.204,0.90587,0.90574,1.09,2.89
11-08-2014,00:25:53.962,0.90587,0.90575,1.02,2.14
11-08-2014,00:25:54.675,0.90587,0.90576,1.02,1
11-08-2014,00:25:55.217,0.90587,0.90576,1.02,1.38
11-08-2014,00:25:55.808,0.90587,0.90576,1.02,1.13
11-08-2014,00:25:59.048,0.90587,0.90576,1.09,1.13
11-08-2014,00:26:15.197,0.90587,0.90575,1.84,1.13
11-08-2014,00:26:15.865,0.90587,0.90575,1.84,1.38
11-08-2014,00:26:16.537,0.90587,0.90575,1.18,1.13
11-08-2014,00:26:17.700,0.90587,0.90575,1.18,1.38
11-08-2014,00:26:18.556,0.90587,0.90575,1.18,1.13
11-08-2014,00:26:19.156,0.90587,0.90575,1.18,1.13
11-08-2014,00:26:20.351,0.90587,0.90575,1.15,1.38
11-08-2014,00:26:22.483,0.90587,0.90575,1.84,1.38
11-08-2014,00:26:23.033,0.90587,0.90575,1.84,1.38
11-08-2014,00:26:24.504,0.90587,0.90575,1.84,1.13
11-08-2014,00:26:25.028,0.90587,0.90575,1.84,1.38
11-08-2014,00:26:29.962,0.90587,0.90575,1.4,1.32
11-08-2014,00:26:32.665,0.90587,0.90575,1.4,1.63
11-08-2014,00:26:41.473,0.90587,0.90575,1.84,1
11-08-2014,00:26:42.134,0.90587,0.90574,1.84,1.32
11-08-2014,00:26:45.415,0.90587,0.90574,1.84,1.32
11-08-2014,00:26:46.484,0.90587,0.90574,1.15,1.63
11-08-2014,00:26:47.471,0.90587,0.90574,1.84,1.32
11-08-2014,00:26:51.682,0.90587,0.90574,1.84,1.63
11-08-2014,00:26:53.228,0.90587,0.90574,1.84,1.63
11-08-2014,00:26:55.508,0.90587,0.90574,1.84,1.63
11-08-2014,00:26:56.058,0.90587,0.90574,1.84,1.63
11-08-2014,00:26:56.599,0.90587,0.90574,1.84,1.63
11-08-2014,00:26:56.852,0.90587,0.90574,2.22,1.25
11-08-2014,00:26:57.258,0.90583,0.90571,1.65,1.13
11-08-2014,00:26:57.309,0.90583,0.90571,2.03,1
11-08-2014,00:26:57.815,0.90581,0.9057,1.15,1.25
11-08-2014,00:26:58.324,0.90581,0.90569,1.15,2.63
11-08-2014,00:26:58.840,0.90581,0.9057,1.15,1.13
11-08-2014,00:27:01.217,0.90581,0.90569,1.4,2.82
11-08-2014,00:27:02.672,0.90581,0.9057,1.4,1
11-08-2014,00:27:18.234,0.90581,0.9057,1.84,1
11-08-2014,00:27:33.801,0.90579,0.90569,1.1,2.07
11-08-2014,00:27:34.346,0.90579,0.90569,1.1,1.63
11-08-2014,00:27:35.417,0.90579,0.90569,1.1,1.32
11-08-2014,00:27:39.158,0.90579,0.90569,1.18,2.07
11-08-2014,00:28:15.865,0.90578,0.90568,1.18,1.19
11-08-2014,00:28:15.917,0.90578,0.90566,1.09,1
11-08-2014,00:28:16.120,0.90574,0.90562,1,1.74
11-08-2014,00:28:16.424,0.90572,0.90561,1.18,1.32
11-08-2014,00:28:20.638,0.90571,0.9056,1.1,1.32
11-08-2014,00:28:21.204,0.90571,0.9056,1.1,1.63
11-08-2014,00:28:26.140,0.90571,0.90558,1.1,1.74
11-08-2014,00:28:26.494,0.90569,0.90558,1,1.37
11-08-2014,00:28:27.001,0.90569,0.90557,1.65,1.19
11-08-2014,00:28:27.863,0.90569,0.90556,1.84,1.77
11-08-2014,00:28:28.959,0.90569,0.90556,2.59,1.02
11-08-2014,00:28:36.500,0.90567,0.90556,1.1,1.25
11-08-2014,00:28:39.884,0.90567,0.90556,1.1,2.07
11-08-2014,00:28:41.921,0.90567,0.90556,1,2.07
11-08-2014,00:28:42.228,0.90567,0.90556,1,2.07
11-08-2014,00:28:42.707,0.90567,0.90556,1,1.39
11-08-2014,00:28:44.018,0.90567,0.90556,1,1.39
11-08-2014,00:28:44.546,0.90567,0.90556,1,1.39
11-08-2014,00:28:48.822,0.90567,0.90556,1,1.69
11-08-2014,00:28:50.648,0.90567,0.90556,1,1.25
11-08-2014,00:28:52.657,0.90567,0.90556,1,1.69
11-08-2014,00:28:53.632,0.90567,0.90556,1,1.25
11-08-2014,00:28:58.560,0.90567,0.90556,1,1.63
11-08-2014,00:29:00.039,0.90567,0.90556,1,1.13
11-08-2014,00:29:02.651,0.90567,0.90556,1,2.07
11-08-2014,00:29:04.054,0.90569,0.90557,1.84,1.32
11-08-2014,00:29:04.459,0.90569,0.90558,1.65,1.63
11-08-2014,00:29:05.385,0.90569,0.90559,1.5,2.14
11-08-2014,00:29:07.392,0.90569,0.90559,1.5,2.14
11-08-2014,00:29:08.085,0.90569,0.90559,1.5,1.67
11-08-2014,00:29:08.594,0.90569,0.90558,1.58,2.07
11-08-2014,00:29:09.488,0.90569,0.90557,1.5,1.74
11-08-2014,00:29:13.512,0.90569,0.90556,1.58,2.22
11-08-2014,00:29:15.390,0.90568,0.90556,1,2.22
11-08-2014,00:29:15.968,0.90568,0.90557,1,1.39
11-08-2014,00:29:16.702,0.90568,0.90556,1,2.97
11-08-2014,00:29:17.514,0.90568,0.90557,1,1.39
11-08-2014,00:29:19.492,0.90568,0.90556,1,2.22
11-08-2014,00:29:20.349,0.90568,0.90556,1,2.22
11-08-2014,00:29:22.549,0.90568,0.90556,1,2.97
11-08-2014,00:29:24.507,0.90568,0.90557,1,1.39
11-08-2014,00:29:27.120,0.90568,0.90555,1.1,1.74
11-08-2014,00:29:27.650,0.90568,0.90555,1.18,1.39
11-08-2014,00:29:32.133,0.90568,0.90555,1.09,1.39
11-08-2014,00:29:34.563,0.90568,0.90555,1.02,1.47
11-08-2014,00:29:37.166,0.90568,0.90556,1.1,1.29
11-08-2014,00:29:39.314,0.90568,0.90556,1.18,1.32
11-08-2014,00:29:39.939,0.90568,0.90556,1.1,1.39
11-08-2014,00:29:44.023,0.90568,0.90556,1.18,1.69
11-08-2014,00:29:44.528,0.90568,0.90556,1.1,1.29
11-08-2014,00:29:45.140,0.90568,0.90556,1.18,1.19
11-08-2014,00:29:45.714,0.90568,0.90556,1,1.37
11-08-2014,00:29:57.985,0.90568,0.90557,1,1.39
11-08-2014,00:29:58.491,0.9057,0.90559,1.69,1.2
11-08-2014,00:29:58.694,0.90572,0.90559,2.52,1.55
11-08-2014,00:29:59.229,0.90572,0.90561,1.84,1
11-08-2014,00:29:59.773,0.90572,0.9056,1.09,1.25
11-08-2014,00:30:00.878,0.90572,0.90559,1.09,2.14
11-08-2014,00:30:01.436,0.90572,0.90559,1.09,2.14
11-08-2014,00:30:02.091,0.90572,0.90561,1.09,1
11-08-2014,00:30:02.599,0.90572,0.90559,1.09,2.14
11-08-2014,00:30:03.105,0.9057,0.90559,1,1.39
11-08-2014,00:30:03.610,0.9057,0.90561,1,1
11-08-2014,00:30:03.964,0.9057,0.90559,1,1.02
11-08-2014,00:30:04.470,0.9057,0.90559,1,1.39
11-08-2014,00:30:05.182,0.90569,0.90559,1,2.14
11-08-2014,00:30:05.336,0.90571,0.90559,1.1,2.14
11-08-2014,00:30:05.848,0.90571,0.9056,1.1,2.07
11-08-2014,00:30:06.253,0.90569,0.9056,1,2.07
11-08-2014,00:30:06.455,0.90571,0.9056,1.1,1.19
11-08-2014,00:30:07.253,0.90571,0.90562,1,1
11-08-2014,00:30:08.812,0.90571,0.90562,1,1.63
11-08-2014,00:30:09.483,0.90571,0.90562,1,1.32
11-08-2014,00:30:18.978,0.90572,0.90562,1.1,1.13
11-08-2014,00:30:25.136,0.90571,0.90562,1,1.32
11-08-2014,00:30:28.596,0.90571,0.9056,1,2.22
11-08-2014,00:30:31.656,0.90571,0.90562,1,1
11-08-2014,00:30:34.630,0.90571,0.9056,1,2.14
11-08-2014,00:30:35.229,0.90571,0.90562,1,1.13
11-08-2014,00:31:02.056,0.90571,0.90563,1,1
11-08-2014,00:31:05.890,0.90571,0.90563,1,1.38
11-08-2014,00:31:06.397,0.90571,0.90563,1,1
11-08-2014,00:31:07.010,0.90571,0.90561,1,2.14
11-08-2014,00:31:07.552,0.90571,0.90561,1,1.67
11-08-2014,00:31:09.314,0.90571,0.90562,1,1.32
11-08-2014,00:31:09.854,0.90571,0.90562,1,1.63
11-08-2014,00:31:10.932,0.90571,0.90564,1,1
11-08-2014,00:31:12.514,0.90571,0.90563,1,1.13
11-08-2014,00:31:15.174,0.90571,0.90562,1,1.32
11-08-2014,00:31:17.872,0.90571,0.90565,1,1
11-08-2014,00:31:18.475,0.90571,0.90564,1,1
11-08-2014,00:31:19.837,0.90571,0.90565,1,1
11-08-2014,00:31:20.343,0.90571,0.90564,1,1
11-08-2014,00:31:20.867,0.90571,0.90563,1,1.13
11-08-2014,00:31:22.722,0.90571,0.90562,1,1.32
11-08-2014,00:31:24.770,0.90571,0.90561,1.5,2.14
11-08-2014,00:31:25.314,0.90571,0.90561,1,2.14
11-08-2014,00:31:28.507,0.90573,0.90562,1.1,1.32
11-08-2014,00:31:28.558,0.90573,0.90565,1.1,1
11-08-2014,00:31:29.065,0.90573,0.90566,1.1,1
11-08-2014,00:31:31.901,0.90573,0.90566,1.18,1
11-08-2014,00:31:32.306,0.90573,0.90564,1.18,1
11-08-2014,00:31:32.407,0.90573,0.90562,1.18,1.32
11-08-2014,00:31:32.950,0.90573,0.90562,1.1,1.32
11-08-2014,00:31:33.662,0.90573,0.90562,1.18,1.32
11-08-2014,00:31:34.536,0.90573,0.90562,1.1,1.63
11-08-2014,00:31:35.175,0.90573,0.90562,1.1,1.32
11-08-2014,00:31:35.687,0.90573,0.90562,1.08,1.32
11-08-2014,00:31:37.166,0.90573,0.90562,1.1,1.32
11-08-2014,00:31:39.096,0.90573,0.90561,1.18,2.07
11-08-2014,00:31:39.616,0.90574,0.90561,1.09,2.14
11-08-2014,00:31:41.436,0.90572,0.90561,1,1.67
11-08-2014,00:31:41.965,0.90572,0.90561,1.1,1.25
11-08-2014,00:31:42.380,0.90572,0.90561,1.1,1.63
11-08-2014,00:31:42.918,0.90572,0.90564,1,1
11-08-2014,00:31:45.596,0.90572,0.90563,1,1.32
11-08-2014,00:31:47.579,0.90571,0.90563,1,1.13
11-08-2014,00:31:47.883,0.90569,0.90562,1,1.25
11-08-2014,00:31:48.365,0.90569,0.90559,1.58,1.63
11-08-2014,00:31:49.125,0.90569,0.90561,1.5,1
11-08-2014,00:31:49.429,0.90569,0.90563,1,1
11-08-2014,00:31:49.935,0.90569,0.90564,1,1
11-08-2014,00:31:50.087,0.90569,0.90562,1,1.13
11-08-2014,00:31:54.877,0.90569,0.90562,1,1.38
11-08-2014,00:31:58.995,0.90569,0.90562,1,1
11-08-2014,00:32:00.330,0.90569,0.90563,1,1
11-08-2014,00:32:02.401,0.90571,0.90563,1.65,1
11-08-2014,00:32:03.040,0.90571,0.90562,1.65,1
11-08-2014,00:32:03.701,0.90571,0.90561,1.65,1.13
11-08-2014,00:32:04.381,0.90571,0.90561,1.65,1.38
11-08-2014,00:32:04.920,0.90571,0.90561,1.5,1.48
11-08-2014,00:32:09.066,0.90571,0.90562,1,1.38
11-08-2014,00:32:09.319,0.90574,0.90566,1.58,1.13
11-08-2014,00:32:09.370,0.90574,0.90568,1.58,1
11-08-2014,00:32:10.131,0.90574,0.90569,1.5,1
11-08-2014,00:32:10.333,0.90577,0.9057,1,1
11-08-2014,00:32:10.637,0.90574,0.9057,1,1
11-08-2014,00:32:10.688,0.90574,0.90568,1,1
11-08-2014,00:32:11.929,0.90574,0.90567,1,1.13
11-08-2014,00:32:12.435,0.90574,0.90566,1,2.07
11-08-2014,00:32:13.435,0.90574,0.90566,1,1.63
11-08-2014,00:32:14.324,0.90574,0.90566,1,1.32
11-08-2014,00:32:14.952,0.90574,0.90566,1,1.63
11-08-2014,00:32:17.336,0.90574,0.90566,1,1.13
11-08-2014,00:32:18.532,0.90574,0.90566,1,1.38
11-08-2014,00:32:19.038,0.90574,0.90566,1,1.13
11-08-2014,00:32:19.559,0.90574,0.90566,1,1.48
11-08-2014,00:32:19.610,0.90574,0.90569,1,1
11-08-2014,00:32:24.443,0.90574,0.90567,1,1.25
11-08-2014,00:32:25.104,0.90574,0.90566,1,1.38
11-08-2014,00:32:25.257,0.90574,0.90566,1,1
11-08-2014,00:32:25.764,0.90574,0.90565,1,1.39
11-08-2014,00:32:33.993,0.90574,0.90564,1,2.22
11-08-2014,00:32:40.791,0.90574,0.90564,1,2.14
11-08-2014,00:32:41.505,0.90574,0.90564,1,2.14
11-08-2014,00:32:45.765,0.90574,0.90564,1,2.14
11-08-2014,00:32:46.404,0.90574,0.90564,1,2.14
11-08-2014,00:32:46.945,0.90574,0.90564,1,2.14
11-08-2014,00:32:47.605,0.90574,0.90564,1,2.14
11-08-2014,00:32:54.698,0.90574,0.90569,1,1
11-08-2014,00:32:56.564,0.90574,0.90568,1,1
11-08-2014,00:32:57.112,0.90574,0.90566,1,1.63
11-08-2014,00:32:57.618,0.90574,0.90566,1,1.13
11-08-2014,00:32:57.958,0.90574,0.90568,1,1
11-08-2014,00:33:01.141,0.90574,0.90567,1,1.13
11-08-2014,00:33:06.663,0.90574,0.90568,1,1
11-08-2014,00:33:10.720,0.90575,0.90568,1,1
11-08-2014,00:33:15.141,0.90575,0.90567,1,1
11-08-2014,00:33:15.647,0.90575,0.90568,1,1
11-08-2014,00:33:16.153,0.90574,0.90568,1,1
11-08-2014,00:33:18.965,0.90575,0.90569,1,1
11-08-2014,00:33:19.066,0.90577,0.90569,1.02,1
11-08-2014,00:33:19.757,0.90577,0.90568,1.58,1
11-08-2014,00:33:19.859,0.90574,0.90568,1,1
11-08-2014,00:33:20.364,0.90574,0.90567,1,1.13
11-08-2014,00:33:21.158,0.90574,0.90565,1,1.32
11-08-2014,00:33:21.700,0.90574,0.90565,1,1.63
11-08-2014,00:33:22.683,0.90574,0.90565,1,1.32
11-08-2014,00:33:27.627,0.90574,0.90565,1,2.07
11-08-2014,00:33:27.678,0.90574,0.90569,1,1
11-08-2014,00:33:32.711,0.90574,0.90568,1,1
11-08-2014,00:33:33.502,0.90574,0.90567,1,1
11-08-2014,00:33:38.577,0.90574,0.90566,1,1
11-08-2014,00:33:39.106,0.90574,0.90567,1.1,1
11-08-2014,00:33:39.562,0.90574,0.90564,1.1,1.13
11-08-2014,00:33:44.814,0.90574,0.90565,1,1
11-08-2014,00:33:47.280,0.90574,0.90564,1.1,1.25
11-08-2014,00:33:48.382,0.90574,0.90566,1,1
11-08-2014,00:33:49.117,0.90574,0.90565,1,1
11-08-2014,00:33:51.127,0.90574,0.90567,1.1,1
11-08-2014,00:33:52.327,0.90574,0.90568,1,1
11-08-2014,00:33:53.649,0.90574,0.90567,1,1
11-08-2014,00:33:56.475,0.90574,0.90568,1,1
11-08-2014,00:33:57.043,0.90574,0.90567,1,1
11-08-2014,00:34:02.527,0.90574,0.90568,1,1
11-08-2014,00:34:18.504,0.90574,0.90567,1,1
11-08-2014,00:34:19.945,0.90575,0.90567,1,1
11-08-2014,00:34:20.827,0.90575,0.90568,1,1
11-08-2014,00:34:24.052,0.90574,0.90568,1,1
11-08-2014,00:34:24.619,0.90573,0.90569,1,1
11-08-2014,00:34:24.993,0.90575,0.90568,1.2,1
11-08-2014,00:34:33.224,0.90576,0.90568,1.5,1
11-08-2014,00:34:34.124,0.90576,0.90567,1.1,1
11-08-2014,00:34:34.629,0.90576,0.90567,1,1.63
11-08-2014,00:34:34.680,0.90576,0.90571,1,1
11-08-2014,00:34:35.185,0.90576,0.90572,1,1
11-08-2014,00:34:35.734,0.90576,0.90571,1,1
11-08-2014,00:34:37.033,0.90574,0.90566,1,1.67
11-08-2014,00:34:37.559,0.90574,0.9057,1,1
11-08-2014,00:34:41.904,0.90577,0.9057,1,1
11-08-2014,00:34:42.463,0.90577,0.90571,1,1
11-08-2014,00:34:42.923,0.90579,0.90573,1.58,1
11-08-2014,00:34:43.126,0.90581,0.90575,1.69,1
11-08-2014,00:34:43.632,0.90581,0.90574,3,1
11-08-2014,00:34:44.211,0.90581,0.90573,3,1
11-08-2014,00:34:44.515,0.90579,0.90573,1,1
11-08-2014,00:34:48.660,0.90579,0.90574,1,1
11-08-2014,00:34:48.710,0.90581,0.90574,3,1
11-08-2014,00:34:49.243,0.90581,0.90573,3,1
11-08-2014,00:34:49.395,0.90579,0.90574,1,1
11-08-2014,00:34:49.800,0.90581,0.90574,3,1
11-08-2014,00:34:50.256,0.90579,0.90573,1,1
11-08-2014,00:34:50.764,0.90579,0.90574,1,1
11-08-2014,00:35:11.088,0.90579,0.90572,1,1
11-08-2014,00:35:11.290,0.90579,0.90574,1,1
11-08-2014,00:35:11.392,0.90579,0.90572,1,1
11-08-2014,00:35:11.494,0.90579,0.9057,1,1.13
11-08-2014,00:35:11.798,0.90576,0.90569,1,1.32
11-08-2014,00:35:12.307,0.90576,0.90567,1,1.39
11-08-2014,00:35:12.409,0.90576,0.90569,1,1
11-08-2014,00:35:12.915,0.90576,0.9057,1,1
11-08-2014,00:35:13.269,0.90576,0.90567,1,2.14
11-08-2014,00:35:13.877,0.90576,0.90567,1,2.14
11-08-2014,00:35:14.414,0.90576,0.90567,1,2.14
11-08-2014,00:35:18.322,0.90576,0.90569,1,1
11-08-2014,00:35:18.838,0.90576,0.90567,1,1.39
11-08-2014,00:35:24.916,0.90576,0.90566,1,1.39
11-08-2014,00:35:25.581,0.90576,0.90566,1,1.67
11-08-2014,00:35:26.088,0.90576,0.90568,1,1.63
11-08-2014,00:35:26.876,0.90576,0.90567,1,2.07
11-08-2014,00:35:28.300,0.90576,0.90567,1,2.07
11-08-2014,00:35:32.293,0.90576,0.90567,1,2.07
11-08-2014,00:35:32.547,0.90576,0.9057,1,1
11-08-2014,00:35:41.852,0.90576,0.90568,1,1.32
11-08-2014,00:35:42.770,0.90576,0.90568,1,1.63
11-08-2014,00:35:52.440,0.90576,0.90569,1,1.39
11-08-2014,00:35:52.592,0.9058,0.90573,1,1
11-08-2014,00:35:52.694,0.90576,0.90571,1,1
11-08-2014,00:35:52.896,0.90576,0.90567,1,1.72
11-08-2014,00:35:53.402,0.90576,0.90567,1,2.07
11-08-2014,00:35:54.124,0.90576,0.90567,1,1.32
11-08-2014,00:35:55.084,0.90576,0.90567,1,1.63
11-08-2014,00:35:55.645,0.90576,0.90567,1,1.32
11-08-2014,00:35:57.647,0.90576,0.90567,1,1.63
11-08-2014,00:35:58.213,0.90576,0.90567,1,1.32
11-08-2014,00:36:00.323,0.90576,0.90567,1,1.63
11-08-2014,00:36:01.158,0.90576,0.90567,1,1.25
11-08-2014,00:36:01.743,0.90576,0.90567,1,1.32
11-08-2014,00:36:07.811,0.90576,0.90567,1,1.25
11-08-2014,00:36:09.730,0.90576,0.90569,1,1
11-08-2014,00:36:10.266,0.90576,0.90569,1,1.38
11-08-2014,00:36:10.544,0.90576,0.90566,1,2.89
11-08-2014,00:36:11.178,0.90576,0.90567,1,1.32
11-08-2014,00:36:11.686,0.90576,0.90566,1,2.89
11-08-2014,00:36:11.837,0.90578,0.90566,1.58,2.89
11-08-2014,00:36:19.058,0.90578,0.90566,1.65,1.19
11-08-2014,00:36:19.109,0.90578,0.90564,2.97,2.14
11-08-2014,00:36:19.563,0.90573,0.90564,1,1.29
11-08-2014,00:36:20.272,0.90573,0.90563,1,1.69
11-08-2014,00:36:23.627,0.90573,0.90563,1,1.25
11-08-2014,00:36:24.530,0.90576,0.90564,1.15,1
11-08-2014,00:36:34.471,0.90576,0.90564,1.47,1.25
11-08-2014,00:36:34.522,0.90573,0.90561,1.18,1.69
11-08-2014,00:36:34.673,0.90568,0.90559,1,1.29
11-08-2014,00:36:34.724,0.90568,0.90557,1.1,1.19
11-08-2014,00:36:35.234,0.90568,0.90557,1.08,1.69
11-08-2014,00:36:35.797,0.90568,0.90557,1.08,1.25
11-08-2014,00:36:37.481,0.90568,0.90558,1.08,1
11-08-2014,00:36:40.319,0.90568,0.90557,1.08,1.25
11-08-2014,00:36:44.406,0.90568,0.90557,1.08,2.07
11-08-2014,00:36:47.795,0.90568,0.90557,1,2.07
11-08-2014,00:36:48.903,0.90568,0.90558,1,1.32
11-08-2014,00:36:49.106,0.90571,0.90559,1.09,1.25
11-08-2014,00:36:49.258,0.90568,0.90558,1,1.39
11-08-2014,00:36:49.511,0.90571,0.90559,1.09,1.25
11-08-2014,00:36:50.061,0.90571,0.90559,1.4,1.25
11-08-2014,00:36:55.140,0.90571,0.90559,1.09,1.32
11-08-2014,00:36:56.018,0.90571,0.90559,1.18,2.07
11-08-2014,00:36:56.590,0.90571,0.90559,1.15,2.07
11-08-2014,00:36:57.196,0.90571,0.90559,1.18,1.69
11-08-2014,00:36:58.014,0.90571,0.90559,1.18,2.07
11-08-2014,00:36:58.532,0.90571,0.90559,1.33,1.32
11-08-2014,00:37:00.944,0.90571,0.90559,1.4,1.25
11-08-2014,00:37:01.475,0.90571,0.90559,1.09,1.25
11-08-2014,00:37:02.653,0.90571,0.90559,1.4,1.25
11-08-2014,00:37:04.707,0.90571,0.90559,1.09,1.25
11-08-2014,00:37:05.390,0.90571,0.90559,1.4,1.25
11-08-2014,00:37:06.108,0.90571,0.90559,1.09,1.25
11-08-2014,00:37:10.371,0.90571,0.90559,1.4,1.25
11-08-2014,00:37:10.898,0.90571,0.90559,1.4,1.25
11-08-2014,00:37:27.176,0.90571,0.90559,2.59,1.88
11-08-2014,00:37:27.684,0.90571,0.90559,1.18,2.82
11-08-2014,00:37:29.751,0.90571,0.90559,1.15,1.69
11-08-2014,00:37:30.262,0.90571,0.90559,1.15,2.07
11-08-2014,00:37:30.767,0.90571,0.90559,1.4,2.07
11-08-2014,00:37:31.588,0.90571,0.90559,1.18,2.82
11-08-2014,00:37:32.837,0.90571,0.90559,1.15,2.82
11-08-2014,00:37:32.939,0.90571,0.90559,1.2,2.82
11-08-2014,00:37:33.446,0.90571,0.90559,1.18,2.82
11-08-2014,00:37:33.947,0.90571,0.90559,1.18,2.07
11-08-2014,00:37:35.010,0.90571,0.90559,1.15,1.25
11-08-2014,00:37:35.515,0.90571,0.90559,1.08,1.32
11-08-2014,00:37:36.638,0.90571,0.90559,1.4,1.32
11-08-2014,00:37:40.192,0.90571,0.90559,1.09,1.32
11-08-2014,00:37:40.774,0.90571,0.90559,1.4,2.07
11-08-2014,00:37:41.431,0.90571,0.90559,1.09,2.07
11-08-2014,00:37:42.205,0.90571,0.90559,1.09,2.07
11-08-2014,00:37:45.003,0.90571,0.90559,1.4,2.07
11-08-2014,00:37:46.112,0.90571,0.90559,1.4,2.07
11-08-2014,00:37:53.390,0.90572,0.9056,1.34,1
11-08-2014,00:37:55.165,0.90573,0.9056,1.47,1
11-08-2014,00:38:02.347,0.90573,0.9056,1.4,1.69
11-08-2014,00:38:12.399,0.90573,0.9056,1.84,1.32
11-08-2014,00:38:16.413,0.90573,0.9056,1.4,2.07
11-08-2014,00:38:17.429,0.90573,0.9056,1.84,1.32
11-08-2014,00:38:19.459,0.90573,0.90562,1.84,1
11-08-2014,00:38:40.324,0.90573,0.90563,1.34,1
11-08-2014,00:38:40.988,0.90573,0.90562,1.34,1
11-08-2014,00:38:45.519,0.90574,0.9056,1.34,2.07
11-08-2014,00:38:46.276,0.90574,0.90562,1.34,1
11-08-2014,00:38:46.782,0.90574,0.9056,1.34,1.69
11-08-2014,00:38:52.745,0.90575,0.90559,5.97,2.07
11-08-2014,00:38:53.116,0.90574,0.90559,1.4,2.07
11-08-2014,00:38:53.900,0.90574,0.90559,1.84,2.07
11-08-2014,00:38:54.407,0.90574,0.90559,1.84,2.07
11-08-2014,00:38:54.917,0.90574,0.90559,1.84,2.07
11-08-2014,00:38:55.423,0.90574,0.90559,1.84,2.07
11-08-2014,00:38:55.931,0.90573,0.90561,1.34,1
11-08-2014,00:38:56.437,0.90573,0.90561,1.34,1
11-08-2014,00:38:56.948,0.90573,0.90562,1.34,1
11-08-2014,00:38:57.833,0.90573,0.9056,1.34,1.63
11-08-2014,00:38:58.359,0.90573,0.9056,1.34,1.63
11-08-2014,00:39:00.060,0.90573,0.9056,1.34,1.32
11-08-2014,00:39:00.683,0.90573,0.9056,1.34,1.63
11-08-2014,00:39:02.053,0.90573,0.9056,1.34,1.32
11-08-2014,00:39:04.336,0.90573,0.90562,1.34,1
11-08-2014,00:39:04.843,0.90573,0.90561,1.34,1
11-08-2014,00:39:16.801,0.90573,0.90561,1.34,1
11-08-2014,00:39:17.341,0.90573,0.90562,1.34,1
11-08-2014,00:39:17.997,0.90573,0.90562,1.34,1
11-08-2014,00:39:19.183,0.90573,0.90562,1.34,1
11-08-2014,00:39:19.694,0.90573,0.90562,1.34,1
11-08-2014,00:39:20.202,0.90573,0.90561,2.59,1
11-08-2014,00:39:20.766,0.90573,0.90561,2.59,1
11-08-2014,00:39:24.060,0.90573,0.90561,1.84,1
11-08-2014,00:39:24.691,0.90573,0.90561,1.84,1
11-08-2014,00:39:25.966,0.90573,0.9056,2.59,1.32
11-08-2014,00:39:27.656,0.90573,0.90562,2.59,1
11-08-2014,00:39:31.906,0.90573,0.90561,2.59,1
11-08-2014,00:39:43.688,0.90573,0.9056,2.59,1.25
11-08-2014,00:39:44.336,0.90573,0.90561,2.59,1
11-08-2014,00:39:47.872,0.90573,0.90562,2.59,1
11-08-2014,00:39:59.088,0.90573,0.90561,1.84,1.25
11-08-2014,00:40:10.325,0.90573,0.90561,1.84,1.25
11-08-2014,00:40:11.792,0.90573,0.90563,1.84,1
11-08-2014,00:40:11.894,0.90574,0.90564,2.59,1
11-08-2014,00:40:13.837,0.90574,0.90563,1.84,1
11-08-2014,00:40:14.952,0.90574,0.90562,1.84,1.32
11-08-2014,00:40:15.489,0.90574,0.90562,1.84,1.63
11-08-2014,00:40:17.114,0.90574,0.90563,1.84,1.13
11-08-2014,00:40:19.447,0.90574,0.90563,1.84,1
11-08-2014,00:40:19.954,0.90574,0.90563,1.84,1
11-08-2014,00:40:27.680,0.90574,0.90562,1.15,1.13
11-08-2014,00:40:29.436,0.90574,0.90563,1.4,1
11-08-2014,00:40:30.068,0.90574,0.90563,1.09,1
11-08-2014,00:40:51.915,0.90574,0.90562,1.09,1.32
11-08-2014,00:40:52.437,0.90574,0.90563,1.09,1
11-08-2014,00:41:06.759,0.90574,0.90564,1.09,1
11-08-2014,00:41:08.705,0.90574,0.90562,1.09,1.25
11-08-2014,00:41:29.692,0.90575,0.90562,1.19,1.25
11-08-2014,00:41:45.324,0.90575,0.90562,1.19,1.63
11-08-2014,00:41:45.832,0.90575,0.90562,1.19,1.25
11-08-2014,00:41:46.478,0.90576,0.90562,1.25,1.25
11-08-2014,00:41:46.782,0.90576,0.90564,1.09,1
11-08-2014,00:41:47.136,0.90577,0.90568,1.29,1
11-08-2014,00:41:47.501,0.90573,0.90568,1,1
11-08-2014,00:41:47.903,0.90576,0.90569,1,1
11-08-2014,00:41:48.410,0.90576,0.9057,1,1
11-08-2014,00:41:53.077,0.90576,0.90571,1,1
11-08-2014,00:41:53.687,0.90576,0.9057,1,1
11-08-2014,00:41:57.121,0.90576,0.90569,1,1
11-08-2014,00:41:57.273,0.90574,0.90568,1,1
11-08-2014,00:41:57.477,0.90576,0.90568,1,1
11-08-2014,00:41:57.679,0.90576,0.90571,1,1
11-08-2014,00:41:58.231,0.90576,0.90569,1,1
11-08-2014,00:41:58.562,0.90576,0.90571,1,1
11-08-2014,00:41:59.085,0.90576,0.9057,1,1
11-08-2014,00:41:59.551,0.90576,0.90568,1,1
11-08-2014,00:42:02.208,0.90576,0.90569,1,1
11-08-2014,00:42:02.414,0.90576,0.90567,1,1
11-08-2014,00:42:02.518,0.90576,0.90569,1,1
11-08-2014,00:42:02.827,0.90573,0.90568,1,1
11-08-2014,00:42:03.180,0.90573,0.90566,1,1.25
11-08-2014,00:42:04.269,0.90573,0.90568,1,1
11-08-2014,00:42:06.709,0.90573,0.90567,1,1
11-08-2014,00:42:08.926,0.90573,0.90566,1,1
11-08-2014,00:42:11.881,0.90576,0.90568,1.02,1
11-08-2014,00:42:12.084,0.90576,0.9057,1.25,1
11-08-2014,00:42:12.655,0.90576,0.90569,1,1
11-08-2014,00:42:13.164,0.90576,0.9057,1,1
11-08-2014,00:42:16.483,0.90576,0.90569,1,1
11-08-2014,00:42:24.238,0.90578,0.90569,1.02,1
11-08-2014,00:42:24.643,0.90576,0.9057,1,1
11-08-2014,00:42:53.654,0.90576,0.90568,1,1
11-08-2014,00:43:07.115,0.90576,0.9057,1,1
11-08-2014,00:43:07.653,0.90576,0.90569,1,1
11-08-2014,00:43:08.620,0.90576,0.9057,1,1
11-08-2014,00:43:08.979,0.90576,0.90572,1,1
11-08-2014,00:43:09.391,0.90576,0.90566,1,1.67
11-08-2014,00:43:09.645,0.90578,0.90574,1,1
11-08-2014,00:43:09.747,0.90581,0.90574,1,1
11-08-2014,00:43:10.253,0.90581,0.90575,1,1
11-08-2014,00:43:10.796,0.90581,0.90574,1,1
11-08-2014,00:43:11.302,0.90581,0.90576,1.1,1
11-08-2014,00:43:11.505,0.90581,0.90574,1.1,1
11-08-2014,00:43:12.832,0.90581,0.90576,1,1
11-08-2014,00:43:21.626,0.90581,0.90575,1,1
11-08-2014,00:43:22.184,0.90581,0.90574,1.1,1
11-08-2014,00:43:22.720,0.90581,0.90573,1,1
11-08-2014,00:43:23.265,0.90581,0.90574,1,1
11-08-2014,00:43:24.464,0.90581,0.90575,1,1
11-08-2014,00:43:24.970,0.90581,0.90574,1,1
11-08-2014,00:43:25.558,0.90581,0.90572,1,1
11-08-2014,00:43:26.066,0.90581,0.90571,1,1.25
11-08-2014,00:43:26.932,0.9058,0.90569,1,2.22
11-08-2014,00:43:27.135,0.90578,0.90571,1,1
11-08-2014,00:43:27.793,0.90578,0.9057,1,1
11-08-2014,00:43:28.307,0.90578,0.90569,1,1.13
11-08-2014,00:43:30.392,0.90578,0.90567,1,2.82
11-08-2014,00:43:30.926,0.90578,0.90569,1,1
11-08-2014,00:43:31.738,0.90578,0.90568,1,1.32
11-08-2014,00:43:34.654,0.90578,0.90568,1,1.63
11-08-2014,00:43:35.268,0.90578,0.90568,1,1.32
11-08-2014,00:43:36.613,0.90578,0.90568,1,1.63
11-08-2014,00:43:36.850,0.90578,0.90568,1,1.32
11-08-2014,00:43:37.362,0.90578,0.90568,1,1.63
11-08-2014,00:43:40.994,0.90578,0.90568,1,1.32
11-08-2014,00:43:41.095,0.9058,0.90569,1.02,1
11-08-2014,00:43:41.197,0.9058,0.90571,1.02,1
11-08-2014,00:43:42.974,0.9058,0.9057,1.1,1
11-08-2014,00:43:44.091,0.9058,0.9057,1.18,1
11-08-2014,00:43:44.600,0.9058,0.90569,1.18,1.25
11-08-2014,00:43:45.968,0.9058,0.90569,1.1,1
11-08-2014,00:43:46.580,0.9058,0.90569,1.18,1.32
11-08-2014,00:43:47.098,0.9058,0.90569,1.1,1.32
11-08-2014,00:44:00.423,0.9058,0.90569,1.18,1.25
11-08-2014,00:44:00.727,0.90578,0.90571,1,1
11-08-2014,00:44:06.490,0.90578,0.90569,1.08,1.13
11-08-2014,00:44:06.946,0.90577,0.90566,1.18,1.5
11-08-2014,00:44:07.048,0.90577,0.90566,1.18,1.5
11-08-2014,00:44:07.302,0.90576,0.90566,1.1,1
11-08-2014,00:44:08.265,0.90576,0.90567,1.1,1
11-08-2014,00:44:08.772,0.90576,0.90566,1.1,1
11-08-2014,00:44:09.480,0.90576,0.90567,1.1,1
11-08-2014,00:44:09.991,0.90576,0.90566,1.1,1
11-08-2014,00:44:11.549,0.90576,0.90567,1.1,1
11-08-2014,00:44:12.053,0.90576,0.90566,1.1,1
11-08-2014,00:44:12.777,0.90576,0.90567,1.1,1
11-08-2014,00:44:13.290,0.90576,0.90566,1.1,1
11-08-2014,00:44:13.822,0.90576,0.90565,1.1,1.25
11-08-2014,00:44:14.101,0.90576,0.90567,1.1,1
11-08-2014,00:44:14.608,0.90576,0.90566,1.1,1
11-08-2014,00:44:15.421,0.90576,0.90567,1.1,1
11-08-2014,00:44:15.924,0.90576,0.90566,1.1,1
11-08-2014,00:44:16.748,0.90576,0.90567,1.1,1
11-08-2014,00:44:17.921,0.90576,0.90565,1.1,1.25
11-08-2014,00:44:18.429,0.90576,0.90566,1.1,1
11-08-2014,00:44:18.934,0.90576,0.90567,1.1,1
11-08-2014,00:44:19.440,0.90576,0.90566,1.1,1
11-08-2014,00:44:19.945,0.90576,0.90567,1.1,1
11-08-2014,00:44:20.151,0.90576,0.90565,1.1,1.25
11-08-2014,00:44:20.353,0.90576,0.90567,1.1,1
11-08-2014,00:44:20.858,0.90576,0.90566,1.1,1
11-08-2014,00:44:21.364,0.90576,0.90567,1.1,1
11-08-2014,00:44:21.871,0.90578,0.90566,3.34,1.5
11-08-2014,00:44:22.377,0.90576,0.90567,1.1,1
11-08-2014,00:44:22.985,0.90576,0.90566,1.1,1
11-08-2014,00:44:23.491,0.90576,0.90567,1.1,1
11-08-2014,00:44:24.099,0.90576,0.90566,1.1,1
11-08-2014,00:44:24.605,0.90576,0.90567,1.1,1
11-08-2014,00:44:25.415,0.90576,0.90566,1.1,1
11-08-2014,00:44:25.920,0.90576,0.90567,1.1,1
11-08-2014,00:44:26.711,0.90576,0.90566,1.1,1
11-08-2014,00:44:27.242,0.90576,0.90567,1.1,1
11-08-2014,00:44:27.927,0.90576,0.90566,1.1,1
11-08-2014,00:44:28.461,0.90576,0.90567,1.1,1
11-08-2014,00:44:29.018,0.90576,0.90566,1.1,1
11-08-2014,00:44:33.215,0.90576,0.90565,1.58,1.25
11-08-2014,00:44:35.151,0.90576,0.90564,1.77,2.14
11-08-2014,00:44:36.223,0.90576,0.90564,1.77,2.07
11-08-2014,00:44:36.754,0.90576,0.90564,1.84,2.07
11-08-2014,00:44:37.271,0.90576,0.90566,1.84,1
11-08-2014,00:44:37.935,0.90576,0.90566,1.84,1
11-08-2014,00:44:42.416,0.90576,0.90566,1.84,1
11-08-2014,00:44:43.446,0.90576,0.90565,1.65,1.25
11-08-2014,00:44:44.355,0.90576,0.90564,2.59,1.25
11-08-2014,00:44:49.540,0.90576,0.90564,2.4,1
11-08-2014,00:45:03.011,0.90576,0.90564,2.4,1.69
11-08-2014,00:45:10.040,0.90576,0.90564,2.59,1.25
11-08-2014,00:45:24.765,0.90575,0.90563,1.2,1.29
11-08-2014,00:45:25.281,0.90575,0.90562,1.1,1.84
11-08-2014,00:45:26.153,0.90575,0.90563,1.1,1.29
11-08-2014,00:45:27.836,0.90575,0.90563,1.08,1.69
11-08-2014,00:45:34.822,0.90577,0.90563,2.59,1.29
11-08-2014,00:45:35.382,0.90577,0.90562,1.84,1.69
11-08-2014,00:45:39.292,0.90577,0.90563,3.34,1.39
11-08-2014,00:45:43.729,0.90577,0.90565,1.84,1
11-08-2014,00:45:44.612,0.90577,0.90565,1.29,1.1
11-08-2014,00:45:47.715,0.90578,0.90564,1.4,1.33
11-08-2014,00:45:48.264,0.90578,0.90564,1.47,1.02
11-08-2014,00:45:48.836,0.90578,0.90564,1.84,1.77
11-08-2014,00:45:54.385,0.90577,0.90564,1.84,1.02
11-08-2014,00:46:00.699,0.90577,0.90565,1.09,1
11-08-2014,00:46:06.617,0.90578,0.90566,1.84,1
11-08-2014,00:46:07.123,0.90579,0.90567,1.34,1
11-08-2014,00:46:07.427,0.90579,0.90569,1.37,1
11-08-2014,00:46:07.934,0.90579,0.90568,1.37,1
11-08-2014,00:46:08.596,0.90579,0.90567,1.84,1
11-08-2014,00:46:09.606,0.90579,0.90568,1.09,1
11-08-2014,00:46:10.426,0.90579,0.90568,1.4,1
11-08-2014,00:46:10.936,0.90579,0.90568,1.09,1
11-08-2014,00:46:12.125,0.90579,0.90567,1.09,1.25
11-08-2014,00:46:12.428,0.90579,0.90569,1.09,1
11-08-2014,00:46:12.884,0.90579,0.90567,1.09,1.25
11-08-2014,00:46:13.342,0.90579,0.90569,1.09,1
11-08-2014,00:46:14.319,0.90579,0.90568,1.09,1
11-08-2014,00:46:14.623,0.90579,0.9057,1.09,1
11-08-2014,00:46:17.190,0.90579,0.90569,1.4,1
11-08-2014,00:46:17.696,0.90579,0.9057,1.4,1
11-08-2014,00:46:24.220,0.90579,0.9057,1.4,1
11-08-2014,00:46:26.281,0.90579,0.90568,1.09,1
11-08-2014,00:46:34.997,0.90579,0.90567,1.09,1.25
11-08-2014,00:46:36.741,0.90579,0.90567,1.09,1.25
11-08-2014,00:46:37.246,0.90579,0.90566,2.22,1
11-08-2014,00:46:37.786,0.90576,0.90564,1.1,1.77
11-08-2014,00:46:42.531,0.90576,0.90564,1.02,1.02
11-08-2014,00:46:43.485,0.90576,0.90564,1.1,1.77
11-08-2014,00:46:50.542,0.90576,0.90564,1,1.25
11-08-2014,00:46:52.351,0.90576,0.90565,1,1
11-08-2014,00:47:20.796,0.90576,0.90563,1.25,2.97
11-08-2014,00:47:21.758,0.90576,0.90564,1,1.19
11-08-2014,00:47:33.626,0.90576,0.90563,1.09,3.57
11-08-2014,00:47:36.684,0.90576,0.90564,1.2,1.19
11-08-2014,00:47:41.719,0.90577,0.90563,1.34,2.07
11-08-2014,00:47:44.456,0.90577,0.90563,1.77,2.22
11-08-2014,00:47:45.001,0.90577,0.90564,1.02,1.19
11-08-2014,00:47:49.233,0.90577,0.90564,1.09,1.29
11-08-2014,00:47:51.752,0.90577,0.90564,1.84,1.02
11-08-2014,00:47:52.660,0.90577,0.90565,1.84,1
11-08-2014,00:47:53.721,0.90577,0.90564,1.84,1.02
11-08-2014,00:47:54.723,0.90577,0.90564,1.09,1.77
11-08-2014,00:47:55.764,0.90577,0.90564,1.84,1.02
11-08-2014,00:48:01.101,0.90577,0.90565,1.84,1
11-08-2014,00:48:06.210,0.90579,0.90565,2.59,1.1
11-08-2014,00:48:06.716,0.90579,0.90565,2.59,1
11-08-2014,00:48:07.221,0.90579,0.90565,2.59,1.1
11-08-2014,00:48:07.741,0.90579,0.90564,2.59,1.09
11-08-2014,00:48:08.432,0.90579,0.90564,2.59,1.32
11-08-2014,00:48:11.858,0.90578,0.90564,1.34,2.07
11-08-2014,00:48:12.363,0.90578,0.90566,1.34,1
11-08-2014,00:48:17.404,0.90578,0.90565,1.34,1.25
11-08-2014,00:48:24.996,0.90578,0.90565,1.34,1.25
11-08-2014,00:48:25.608,0.90578,0.90565,1.37,1.02
11-08-2014,00:48:38.096,0.90578,0.90565,1.39,1.33
11-08-2014,00:48:38.646,0.90578,0.90565,1.37,1.02
11-08-2014,00:48:42.617,0.90579,0.90566,1.34,1
11-08-2014,00:48:43.122,0.90579,0.90566,1.37,1.1
11-08-2014,00:48:44.203,0.90579,0.90565,1.84,1.29
11-08-2014,00:48:46.551,0.90578,0.90564,1.37,2.22
11-08-2014,00:48:52.007,0.90578,0.90566,1.84,1
11-08-2014,00:48:54.015,0.90578,0.90567,1.77,1
11-08-2014,00:48:54.643,0.90578,0.90567,1.1,1.25
11-08-2014,00:48:55.099,0.90578,0.90568,1.1,1.13
11-08-2014,00:48:55.201,0.90581,0.90569,1.69,1.08
11-08-2014,00:48:55.706,0.90581,0.9057,1,1.2
11-08-2014,00:48:57.199,0.90581,0.90571,1,1
11-08-2014,00:49:00.723,0.90581,0.90569,1,2.97
11-08-2014,00:49:05.770,0.90581,0.9057,1.1,1.32
11-08-2014,00:49:08.078,0.90581,0.90569,1.1,2.89
11-08-2014,00:49:09.188,0.90581,0.90571,1.1,1
11-08-2014,00:49:27.020,0.90581,0.9057,1.1,1.32
11-08-2014,00:49:43.046,0.90581,0.9057,1,1.29
11-08-2014,00:49:52.203,0.90581,0.90569,1,2.97
11-08-2014,00:49:55.317,0.90583,0.90569,1.37,1.84
11-08-2014,00:50:00.979,0.90582,0.90569,1.29,1.47
11-08-2014,00:50:01.232,0.90579,0.90567,1,3.72
11-08-2014,00:50:01.738,0.90581,0.90568,1.29,1.09
11-08-2014,00:50:02.252,0.90579,0.90567,1,2.97
11-08-2014,00:50:15.796,0.90579,0.90567,1,3.94
11-08-2014,00:50:16.251,0.90581,0.90568,1,2.07
11-08-2014,00:50:31.942,0.90581,0.90571,1,1.48
11-08-2014,00:50:32.094,0.90581,0.90575,1,1
11-08-2014,00:50:32.602,0.90581,0.90574,1,1
11-08-2014,00:50:33.126,0.90581,0.90575,1,1
11-08-2014,00:50:35.621,0.90581,0.90574,1,1
11-08-2014,00:50:36.138,0.90581,0.90575,1,1
11-08-2014,00:50:40.097,0.90581,0.90574,1,1
11-08-2014,00:50:43.551,0.90581,0.90575,1,1
11-08-2014,00:50:44.388,0.90581,0.90574,1,1
11-08-2014,00:50:46.037,0.90581,0.90575,1,1
11-08-2014,00:51:04.967,0.90581,0.90574,1,1
11-08-2014,00:51:11.600,0.90581,0.90572,1,1
11-08-2014,00:51:12.129,0.90581,0.90571,1,1.02
11-08-2014,00:51:15.994,0.90583,0.90571,1.25,1.25
11-08-2014,00:51:16.652,0.90583,0.90571,1.09,1.25
11-08-2014,00:51:23.879,0.90583,0.90571,1.4,1.25
11-08-2014,00:51:24.387,0.90583,0.90571,1.09,1.25
11-08-2014,00:51:30.622,0.90583,0.9057,1.18,1.39
11-08-2014,00:51:31.980,0.90583,0.9057,1.09,2.14
11-08-2014,00:51:40.121,0.90583,0.9057,1.84,1.02
11-08-2014,00:51:40.624,0.90583,0.9057,1.84,1.32
11-08-2014,00:51:41.135,0.90583,0.9057,1.09,2.14
11-08-2014,00:51:50.201,0.90583,0.90569,1.34,2.14
11-08-2014,00:51:52.570,0.90583,0.9057,1.34,1.32
11-08-2014,00:51:53.076,0.90583,0.9057,1.34,1.25
11-08-2014,00:51:53.581,0.90579,0.90569,1.1,1.32
11-08-2014,00:51:58.090,0.90579,0.9057,1,1
11-08-2014,00:51:58.616,0.90581,0.9057,1.18,1
11-08-2014,00:52:00.179,0.90581,0.90571,1.18,1
11-08-2014,00:52:05.547,0.90581,0.90571,1.15,1
11-08-2014,00:52:05.750,0.90579,0.90569,1,1.13
11-08-2014,00:52:06.309,0.90579,0.90569,1.08,1
11-08-2014,00:52:06.814,0.90579,0.90568,1,1.54
11-08-2014,00:52:07.319,0.90581,0.90569,1.84,1
11-08-2014,00:52:07.825,0.90579,0.90569,1,1
11-08-2014,00:52:09.115,0.90579,0.9057,1,1
11-08-2014,00:52:09.622,0.90581,0.90569,1.84,1.13
11-08-2014,00:52:10.128,0.90579,0.90569,1,1.32
11-08-2014,00:52:10.433,0.90582,0.90571,1.84,1
11-08-2014,00:52:10.939,0.90579,0.9057,1.1,1
11-08-2014,00:52:11.457,0.90579,0.90569,1.1,1.25
11-08-2014,00:52:12.393,0.90579,0.90571,1.1,1
11-08-2014,00:52:13.412,0.90579,0.9057,1,1.13
11-08-2014,00:52:13.716,0.90581,0.90572,1.4,1
11-08-2014,00:52:13.818,0.90579,0.9057,1,1.13
11-08-2014,00:52:15.101,0.90581,0.9057,1.09,1.13
11-08-2014,00:52:15.629,0.90579,0.9057,1.1,1
11-08-2014,00:52:22.319,0.90579,0.90571,1,1
11-08-2014,00:52:23.665,0.90582,0.90571,1.84,1.13
11-08-2014,00:52:24.347,0.90582,0.90571,1.84,1
11-08-2014,00:52:34.700,0.90582,0.9057,1.84,1
11-08-2014,00:52:41.940,0.90582,0.9057,1.77,1.1
11-08-2014,00:52:42.448,0.90582,0.90571,1.84,1
11-08-2014,00:52:44.773,0.90582,0.9057,1.4,1.32
11-08-2014,00:52:45.279,0.90582,0.90571,1.4,1
11-08-2014,00:52:46.048,0.90582,0.90572,1.4,1
11-08-2014,00:52:46.203,0.90582,0.9057,1.4,1.25
11-08-2014,00:52:46.507,0.90582,0.90572,1.4,1
11-08-2014,00:52:47.023,0.90582,0.90571,1.4,1
11-08-2014,00:52:47.585,0.90582,0.90572,1.4,1
11-08-2014,00:52:48.685,0.90582,0.90571,1.4,1
11-08-2014,00:52:52.154,0.90582,0.9057,1.4,1.25
11-08-2014,00:52:52.684,0.90582,0.9057,1.09,1.25
11-08-2014,00:52:54.973,0.90582,0.9057,1.09,1.02
11-08-2014,00:52:55.709,0.90582,0.9057,1.09,1.25
11-08-2014,00:53:11.454,0.90582,0.90573,1.09,1
11-08-2014,00:53:13.244,0.90582,0.90572,1.09,1.13
11-08-2014,00:53:20.584,0.90582,0.90573,1.18,1
11-08-2014,00:53:21.089,0.90582,0.90574,1.18,1
11-08-2014,00:53:27.448,0.90584,0.90575,1.47,1
11-08-2014,00:53:28.833,0.90584,0.90574,1.47,1
11-08-2014,00:53:29.366,0.90584,0.90575,1.47,1
11-08-2014,00:53:37.525,0.90584,0.90574,1.34,1
11-08-2014,00:53:38.029,0.90584,0.90573,1.34,1
11-08-2014,00:53:40.049,0.90584,0.90573,1.34,1
11-08-2014,00:53:41.086,0.90584,0.90571,1.34,1.32
11-08-2014,00:53:41.375,0.90584,0.90573,1.34,1
11-08-2014,00:53:41.926,0.90584,0.90572,1.34,1
11-08-2014,00:53:43.634,0.90584,0.90572,1.34,1.38
11-08-2014,00:53:44.159,0.90584,0.90572,1.47,1.13
11-08-2014,00:53:44.668,0.90584,0.90572,1.47,1.13
11-08-2014,00:53:45.830,0.90584,0.90572,1.47,1.13
11-08-2014,00:53:46.376,0.90584,0.90572,1.47,1.13
11-08-2014,00:53:46.915,0.90584,0.90572,1.47,1.13
11-08-2014,00:53:47.492,0.90584,0.90572,1.47,1.13
11-08-2014,00:53:53.584,0.90584,0.90571,1.47,1.32
11-08-2014,00:53:54.131,0.90584,0.90571,1.47,1.63
11-08-2014,00:53:58.965,0.90584,0.90572,1.34,1.38
11-08-2014,00:53:59.585,0.90584,0.90572,1.47,1.13
11-08-2014,00:54:00.119,0.90584,0.90572,1.34,1.13
11-08-2014,00:54:00.452,0.90584,0.90575,1.34,1
11-08-2014,00:54:00.762,0.90586,0.90577,1.17,1
11-08-2014,00:54:01.322,0.90586,0.90576,1.17,1
11-08-2014,00:54:02.850,0.90586,0.90576,1.44,1
11-08-2014,00:54:03.363,0.90586,0.90576,1.44,1
11-08-2014,00:54:05.747,0.90587,0.90576,1.42,1
11-08-2014,00:54:06.495,0.90587,0.90576,1.42,1
11-08-2014,00:54:07.000,0.90587,0.90576,1.42,1
11-08-2014,00:54:10.767,0.90587,0.90577,1.44,1
11-08-2014,00:54:10.970,0.90586,0.9058,1.15,1
11-08-2014,00:54:11.122,0.90586,0.90578,1.15,1
11-08-2014,00:54:11.325,0.90586,0.9058,1,1
11-08-2014,00:54:11.427,0.90588,0.9058,1,1
11-08-2014,00:54:11.680,0.90591,0.90581,1.37,1
11-08-2014,00:54:12.186,0.90588,0.90582,1,1
11-08-2014,00:54:12.388,0.90592,0.90581,1.84,1
11-08-2014,00:54:12.896,0.90589,0.90582,1,1
11-08-2014,00:54:12.947,0.90591,0.90582,1,1
11-08-2014,00:54:13.453,0.90591,0.90583,1,1
11-08-2014,00:54:13.706,0.90588,0.90583,1,1
11-08-2014,00:54:13.859,0.90591,0.90582,1,1
11-08-2014,00:54:14.164,0.90588,0.90584,1,1
11-08-2014,00:54:14.265,0.90591,0.90584,1.1,1
11-08-2014,00:54:14.519,0.90591,0.90586,1,1
11-08-2014,00:54:14.833,0.90588,0.90583,1,1
11-08-2014,00:54:15.148,0.90594,0.90585,1.47,1
11-08-2014,00:54:19.257,0.90588,0.90582,1,1
11-08-2014,00:54:19.813,0.90588,0.9058,1,1
11-08-2014,00:54:20.117,0.90588,0.90582,1,1
11-08-2014,00:54:22.095,0.90588,0.90583,1,1
11-08-2014,00:54:22.602,0.90588,0.90582,1,1
11-08-2014,00:54:23.318,0.90588,0.90583,1,1
11-08-2014,00:54:25.501,0.90588,0.90582,1,1
11-08-2014,00:54:26.063,0.90588,0.9058,1,1
11-08-2014,00:54:26.165,0.90591,0.90581,1.09,1
11-08-2014,00:54:27.124,0.90588,0.90581,1,1
11-08-2014,00:54:27.276,0.90591,0.90582,1.18,1
11-08-2014,00:54:27.934,0.90588,0.9058,1,1
11-08-2014,00:54:28.050,0.90591,0.9058,1.09,1
11-08-2014,00:54:28.102,0.90591,0.90582,1.09,1
11-08-2014,00:54:28.710,0.90588,0.90581,1,1
11-08-2014,00:54:28.811,0.90591,0.90582,1.09,1
11-08-2014,00:54:30.026,0.90588,0.9058,1,1.25
11-08-2014,00:54:30.332,0.90591,0.90582,1.18,1
11-08-2014,00:54:30.788,0.90588,0.90579,1,2.82
11-08-2014,00:54:30.890,0.90591,0.90581,1.09,1
11-08-2014,00:54:31.092,0.90588,0.90582,1,1
11-08-2014,00:54:31.144,0.90588,0.90579,1,2.07
11-08-2014,00:54:31.195,0.90591,0.90579,1.09,2.82
11-08-2014,00:54:31.247,0.90591,0.90582,1.09,1
11-08-2014,00:54:31.754,0.90591,0.90581,1.09,1
11-08-2014,00:54:34.433,0.90588,0.9058,1,1
11-08-2014,00:54:34.535,0.90591,0.90581,1.18,1
11-08-2014,00:54:35.210,0.90591,0.90582,1.18,1
11-08-2014,00:54:35.311,0.90591,0.90584,1.18,1
11-08-2014,00:54:35.413,0.90591,0.90581,1.18,1
11-08-2014,00:54:35.514,0.90591,0.90583,1.18,1
11-08-2014,00:54:35.616,0.90589,0.90581,1,1
11-08-2014,00:54:35.718,0.90591,0.90584,1.1,1
11-08-2014,00:54:36.174,0.90591,0.90582,1.1,1
11-08-2014,00:54:36.377,0.90588,0.9058,1,1.25
11-08-2014,00:54:36.632,0.90591,0.9058,1.15,1.25
11-08-2014,00:54:36.936,0.90588,0.9058,1,1.25
11-08-2014,00:54:37.037,0.90591,0.90581,1.08,1
11-08-2014,00:54:37.252,0.90588,0.90581,1,1
11-08-2014,00:54:37.354,0.90591,0.9058,1.33,1
11-08-2014,00:54:37.893,0.90591,0.90581,1.33,1
11-08-2014,00:54:38.410,0.90591,0.90581,1.4,1
11-08-2014,00:54:38.815,0.90588,0.90579,1,1.25
11-08-2014,00:54:39.372,0.90591,0.9058,1.4,1
11-08-2014,00:54:39.979,0.90591,0.9058,1.4,1
11-08-2014,00:54:40.131,0.90588,0.90579,1,1.25
11-08-2014,00:54:40.233,0.90591,0.9058,1.4,1
11-08-2014,00:54:40.743,0.90591,0.9058,1.4,1
11-08-2014,00:54:41.451,0.90588,0.9058,1,1
11-08-2014,00:54:41.553,0.90591,0.90582,1.4,1
11-08-2014,00:54:41.654,0.90591,0.9058,1.4,1
11-08-2014,00:54:41.806,0.90592,0.90582,1.84,1
11-08-2014,00:54:42.307,0.90592,0.90581,1.84,1
11-08-2014,00:54:43.014,0.90592,0.90581,1.84,1
11-08-2014,00:54:43.327,0.90588,0.9058,1,1
11-08-2014,00:54:43.429,0.90591,0.90581,1.09,1
11-08-2014,00:54:45.188,0.90588,0.9058,1,1.25
11-08-2014,00:54:45.289,0.90591,0.90581,1.2,1
11-08-2014,00:54:46.639,0.90589,0.9058,1,1.25
11-08-2014,00:54:46.943,0.90591,0.90582,1.2,1
11-08-2014,00:54:47.410,0.90588,0.9058,1,1
11-08-2014,00:54:47.512,0.90591,0.90582,1.2,1
11-08-2014,00:54:47.816,0.90588,0.90579,1,1.32
11-08-2014,00:54:47.918,0.90591,0.90579,1.2,2.07
11-08-2014,00:54:47.969,0.90591,0.90582,1.2,1
11-08-2014,00:54:48.172,0.90591,0.9058,1.18,1.25
11-08-2014,00:54:48.273,0.90588,0.90581,1,1
11-08-2014,00:54:48.374,0.90592,0.90581,1.4,1
11-08-2014,00:54:48.930,0.90592,0.90581,1.4,1
11-08-2014,00:54:49.437,0.90591,0.90581,1.09,1
11-08-2014,00:54:52.325,0.90588,0.9058,1,1
11-08-2014,00:54:52.427,0.90592,0.9058,1.84,1
11-08-2014,00:54:52.781,0.90588,0.9058,1,1
11-08-2014,00:54:52.883,0.90591,0.90581,1.09,1
11-08-2014,00:54:53.242,0.90588,0.9058,1,1
11-08-2014,00:54:53.394,0.90591,0.90582,1.2,1
11-08-2014,00:54:53.546,0.90591,0.90584,1.1,1
11-08-2014,00:54:54.003,0.90588,0.90583,1,1
11-08-2014,00:54:54.206,0.90591,0.90583,1,1
11-08-2014,00:54:54.562,0.90588,0.90583,1,1
11-08-2014,00:54:57.194,0.90588,0.90581,1,1.25
11-08-2014,00:54:57.397,0.90588,0.90583,1,1
11-08-2014,00:54:59.263,0.90588,0.90582,1,1
11-08-2014,00:54:59.770,0.90588,0.90583,1,1
11-08-2014,00:55:00.276,0.90591,0.90584,1.65,1
11-08-2014,00:55:00.782,0.90591,0.90581,1.1,1.63
11-08-2014,00:55:01.593,0.90591,0.90581,1,1.63
11-08-2014,00:55:01.925,0.90591,0.90581,1,2.07
11-08-2014,00:55:02.229,0.90592,0.90586,1.1,1
11-08-2014,00:55:02.736,0.90593,0.90585,1.18,1
11-08-2014,00:55:03.243,0.90593,0.90584,1.1,1
11-08-2014,00:55:03.751,0.90593,0.90583,1.1,1.25
11-08-2014,00:55:04.095,0.90593,0.90585,1.1,1
11-08-2014,00:55:07.957,0.90593,0.90586,1,1
11-08-2014,00:55:10.599,0.90593,0.90585,1.1,1
11-08-2014,00:55:11.684,0.90593,0.90584,1.1,1
11-08-2014,00:55:13.471,0.90593,0.90583,1.1,1.25
11-08-2014,00:55:15.364,0.90593,0.90582,1.1,2.82
11-08-2014,00:55:15.869,0.90593,0.90582,1,2.14
11-08-2014,00:55:19.884,0.90593,0.90582,1.1,2.07
11-08-2014,00:55:20.390,0.90593,0.90585,1.1,1
11-08-2014,00:55:20.896,0.90593,0.90586,1,1
11-08-2014,00:55:21.738,0.90593,0.90585,1,1
11-08-2014,00:55:23.050,0.90593,0.90584,1,1.25
11-08-2014,00:55:25.213,0.90593,0.90583,1,1.32
11-08-2014,00:55:26.433,0.90593,0.90585,1,1
11-08-2014,00:55:27.347,0.90593,0.90584,1,1.32
11-08-2014,00:55:29.087,0.90593,0.90583,1,2.14
11-08-2014,00:55:33.497,0.90593,0.90584,1,1.32
11-08-2014,00:55:33.953,0.90593,0.90587,1,1
11-08-2014,00:55:34.054,0.90598,0.90587,1.09,1
11-08-2014,00:55:34.560,0.90598,0.90588,1.09,1
11-08-2014,00:55:37.863,0.90598,0.90587,1.18,2.07
11-08-2014,00:55:54.194,0.90598,0.90586,1,3.57
11-08-2014,00:55:56.124,0.90598,0.90589,1,1
11-08-2014,00:55:56.647,0.90598,0.90588,1,1
11-08-2014,00:56:02.853,0.90598,0.90592,1,1
11-08-2014,00:56:03.208,0.90598,0.90589,1,1.63
11-08-2014,00:56:03.714,0.90598,0.90591,1,1
11-08-2014,00:56:06.711,0.90598,0.9059,1,1.1
11-08-2014,00:56:07.227,0.90598,0.90588,1.1,1.19
11-08-2014,00:56:07.733,0.90598,0.9059,1.1,1
11-08-2014,00:56:08.788,0.90598,0.90589,1.1,1
11-08-2014,00:56:12.978,0.90598,0.90588,1.1,1
11-08-2014,00:56:13.502,0.90598,0.90589,1.1,1
11-08-2014,00:56:14.506,0.90598,0.90587,1.1,1.25
11-08-2014,00:56:16.853,0.90598,0.90588,1.1,1
11-08-2014,00:56:18.782,0.90598,0.90589,1.1,1
11-08-2014,00:56:19.324,0.90598,0.90588,1.1,1
11-08-2014,00:56:20.763,0.90598,0.90587,1.1,1.25
11-08-2014,00:56:22.554,0.90598,0.90586,1.39,1.2
11-08-2014,00:56:22.757,0.90596,0.90587,1,1
11-08-2014,00:56:22.859,0.90596,0.90584,1,1.69
11-08-2014,00:56:22.961,0.90592,0.90584,1,1
11-08-2014,00:56:23.215,0.90592,0.9058,1,2.22
11-08-2014,00:56:23.720,0.90592,0.90582,1,1
11-08-2014,00:56:27.622,0.90592,0.9058,1,2.97
11-08-2014,00:56:29.040,0.90592,0.90582,1,1
11-08-2014,00:56:30.820,0.90592,0.90581,1.18,1.32
11-08-2014,00:56:31.327,0.90592,0.90581,1.1,1.32
11-08-2014,00:56:35.438,0.90592,0.90582,1.1,1
11-08-2014,00:56:37.384,0.90592,0.90584,1,1
11-08-2014,00:56:41.814,0.90592,0.90582,1,1.67
11-08-2014,00:56:42.371,0.90592,0.90582,1,1.74
11-08-2014,00:56:43.578,0.90592,0.90582,1,1.74
11-08-2014,00:56:43.882,0.90592,0.90587,1,1
11-08-2014,00:56:44.185,0.90595,0.90586,1.02,1
11-08-2014,00:56:44.337,0.90595,0.90588,1.1,1
11-08-2014,00:56:44.640,0.90597,0.90587,1.77,1
11-08-2014,00:56:45.355,0.90597,0.90587,1,1.18
11-08-2014,00:56:59.685,0.90597,0.90586,1,1.84
11-08-2014,00:57:10.834,0.90593,0.90587,1,1.1
11-08-2014,00:57:10.986,0.90595,0.90587,1,1
11-08-2014,00:57:11.138,0.90593,0.90584,1,1.34
11-08-2014,00:57:11.392,0.90598,0.90585,1.15,1.69
11-08-2014,00:57:11.897,0.90598,0.90586,1.15,1
11-08-2014,00:57:21.811,0.90598,0.90587,1.84,1
11-08-2014,00:57:32.215,0.90598,0.90587,1.84,1
11-08-2014,00:57:33.736,0.90598,0.90586,1.84,1
11-08-2014,00:57:35.582,0.90598,0.90585,1.09,2.44
11-08-2014,00:57:36.331,0.90598,0.90587,1.4,1
11-08-2014,00:57:38.081,0.90598,0.90587,1.4,1
11-08-2014,00:57:39.053,0.90598,0.90586,1.33,1.25
11-08-2014,00:57:39.570,0.90598,0.90587,1.02,1
11-08-2014,00:58:01.122,0.90598,0.90586,1.02,1.39
11-08-2014,00:58:01.798,0.90598,0.90586,1.1,2.14
11-08-2014,00:58:03.280,0.90598,0.90588,1.1,1
11-08-2014,00:58:05.045,0.90598,0.90589,1.1,1
11-08-2014,00:58:05.298,0.90598,0.90591,1,1
11-08-2014,00:58:05.705,0.90598,0.90589,1,1.13
11-08-2014,00:58:13.180,0.906,0.90588,1.34,1
11-08-2014,00:58:27.433,0.90599,0.90588,1.34,1
11-08-2014,00:58:27.956,0.90599,0.90587,1.34,1
11-08-2014,00:58:28.490,0.90599,0.90587,1.34,1
11-08-2014,00:58:32.862,0.90599,0.90587,1.34,1
11-08-2014,00:58:33.383,0.90599,0.90587,1.84,1
11-08-2014,00:58:34.592,0.90599,0.90587,1.84,1
11-08-2014,00:58:36.203,0.90599,0.90586,1.84,1.25
11-08-2014,00:58:37.281,0.90599,0.90586,1.84,1.25
11-08-2014,00:58:37.788,0.90599,0.90586,2.22,1.25
11-08-2014,00:58:51.732,0.90599,0.90587,1.84,1
11-08-2014,00:59:04.712,0.90598,0.90587,1.34,1
11-08-2014,00:59:20.704,0.90599,0.90587,1.34,1
11-08-2014,00:59:21.231,0.90599,0.90587,1.34,1
11-08-2014,00:59:32.768,0.90599,0.90587,1.4,1
11-08-2014,00:59:33.272,0.90599,0.90586,1.47,1
11-08-2014,00:59:34.611,0.90599,0.90587,1.4,1
11-08-2014,00:59:47.429,0.90599,0.90587,1.15,2.07
11-08-2014,00:59:47.480,0.90599,0.90588,1,1.02
11-08-2014,00:59:48.112,0.906,0.90589,1.84,1
11-08-2014,00:59:50.990,0.906,0.90591,1.84,1
11-08-2014,00:59:51.243,0.90605,0.90595,2.22,1
11-08-2014,00:59:51.294,0.90605,0.90595,1.47,1
11-08-2014,00:59:51.548,0.90602,0.90591,1.1,1.69
11-08-2014,00:59:52.558,0.90602,0.90591,1.1,1
11-08-2014,00:59:54.866,0.90602,0.90591,1.18,1
11-08-2014,00:59:55.367,0.90602,0.90592,1.1,1
11-08-2014,00:59:56.659,0.90602,0.90592,1.08,1
11-08-2014,00:59:57.729,0.90602,0.9059,1.09,1.69
11-08-2014,01:00:01.917,0.90602,0.9059,1.02,1.77
11-08-2014,01:00:02.478,0.90602,0.9059,1.1,2.52
11-08-2014,01:00:04.402,0.906,0.9059,1,1.29
11-08-2014,01:00:05.450,0.906,0.90589,1,1.84
11-08-2014,01:00:06.392,0.90602,0.9059,1.09,1.25
11-08-2014,01:00:06.696,0.90602,0.90593,1.18,1
11-08-2014,01:00:08.393,0.90602,0.90591,1.18,1.25
11-08-2014,01:00:11.065,0.90602,0.90591,1.1,1.25
11-08-2014,01:00:11.614,0.90602,0.90591,1.09,1
11-08-2014,01:00:11.916,0.90602,0.90593,1.25,1
11-08-2014,01:00:12.227,0.906,0.90593,1,1
11-08-2014,01:00:12.786,0.906,0.90592,1,1
11-08-2014,01:00:20.568,0.906,0.90591,1,1
11-08-2014,01:00:22.947,0.906,0.90591,1.08,1
11-08-2014,01:00:23.712,0.906,0.90591,1.18,1
11-08-2014,01:00:24.359,0.906,0.90591,1.18,1
11-08-2014,01:00:25.184,0.906,0.9059,1.09,1
11-08-2014,01:00:25.336,0.906,0.90588,1.09,2.44
11-08-2014,01:00:25.843,0.906,0.90589,1.09,1
11-08-2014,01:00:35.655,0.90602,0.90592,1.84,1
11-08-2014,01:00:35.757,0.90602,0.90594,1.02,1
11-08-2014,01:00:35.859,0.90602,0.90596,1.1,1
11-08-2014,01:00:36.112,0.90607,0.90596,2.97,1
11-08-2014,01:00:36.517,0.90605,0.90596,1.15,1
11-08-2014,01:00:37.023,0.90605,0.90595,1.18,1
11-08-2014,01:00:37.570,0.90605,0.90595,1.09,1
11-08-2014,01:00:38.310,0.90605,0.90595,1.09,1
11-08-2014,01:00:40.999,0.90605,0.90595,1.09,1
11-08-2014,01:00:41.602,0.90605,0.90595,1.09,1
11-08-2014,01:00:42.840,0.90605,0.90595,1.09,1
11-08-2014,01:00:43.533,0.90605,0.90595,1.4,1
11-08-2014,01:00:44.091,0.90605,0.90595,1.4,1
11-08-2014,01:00:44.592,0.90605,0.90595,1.09,1
11-08-2014,01:00:45.125,0.90605,0.90595,1.47,1
11-08-2014,01:00:45.631,0.90602,0.90595,1,1
11-08-2014,01:00:47.727,0.90605,0.90595,1.84,1
11-08-2014,01:00:48.268,0.90605,0.90596,1.84,1
11-08-2014,01:00:48.721,0.90605,0.90594,1.4,1
11-08-2014,01:00:49.227,0.90602,0.90594,1,1
11-08-2014,01:00:49.531,0.90602,0.90596,1,1
11-08-2014,01:00:53.244,0.90602,0.90595,1,1
11-08-2014,01:00:54.784,0.90602,0.90596,1,1
11-08-2014,01:00:55.291,0.90605,0.90597,1.4,1
11-08-2014,01:00:55.811,0.90605,0.90598,1.09,1
11-08-2014,01:00:56.413,0.90605,0.90598,1.4,1
11-08-2014,01:00:56.464,0.90605,0.90596,1.15,1
11-08-2014,01:00:56.667,0.90605,0.90599,1.15,1
11-08-2014,01:00:57.182,0.90605,0.90599,1.18,1
11-08-2014,01:00:57.697,0.90605,0.90599,1.15,1.13
11-08-2014,01:00:59.493,0.90605,0.90599,1.08,1
11-08-2014,01:01:00.408,0.90605,0.90598,1.18,1
11-08-2014,01:01:01.263,0.90605,0.906,1.18,1
11-08-2014,01:01:01.723,0.90607,0.906,1.09,1
11-08-2014,01:01:03.053,0.90607,0.90601,1.18,1
11-08-2014,01:01:03.596,0.90607,0.906,1.18,1
11-08-2014,01:01:03.941,0.90607,0.90602,1.1,1
11-08-2014,01:01:04.483,0.90607,0.90602,1.18,1
11-08-2014,01:01:05.000,0.90607,0.90601,1.1,1
11-08-2014,01:01:05.597,0.90607,0.90601,1.08,1
11-08-2014,01:01:06.158,0.90607,0.906,1.08,1
11-08-2014,01:01:07.417,0.90607,0.906,1.08,1
11-08-2014,01:01:07.721,0.90605,0.90596,1.08,1.19
11-08-2014,01:01:08.238,0.90608,0.90601,1.4,1
11-08-2014,01:01:14.314,0.90608,0.90601,1.15,1
11-08-2014,01:01:14.466,0.90608,0.90603,1.08,1
11-08-2014,01:01:14.821,0.9061,0.90604,1.09,1
11-08-2014,01:01:15.348,0.9061,0.90605,1,1
11-08-2014,01:01:18.893,0.9061,0.90606,1,1
11-08-2014,01:01:24.279,0.9061,0.90605,1,1
11-08-2014,01:01:24.861,0.9061,0.90604,1,1
11-08-2014,01:01:25.921,0.9061,0.90605,1,1
11-08-2014,01:01:27.107,0.9061,0.90604,1,1
11-08-2014,01:01:30.523,0.9061,0.90605,1,1
11-08-2014,01:01:31.048,0.9061,0.90604,1,1
11-08-2014,01:01:32.393,0.9061,0.90603,1,1
11-08-2014,01:01:32.954,0.9061,0.90602,1,1.38
11-08-2014,01:01:33.367,0.9061,0.90602,1,1.13
11-08-2014,01:01:33.697,0.9061,0.90602,1,1.38
11-08-2014,01:01:34.843,0.9061,0.90602,1,1.32
11-08-2014,01:01:35.173,0.9061,0.90606,1,1
11-08-2014,01:01:52.675,0.9061,0.90605,1,1
11-08-2014,01:01:53.189,0.9061,0.90606,1,1
11-08-2014,01:02:04.005,0.90614,0.90607,1.34,1
11-08-2014,01:02:04.107,0.9061,0.90605,1,1
11-08-2014,01:02:06.628,0.90614,0.90607,1.34,1
11-08-2014,01:02:12.319,0.9061,0.90606,1,1
11-08-2014,01:02:12.908,0.9061,0.90605,1,1
11-08-2014,01:02:14.977,0.90616,0.90605,1.34,1
11-08-2014,01:02:16.210,0.90616,0.90607,1.44,1
11-08-2014,01:02:23.756,0.90616,0.90608,1.44,1
11-08-2014,01:02:25.634,0.90617,0.90609,1.28,1
11-08-2014,01:02:25.938,0.90612,0.90608,1,1
11-08-2014,01:02:31.918,0.90617,0.90609,1.34,1
11-08-2014,01:02:32.824,0.90618,0.9061,1.34,1
11-08-2014,01:02:37.204,0.90618,0.90609,1.34,1
11-08-2014,01:02:41.285,0.90616,0.90611,1,1.19
11-08-2014,01:02:41.387,0.9062,0.90613,1,1
11-08-2014,01:02:41.489,0.9062,0.90615,1.1,1
11-08-2014,01:02:42.349,0.9062,0.90613,1,1
11-08-2014,01:02:42.704,0.9062,0.90615,1,1
11-08-2014,01:02:47.648,0.90623,0.90615,1.09,1
11-08-2014,01:02:48.153,0.90623,0.90615,1.02,1
11-08-2014,01:02:51.941,0.90623,0.90614,1.1,1
11-08-2014,01:02:52.450,0.90623,0.90615,1.1,1
11-08-2014,01:02:55.043,0.90623,0.90616,1.1,1
11-08-2014,01:02:57.547,0.90623,0.90615,1.1,1
11-08-2014,01:02:58.089,0.90623,0.90614,1,1
11-08-2014,01:03:08.244,0.90623,0.90615,1.1,1
11-08-2014,01:03:15.392,0.90623,0.90614,1.1,1
11-08-2014,01:03:16.462,0.90623,0.90615,1.1,1
11-08-2014,01:03:23.387,0.90625,0.90614,2.22,1
11-08-2014,01:03:23.894,0.90625,0.90615,1.84,1
11-08-2014,01:03:29.755,0.90625,0.90616,1.09,1
11-08-2014,01:03:31.309,0.90625,0.90613,2.22,1
11-08-2014,01:03:31.865,0.90625,0.90613,2.22,1
11-08-2014,01:03:32.380,0.90623,0.90611,1,1.37
11-08-2014,01:03:32.921,0.90623,0.90611,1.18,1.19
11-08-2014,01:03:33.444,0.90623,0.9061,1.09,2.89
11-08-2014,01:03:34.800,0.90623,0.9061,1.09,1.5
11-08-2014,01:03:35.104,0.90618,0.90609,1,1
11-08-2014,01:03:35.917,0.90618,0.90608,1,1.32
11-08-2014,01:03:40.901,0.90618,0.90607,1,1.25
11-08-2014,01:03:41.205,0.90615,0.90604,1,2.14
11-08-2014,01:03:44.512,0.90615,0.90606,1,1
11-08-2014,01:03:44.840,0.90615,0.90608,1,1
11-08-2014,01:03:45.043,0.90618,0.90607,1.84,1
11-08-2014,01:03:47.118,0.90618,0.90607,1.18,1.63
11-08-2014,01:03:55.984,0.90618,0.90606,1.18,1.57
11-08-2014,01:03:56.547,0.90618,0.90605,1.18,2.89
11-08-2014,01:03:56.952,0.90615,0.90605,1,1.77
11-08-2014,01:03:57.965,0.90615,0.90604,1,1.84
11-08-2014,01:04:04.086,0.90615,0.90603,1,2.59
11-08-2014,01:04:06.100,0.90615,0.90603,1.18,1.13
11-08-2014,01:04:06.609,0.90615,0.90603,1.4,1.25
11-08-2014,01:04:07.129,0.90615,0.90603,1.09,1.25
11-08-2014,01:04:12.501,0.90615,0.90603,1.18,1.69
11-08-2014,01:04:24.329,0.90615,0.90603,1,1.84
11-08-2014,01:04:28.827,0.90615,0.90602,1.02,2.59
11-08-2014,01:04:36.264,0.90615,0.90602,1.09,2.52
11-08-2014,01:04:36.825,0.90615,0.90602,1.4,2.44
11-08-2014,01:04:37.330,0.90615,0.90602,1.84,1.69
11-08-2014,01:04:44.985,0.90615,0.90602,2.59,1.77
11-08-2014,01:04:45.527,0.90615,0.90602,2.59,1.69
11-08-2014,01:04:45.832,0.90615,0.90602,1,1.84
11-08-2014,01:04:46.393,0.90615,0.90602,1.1,1.84
11-08-2014,01:04:46.922,0.90615,0.90603,1.1,1.29
11-08-2014,01:04:48.764,0.90615,0.90603,1,1.47
11-08-2014,01:04:55.873,0.90615,0.90603,1.1,1.29
11-08-2014,01:04:56.875,0.90615,0.90604,1.1,1.19
11-08-2014,01:04:57.802,0.90615,0.90602,1.45,1.77
11-08-2014,01:04:58.107,0.9061,0.90597,1,3.72
11-08-2014,01:04:58.208,0.9061,0.90597,1.1,3.34
11-08-2014,01:04:58.461,0.9061,0.90597,1.08,2.52
11-08-2014,01:04:58.966,0.9061,0.90597,1.18,1.77
11-08-2014,01:04:59.492,0.9061,0.90597,1.28,1.77
11-08-2014,01:05:02.184,0.9061,0.90597,1.09,1.69
11-08-2014,01:05:02.691,0.9061,0.90597,1.84,1.02
11-08-2014,01:05:03.198,0.9061,0.90597,1.09,1.77
11-08-2014,01:05:06.206,0.9061,0.90597,1.47,1.1
11-08-2014,01:05:09.183,0.9061,0.90597,1.09,1
11-08-2014,01:05:09.689,0.90608,0.90595,1.08,1.84
11-08-2014,01:05:12.207,0.90608,0.90595,1.4,1.69
11-08-2014,01:05:12.359,0.90608,0.90595,1.09,2.82
11-08-2014,01:05:12.461,0.90608,0.90598,1.4,1
11-08-2014,01:05:12.968,0.90608,0.90597,1.09,1
11-08-2014,01:05:15.565,0.90608,0.90595,1.09,2.52
11-08-2014,01:05:17.070,0.90608,0.90595,1.84,2.14
11-08-2014,01:05:17.373,0.90605,0.90594,1.18,1.32
11-08-2014,01:05:18.266,0.90605,0.90593,1.18,2.07
11-08-2014,01:05:21.275,0.90605,0.90593,1.18,1.32
11-08-2014,01:05:25.003,0.90605,0.90594,1.18,1
11-08-2014,01:05:26.297,0.90605,0.90593,1.18,1.32
11-08-2014,01:05:27.884,0.90605,0.90594,1.18,1
11-08-2014,01:05:35.034,0.90605,0.90595,1.18,1
11-08-2014,01:05:37.981,0.90605,0.90594,1.18,1.25
11-08-2014,01:05:38.496,0.90605,0.90594,1.18,1.69
11-08-2014,01:05:39.299,0.90605,0.90593,1.18,2.07
11-08-2014,01:05:52.556,0.90605,0.90592,1.09,1.19
11-08-2014,01:05:52.860,0.90602,0.9059,1.18,1.69
11-08-2014,01:05:53.365,0.906,0.90591,1,1.25
11-08-2014,01:05:53.922,0.906,0.9059,1,1
11-08-2014,01:05:59.525,0.906,0.90591,1,1
11-08-2014,01:06:01.314,0.906,0.90589,1,1.77
11-08-2014,01:06:02.626,0.906,0.90591,1,1
11-08-2014,01:06:03.153,0.906,0.90593,1,1
11-08-2014,01:06:03.254,0.90603,0.90593,1.09,1
11-08-2014,01:06:04.477,0.90603,0.90594,1.09,1
11-08-2014,01:06:04.983,0.90603,0.90593,1.25,1
11-08-2014,01:06:05.438,0.906,0.90593,1,1
11-08-2014,01:06:05.489,0.906,0.9059,1,1.69
11-08-2014,01:06:06.356,0.906,0.9059,1,1
11-08-2014,01:06:11.435,0.906,0.90591,1,1
11-08-2014,01:06:29.786,0.906,0.90591,1,1.38
11-08-2014,01:06:33.288,0.906,0.90593,1,1
11-08-2014,01:06:33.491,0.90602,0.90594,1,1
11-08-2014,01:06:33.996,0.90602,0.90595,1,1
11-08-2014,01:06:34.526,0.90602,0.90596,1,1
11-08-2014,01:06:34.731,0.90602,0.90593,1,1.63
11-08-2014,01:06:35.240,0.90602,0.90593,1,1.32
11-08-2014,01:06:35.750,0.90602,0.90593,1,2.07
11-08-2014,01:06:36.716,0.90602,0.90593,1,1.32
11-08-2014,01:06:37.275,0.90602,0.90594,1,1
11-08-2014,01:06:50.677,0.90602,0.90593,1,1.32
11-08-2014,01:06:51.600,0.90602,0.90593,1,1.63
11-08-2014,01:06:54.595,0.90602,0.90594,1,1.38
11-08-2014,01:06:55.134,0.90602,0.90594,1,1.13
11-08-2014,01:07:00.168,0.90602,0.90595,1,1
11-08-2014,01:07:02.345,0.90602,0.90594,1,1
11-08-2014,01:07:06.555,0.90602,0.90592,1,1.67
11-08-2014,01:07:06.707,0.90602,0.90592,1,1.67
11-08-2014,01:07:08.206,0.90602,0.90592,1,1.67
11-08-2014,01:07:09.884,0.90602,0.90592,1,1.67
11-08-2014,01:07:13.985,0.90602,0.90594,1,1.13
11-08-2014,01:07:21.149,0.90602,0.90593,1,1.25
11-08-2014,01:07:21.656,0.90602,0.90594,1,1
11-08-2014,01:07:25.803,0.90602,0.90593,1,1.25
11-08-2014,01:07:26.320,0.90602,0.90594,1,1
11-08-2014,01:07:33.186,0.90605,0.90594,1.2,1.25
11-08-2014,01:07:33.491,0.90608,0.90596,2.97,1
11-08-2014,01:07:33.998,0.90608,0.90595,2.97,1.5
11-08-2014,01:07:35.126,0.90608,0.90596,2.97,1
11-08-2014,01:07:59.602,0.90608,0.90595,1.78,2.44
11-08-2014,01:08:00.692,0.90608,0.90595,1.78,2.44
11-08-2014,01:08:04.706,0.90608,0.90597,1.78,1
11-08-2014,01:08:09.252,0.90608,0.90597,2.22,1
11-08-2014,01:08:09.759,0.90608,0.90596,1.77,1
11-08-2014,01:08:10.742,0.90608,0.90597,1.33,1
11-08-2014,01:08:14.812,0.90608,0.90598,1.08,1
11-08-2014,01:08:28.231,0.90608,0.90599,1.08,1
11-08-2014,01:08:54.630,0.9061,0.90598,1.72,1
11-08-2014,01:08:55.154,0.9061,0.90599,1.34,1
11-08-2014,01:08:58.371,0.9061,0.906,1.47,1
11-08-2014,01:09:05.524,0.90611,0.90599,1.72,1
11-08-2014,01:09:06.042,0.90612,0.906,2.97,1
11-08-2014,01:09:08.395,0.9061,0.90599,2.22,1
11-08-2014,01:09:08.921,0.9061,0.906,2.22,1
11-08-2014,01:09:09.417,0.9061,0.906,2.07,1
11-08-2014,01:09:12.041,0.9061,0.90599,1.57,1
11-08-2014,01:09:14.575,0.9061,0.90599,1.63,1
11-08-2014,01:09:15.090,0.9061,0.90598,1.63,1
11-08-2014,01:09:17.384,0.9061,0.90598,1.63,1
11-08-2014,01:09:18.675,0.90609,0.90598,1.19,1
11-08-2014,01:09:19.671,0.90609,0.90598,1.25,1
11-08-2014,01:09:22.497,0.9061,0.906,1.32,1
11-08-2014,01:09:40.782,0.90611,0.906,2.07,1
11-08-2014,01:09:41.793,0.9061,0.906,1.32,1
11-08-2014,01:09:47.934,0.9061,0.906,1.57,1
11-08-2014,01:09:51.076,0.90611,0.906,2.07,1
11-08-2014,01:09:51.648,0.90611,0.90599,1.57,1
11-08-2014,01:09:52.281,0.90611,0.90599,1.72,1
11-08-2014,01:09:55.660,0.90611,0.90599,1.72,1
11-08-2014,01:09:56.265,0.90611,0.906,1.72,1
11-08-2014,01:10:05.158,0.9061,0.90599,1.47,1
11-08-2014,01:10:05.821,0.9061,0.90599,1.47,1
11-08-2014,01:10:07.448,0.9061,0.90599,1.47,1
11-08-2014,01:10:18.675,0.9061,0.906,1.47,1
11-08-2014,01:10:26.192,0.9061,0.90601,1.47,1
11-08-2014,01:10:28.357,0.90611,0.90599,1.34,1
11-08-2014,01:10:31.320,0.90611,0.90601,1.72,1
11-08-2014,01:10:32.359,0.90611,0.90599,1.72,1
11-08-2014,01:10:32.902,0.90611,0.906,1.72,1
11-08-2014,01:10:49.156,0.90611,0.90599,1.72,1
11-08-2014,01:10:56.508,0.90611,0.90599,1.47,1
11-08-2014,01:10:59.496,0.90611,0.90599,1.47,1
11-08-2014,01:11:02.029,0.90611,0.906,1.47,1
11-08-2014,01:11:02.546,0.90611,0.90601,1.47,1
11-08-2014,01:11:02.697,0.90611,0.90603,1.34,1
11-08-2014,01:11:03.051,0.9061,0.90604,1,1
11-08-2014,01:11:03.355,0.9061,0.90602,1,1
11-08-2014,01:11:03.406,0.90613,0.90602,1.1,1
11-08-2014,01:11:03.457,0.90613,0.90604,1.1,1
11-08-2014,01:11:03.963,0.90613,0.90603,1.1,1
11-08-2014,01:11:04.469,0.90613,0.90606,1,1
11-08-2014,01:11:04.999,0.90613,0.90607,1,1
11-08-2014,01:11:12.272,0.90613,0.90606,1,1
11-08-2014,01:11:12.476,0.90613,0.90604,1.28,1
11-08-2014,01:11:12.982,0.90613,0.90604,1.28,1
11-08-2014,01:11:13.459,0.90613,0.90602,1.78,1
11-08-2014,01:11:13.964,0.9061,0.90601,1.1,1.25
11-08-2014,01:11:17.780,0.9061,0.906,1.1,1
11-08-2014,01:11:17.932,0.90608,0.906,1,1
11-08-2014,01:11:31.186,0.90608,0.90598,1.48,1
11-08-2014,01:11:31.735,0.90608,0.90596,1.48,1.77
11-08-2014,01:11:32.254,0.90608,0.90596,1.48,1.77
11-08-2014,01:11:33.890,0.90608,0.90596,1.48,1.77
11-08-2014,01:11:40.019,0.90608,0.90595,1.48,1.84
11-08-2014,01:11:50.264,0.90608,0.90595,1.78,1.69
11-08-2014,01:11:55.592,0.90608,0.90595,1.78,1.69
11-08-2014,01:11:55.946,0.90608,0.90599,1.09,1
11-08-2014,01:11:56.451,0.90611,0.906,2.59,1
11-08-2014,01:11:56.906,0.9061,0.90598,1.47,1
11-08-2014,01:11:57.513,0.90607,0.90597,1.28,1.19
11-08-2014,01:11:57.767,0.90607,0.90595,1.28,1.77
11-08-2014,01:11:58.272,0.90607,0.90595,1.28,1.69
11-08-2014,01:11:58.778,0.90607,0.90595,1.78,1.25
11-08-2014,01:12:10.070,0.90607,0.90595,2.22,1.5
11-08-2014,01:12:12.797,0.90607,0.90595,1.84,1.5
11-08-2014,01:12:13.309,0.90607,0.90595,2.22,1.5
11-08-2014,01:12:19.626,0.90607,0.90595,2.22,1.5
11-08-2014,01:12:20.142,0.90607,0.90595,2.22,1.5
11-08-2014,01:12:20.648,0.90607,0.90595,2.22,1.5
11-08-2014,01:12:23.342,0.90607,0.90595,2.22,1.5
11-08-2014,01:12:23.885,0.90607,0.90595,2.22,1.5
11-08-2014,01:12:26.106,0.90607,0.90595,2.22,1.5
11-08-2014,01:12:27.143,0.90607,0.90595,1.78,1.5
11-08-2014,01:12:27.244,0.90607,0.90595,1.78,1.5
11-08-2014,01:12:28.791,0.90607,0.90595,2.22,1.5
11-08-2014,01:12:29.985,0.90607,0.90595,2.22,1.5
11-08-2014,01:12:30.532,0.90606,0.90596,1.78,1
11-08-2014,01:12:31.090,0.90605,0.90595,1.18,1
11-08-2014,01:12:39.390,0.90605,0.90596,1.47,1
11-08-2014,01:12:40.032,0.90605,0.90596,1.1,1
11-08-2014,01:12:40.588,0.90605,0.90597,1,1
11-08-2014,01:12:41.129,0.90605,0.90596,1,1
11-08-2014,01:12:41.635,0.90605,0.90595,1.13,1.25
11-08-2014,01:12:42.141,0.90605,0.90596,1.13,1
11-08-2014,01:12:53.479,0.90605,0.90595,1.13,1.1
11-08-2014,01:12:54.784,0.90605,0.90596,1.13,1
11-08-2014,01:12:55.291,0.90605,0.90597,1.13,1
11-08-2014,01:12:59.269,0.90605,0.90599,1,1
11-08-2014,01:12:59.421,0.90605,0.90597,1,1
11-08-2014,01:12:59.927,0.90605,0.90598,1,1
11-08-2014,01:13:00.735,0.90605,0.90597,1,1
11-08-2014,01:13:02.029,0.90605,0.90598,1,1
11-08-2014,01:13:04.240,0.90605,0.90597,1,1
11-08-2014,01:13:08.754,0.90605,0.90596,1,1
11-08-2014,01:13:09.268,0.90605,0.90595,1.28,1.25
11-08-2014,01:13:09.993,0.90605,0.90595,1,1
11-08-2014,01:13:10.195,0.90605,0.90597,1,1
11-08-2014,01:13:30.894,0.90608,0.90597,2.22,1
11-08-2014,01:13:32.367,0.90607,0.90597,1.32,1
11-08-2014,01:13:37.436,0.90608,0.90597,2.22,1
11-08-2014,01:13:38.866,0.90608,0.90597,2.22,1
11-08-2014,01:13:42.845,0.90608,0.90597,2.22,1
11-08-2014,01:13:43.792,0.90608,0.90597,2.22,1
11-08-2014,01:13:45.505,0.90607,0.90597,1.32,1
11-08-2014,01:13:51.627,0.90607,0.90596,1.57,1
11-08-2014,01:13:55.080,0.90607,0.90596,1.57,1.15
11-08-2014,01:13:55.837,0.90608,0.90598,1.67,1
11-08-2014,01:13:57.684,0.90607,0.90597,1.67,1
11-08-2014,01:13:58.699,0.90606,0.90597,1.39,1
11-08-2014,01:13:59.902,0.90607,0.90598,2.22,1
11-08-2014,01:14:00.407,0.90607,0.90597,1.74,1
11-08-2014,01:14:00.866,0.90606,0.90599,1.39,1
11-08-2014,01:14:01.372,0.90606,0.90598,1.29,1
11-08-2014,01:14:01.890,0.90608,0.90599,2.59,1
11-08-2014,01:14:02.396,0.90608,0.906,1.84,1
11-08-2014,01:14:02.937,0.90608,0.90599,1.47,1
11-08-2014,01:14:09.589,0.90608,0.90598,1.37,1
11-08-2014,01:14:15.838,0.90607,0.90598,1.29,1
11-08-2014,01:14:16.828,0.90609,0.90598,2.22,1
11-08-2014,01:14:20.035,0.90607,0.906,1.02,1
11-08-2014,01:14:20.789,0.90609,0.90599,2.22,1
11-08-2014,01:14:22.205,0.90609,0.90599,2.22,1
11-08-2014,01:14:25.009,0.90609,0.90598,2.22,1
11-08-2014,01:14:31.459,0.90609,0.90596,2.22,1.32
11-08-2014,01:14:32.225,0.90609,0.90597,2.22,1
11-08-2014,01:14:32.794,0.90608,0.90597,1.32,1
11-08-2014,01:14:33.333,0.90606,0.90597,1.1,1
11-08-2014,01:14:34.352,0.90606,0.90596,1.1,1
11-08-2014,01:14:50.852,0.90607,0.90599,1.29,1
11-08-2014,01:14:51.004,0.90609,0.90599,2.14,1
11-08-2014,01:14:51.510,0.90609,0.90599,2.07,1
11-08-2014,01:14:54.112,0.90609,0.90599,1.7,1
11-08-2014,01:15:01.426,0.90609,0.90599,2.14,1
11-08-2014,01:15:01.959,0.90609,0.90599,2.14,1
11-08-2014,01:15:02.468,0.90609,0.90599,1.7,1
11-08-2014,01:15:05.044,0.90609,0.90599,1.7,1
11-08-2014,01:15:05.989,0.90609,0.90599,1.7,1
11-08-2014,01:15:06.548,0.90609,0.90597,1.7,1.25
11-08-2014,01:15:07.317,0.90609,0.90597,1.2,1
11-08-2014,01:15:11.818,0.90609,0.90597,1.45,1
11-08-2014,01:15:15.110,0.90609,0.90597,1.45,1
11-08-2014,01:15:15.867,0.90609,0.90597,1.45,1
11-08-2014,01:15:16.019,0.90609,0.90599,1.7,1
11-08-2014,01:15:27.017,0.90609,0.90599,1.7,1
11-08-2014,01:15:31.137,0.90609,0.90599,2.14,1
11-08-2014,01:15:41.156,0.90609,0.90599,1.47,1
11-08-2014,01:15:43.206,0.90609,0.90599,1.48,1
11-08-2014,01:15:47.119,0.90609,0.90599,2.14,1
11-08-2014,01:15:49.215,0.90609,0.90599,1.48,1
11-08-2014,01:15:59.225,0.9061,0.90599,1.74,1
11-08-2014,01:16:01.135,0.9061,0.90598,1.72,1
11-08-2014,01:16:05.468,0.9061,0.90598,1.72,1
11-08-2014,01:16:09.380,0.90606,0.90597,1,1.25
11-08-2014,01:16:09.886,0.9061,0.90598,2.22,1
11-08-2014,01:16:13.972,0.90606,0.90598,1,1
11-08-2014,01:16:15.985,0.90606,0.90596,1,1
11-08-2014,01:16:21.060,0.90606,0.90595,1,1.02
11-08-2014,01:16:21.565,0.90606,0.90595,1,2.14
11-08-2014,01:16:22.332,0.90606,0.90595,1.13,1.02
11-08-2014,01:16:23.325,0.90606,0.90595,1.13,1.77
11-08-2014,01:16:41.199,0.90606,0.90595,1,1.37
11-08-2014,01:16:42.173,0.90606,0.90595,1,1.47
11-08-2014,01:16:45.044,0.90606,0.90595,1,1.37
11-08-2014,01:16:45.719,0.90606,0.90595,1,1.37
11-08-2014,01:16:51.765,0.90606,0.90596,1,1.09
11-08-2014,01:16:52.285,0.90606,0.90596,1,1.02
11-08-2014,01:16:57.854,0.90606,0.90596,1,1.39
