Time,Ask,Bid,AskVolume,BidVolume,
2014.08.11,00:00:00.468,102.157,102.155,1,1
2014.08.11,00:00:00.878,102.157,102.154,3.75,1
2014.08.11,00:00:01.080,102.155,102.153,3.75,1.5
2014.08.11,00:00:01.594,102.154,102.152,3.75,1
2014.08.11,00:00:01.948,102.152,102.149,1,1
2014.08.11,00:00:02.202,102.15,102.146,2.13,1
2014.08.11,00:00:02.253,102.149,102.148,1,1
2014.08.11,00:00:02.354,102.15,102.146,3.38,2.25
2014.08.11,00:00:02.714,102.148,102.146,1,1
2014.08.11,00:00:03.528,102.149,102.146,2.25,1
2014.08.11,00:00:03.906,102.149,102.144,6.75,1.5
2014.08.11,00:00:04.411,102.148,102.143,1.5,4.88
2014.08.11,00:00:05.242,102.145,102.143,1,2.63
2014.08.11,00:00:05.697,102.144,102.141,1,2.63
2014.08.11,00:00:06.353,102.143,102.141,1,1
2014.08.11,00:00:06.555,102.143,102.138,1,5.25
2014.08.11,00:00:07.060,102.142,102.138,4.5,1.5
2014.08.11,00:00:07.364,102.139,102.136,1,2.25
2014.08.11,00:00:08.586,102.14,102.136,6,1.5
2014.08.11,00:00:09.101,102.139,102.135,1,2.25
2014.08.11,00:00:09.657,102.139,102.136,1,1
2014.08.11,00:00:10.252,102.139,102.135,2.25,1
2014.08.11,00:00:10.555,102.137,102.135,1,1
2014.08.11,00:00:13.301,102.139,102.135,3.94,1
2014.08.11,00:00:13.961,102.139,102.136,1.5,1
2014.08.11,00:00:14.012,102.139,102.138,1,1
2014.08.11,00:00:14.113,102.141,102.138,1.88,2.25
2014.08.11,00:00:14.214,102.143,102.141,1,1
2014.08.11,00:00:14.265,102.145,102.141,2.25,1.69
2014.08.11,00:00:14.366,102.145,102.143,1,1
2014.08.11,00:00:14.518,102.147,102.144,1,1
2014.08.11,00:00:16.498,102.149,102.146,3.75,1
2014.08.11,00:00:16.751,102.152,102.149,1.69,1
2014.08.11,00:00:17.255,102.153,102.149,1.5,1
2014.08.11,00:00:17.608,102.153,102.152,1,1.5
2014.08.11,00:00:17.760,102.158,102.154,2.63,1.5
2014.08.11,00:00:17.962,102.158,102.156,1.13,1
2014.08.11,00:00:18.416,102.162,102.157,2.44,3
2014.08.11,00:00:18.517,102.162,102.157,2.44,2.25
2014.08.11,00:00:19.021,102.161,102.158,1,1
2014.08.11,00:00:19.526,102.162,102.157,1,3.38
2014.08.11,00:00:20.039,102.162,102.159,1,1
2014.08.11,00:00:20.493,102.16,102.158,1,1.5
2014.08.11,00:00:20.644,102.16,102.156,1.5,2.25
2014.08.11,00:00:20.846,102.158,102.155,1,2.25
2014.08.11,00:00:21.531,102.158,102.154,1.5,1.5
2014.08.11,00:00:22.040,102.157,102.154,1,1
2014.08.11,00:00:23.237,102.155,102.153,1,1.5
2014.08.11,00:00:23.439,102.154,102.152,1,1
2014.08.11,00:00:25.537,102.154,102.151,1.25,1.5
2014.08.11,00:00:29.602,102.155,102.152,1,1.25
2014.08.11,00:00:30.117,102.156,102.153,1.25,1.5
2014.08.11,00:00:30.632,102.157,102.153,3.19,1.69
2014.08.11,00:00:32.246,102.157,102.154,1.69,1
2014.08.11,00:00:32.772,102.161,102.156,1.5,3.25
2014.08.11,00:00:33.026,102.163,102.161,1,1.69
2014.08.11,00:00:33.178,102.165,102.161,2.25,3.19
2014.08.11,00:00:33.683,102.165,102.161,2.44,3
2014.08.11,00:00:34.492,102.165,102.162,2.44,1
2014.08.11,00:00:35.022,102.165,102.162,1.25,1
2014.08.11,00:00:35.532,102.165,102.161,1.25,4.69
2014.08.11,00:00:36.036,102.164,102.161,1.5,1
2014.08.11,00:00:36.591,102.163,102.161,1,1
2014.08.11,00:00:39.554,102.163,102.16,1.5,1.25
2014.08.11,00:00:40.069,102.163,102.159,1.69,3.94
2014.08.11,00:00:41.446,102.161,102.159,1,1
2014.08.11,00:00:42.005,102.163,102.159,3.19,1
2014.08.11,00:00:42.918,102.162,102.159,1,1
2014.08.11,00:00:44.370,102.161,102.158,1,2.25
2014.08.11,00:00:44.874,102.16,102.157,1,3.19
2014.08.11,00:00:45.379,102.16,102.158,1,1
2014.08.11,00:00:45.786,102.162,102.158,1.5,1.5
2014.08.11,00:00:46.300,102.162,102.159,1.5,1
2014.08.11,00:00:46.552,102.16,102.158,1,1
2014.08.11,00:00:47.077,102.159,102.156,1,3.19
2014.08.11,00:00:47.581,102.158,102.155,1,3.19
2014.08.11,00:00:48.139,102.158,102.155,1,2.44
2014.08.11,00:00:48.442,102.158,102.156,1,1.69
2014.08.11,00:00:48.946,102.158,102.155,1,1.69
2014.08.11,00:00:49.582,102.158,102.155,1,3.19
2014.08.11,00:00:50.092,102.158,102.156,1,1
2014.08.11,00:00:50.632,102.157,102.155,1.5,1
2014.08.11,00:00:51.036,102.157,102.153,1.5,1.5
2014.08.11,00:00:51.341,102.155,102.152,1,1.69
2014.08.11,00:00:53.253,102.155,102.151,1.5,3.19
2014.08.11,00:00:54.231,102.155,102.151,1.5,3.19
2014.08.11,00:00:55.530,102.155,102.151,3.19,3.19
2014.08.11,00:00:55.883,102.153,102.151,1,1
2014.08.11,00:00:56.489,102.151,102.149,1,1
2014.08.11,00:00:56.843,102.151,102.147,2.25,1.69
2014.08.11,00:00:59.492,102.151,102.148,2.25,1
2014.08.11,00:01:05.664,102.151,102.147,3.94,1.69
2014.08.11,00:01:06.118,102.149,102.147,1,1.69
2014.08.11,00:01:06.623,102.15,102.147,1.69,1
2014.08.11,00:01:08.817,102.149,102.147,1,1
2014.08.11,00:01:13.691,102.149,102.146,1.5,1.69
2014.08.11,00:01:14.200,102.149,102.147,1,1
2014.08.11,00:01:15.876,102.149,102.148,1,1
2014.08.11,00:01:16.406,102.15,102.147,1,1.69
2014.08.11,00:01:19.664,102.151,102.147,3.19,2.07
2014.08.11,00:01:20.178,102.151,102.148,1.5,1
2014.08.11,00:01:20.696,102.151,102.149,1,1.5
2014.08.11,00:01:21.777,102.151,102.15,1,1
2014.08.11,00:01:22.287,102.152,102.149,1.25,1.5
2014.08.11,00:01:22.817,102.151,102.149,1,1.5
2014.08.11,00:01:26.424,102.151,102.148,1,1.25
2014.08.11,00:01:28.411,102.151,102.146,1.5,3.19
2014.08.11,00:01:28.462,102.148,102.146,1,3.19
2014.08.11,00:01:29.017,102.15,102.146,1.5,2.44
2014.08.11,00:01:29.118,102.15,102.148,1.5,1.25
2014.08.11,00:01:30.128,102.152,102.147,4.69,1.32
2014.08.11,00:01:30.532,102.149,102.147,1,1.32
2014.08.11,00:01:30.633,102.149,102.146,1,3.19
2014.08.11,00:01:31.857,102.15,102.146,1.69,3.94
2014.08.11,00:01:32.371,102.15,102.147,1,1.25
2014.08.11,00:01:33.648,102.151,102.146,1.69,5.44
2014.08.11,00:01:34.420,102.15,102.147,1.69,1
2014.08.11,00:01:34.925,102.15,102.146,3.94,2.44
2014.08.11,00:01:35.430,102.15,102.146,1.5,7.69
2014.08.11,00:01:36.363,102.15,102.147,2.44,1
2014.08.11,00:01:36.516,102.147,102.144,1,1.5
2014.08.11,00:01:36.617,102.144,102.142,1,3
2014.08.11,00:01:37.124,102.143,102.142,1,1
2014.08.11,00:01:39.849,102.143,102.142,1,1
2014.08.11,00:01:39.900,102.139,102.138,1,1
2014.08.11,00:01:40.001,102.138,102.136,1,3.94
2014.08.11,00:01:40.224,102.136,102.134,3.76,1
2014.08.11,00:01:40.427,102.134,102.132,1.25,1
2014.08.11,00:01:40.830,102.133,102.131,3.19,1
2014.08.11,00:01:41.134,102.13,102.128,1.25,1
2014.08.11,00:01:41.235,102.129,102.126,2.44,1
2014.08.11,00:01:41.337,102.128,102.124,1.69,3.19
2014.08.11,00:01:41.842,102.128,102.124,1,3.94
2014.08.11,00:01:42.549,102.126,102.124,1,1
2014.08.11,00:01:42.751,102.125,102.122,1,3.19
2014.08.11,00:01:43.256,102.124,102.121,1,1
2014.08.11,00:01:43.760,102.124,102.122,1,1.69
2014.08.11,00:01:44.466,102.125,102.122,1,1.69
2014.08.11,00:01:44.819,102.127,102.124,1,1
2014.08.11,00:01:45.324,102.126,102.123,1.69,1.5
2014.08.11,00:01:46.992,102.127,102.123,2.82,2.44
2014.08.11,00:01:47.295,102.128,102.125,2.07,1
2014.08.11,00:01:47.799,102.127,102.125,1.5,1
2014.08.11,00:01:50.174,102.128,102.125,2.07,1
2014.08.11,00:01:50.691,102.128,102.125,1.32,1.5
2014.08.11,00:01:50.943,102.126,102.123,1.25,1
2014.08.11,00:01:51.246,102.125,102.121,1.69,1.25
2014.08.11,00:01:52.787,102.125,102.122,1.69,1
2014.08.11,00:01:53.474,102.125,102.121,1.69,1.25
2014.08.11,00:01:58.275,102.125,102.121,1.5,2.44
2014.08.11,00:01:58.427,102.126,102.125,1.5,1
2014.08.11,00:01:58.680,102.131,102.127,3.19,2.25
2014.08.11,00:01:58.832,102.131,102.129,3.19,1
2014.08.11,00:01:59.336,102.132,102.129,2.82,1.5
2014.08.11,00:01:59.841,102.131,102.128,1.25,1
2014.08.11,00:02:00.599,102.131,102.13,1,1
2014.08.11,00:02:00.701,102.133,102.13,1.5,1
2014.08.11,00:02:01.242,102.133,102.131,1.5,1
2014.08.11,00:02:01.783,102.132,102.131,1,1
2014.08.11,00:02:01.884,102.133,102.129,3.19,3.19
2014.08.11,00:02:02.136,102.133,102.131,2.44,1
2014.08.11,00:02:02.439,102.131,102.13,1,1
2014.08.11,00:02:02.944,102.132,102.131,1.25,1
2014.08.11,00:02:03.448,102.133,102.131,1.25,1
2014.08.11,00:02:07.033,102.135,102.132,2.44,1
2014.08.11,00:02:07.185,102.136,102.135,1,1
2014.08.11,00:02:07.387,102.14,102.137,2.44,1
2014.08.11,00:02:09.757,102.139,102.137,1,1
2014.08.11,00:02:12.459,102.138,102.137,1,1
2014.08.11,00:02:12.976,102.139,102.137,1.5,1
2014.08.11,00:02:13.481,102.14,102.137,1,1
2014.08.11,00:02:16.132,102.139,102.137,1,1.25
2014.08.11,00:02:16.233,102.139,102.135,1,5.44
2014.08.11,00:02:16.335,102.137,102.135,1,5.44
2014.08.11,00:02:16.839,102.137,102.134,1,1.69
2014.08.11,00:02:17.345,102.136,102.134,1,1
2014.08.11,00:02:17.608,102.134,102.131,1,2.44
2014.08.11,00:02:18.011,102.133,102.129,1.5,3.19
2014.08.11,00:02:18.519,102.132,102.129,1,1.69
2014.08.11,00:02:20.318,102.131,102.129,1,1
2014.08.11,00:02:20.979,102.132,102.129,4.69,1
2014.08.11,00:02:26.220,102.132,102.13,1,1
2014.08.11,00:02:26.725,102.133,102.131,1.25,1
2014.08.11,00:02:27.230,102.134,102.131,2.25,1
2014.08.11,00:02:32.583,102.134,102.133,1.5,1
2014.08.11,00:02:33.088,102.135,102.133,1.32,1
2014.08.11,00:02:33.594,102.134,102.133,1,1
2014.08.11,00:02:34.578,102.135,102.133,2.07,1
2014.08.11,00:02:44.250,102.136,102.133,2.25,1.69
2014.08.11,00:02:45.496,102.135,102.133,1,1
2014.08.11,00:02:46.017,102.136,102.133,2.44,1
2014.08.11,00:02:47.139,102.135,102.133,1,1
2014.08.11,00:02:47.822,102.135,102.132,1.5,1.25
2014.08.11,00:02:52.468,102.135,102.131,1.69,3.19
2014.08.11,00:02:53.368,102.135,102.132,5.25,2.44
2014.08.11,00:02:53.673,102.133,102.131,1.5,2.44
2014.08.11,00:02:54.486,102.133,102.13,1.5,3.94
2014.08.11,00:02:55.446,102.133,102.13,1,3.94
2014.08.11,00:02:58.459,102.133,102.13,2.25,1.5
2014.08.11,00:03:01.582,102.133,102.129,1.88,4.69
2014.08.11,00:03:02.136,102.132,102.129,1,4.69
2014.08.11,00:03:02.642,102.131,102.128,2.25,1
2014.08.11,00:03:02.945,102.127,102.125,1,1.5
2014.08.11,00:03:09.138,102.128,102.125,3.57,1
2014.08.11,00:03:09.642,102.127,102.125,1,1
2014.08.11,00:03:12.755,102.126,102.124,1,1.5
2014.08.11,00:03:13.517,102.127,102.125,1.69,1
2014.08.11,00:03:14.096,102.127,102.124,1.69,1
2014.08.11,00:03:17.148,102.127,102.123,1.69,1.25
2014.08.11,00:03:20.623,102.127,102.125,1.69,1
2014.08.11,00:03:22.562,102.127,102.125,1.25,1
2014.08.11,00:03:23.067,102.128,102.124,3.75,1
2014.08.11,00:03:23.420,102.127,102.124,1.69,1
2014.08.11,00:03:23.773,102.125,102.124,1,1
2014.08.11,00:03:23.925,102.123,102.122,2.25,1
2014.08.11,00:03:24.077,102.123,102.12,3.19,1
2014.08.11,00:03:24.279,102.122,102.119,4.69,1.5
2014.08.11,00:03:24.734,102.122,102.119,2.44,1.5
2014.08.11,00:03:24.936,102.122,102.121,1,1
2014.08.11,00:03:25.440,102.123,102.121,3.19,1
2014.08.11,00:03:26.912,102.124,102.121,6.57,1
2014.08.11,00:03:27.454,102.123,102.121,1,1
2014.08.11,00:03:27.979,102.122,102.12,1,1
2014.08.11,00:03:28.231,102.123,102.119,1.88,2.25
2014.08.11,00:03:30.006,102.122,102.119,1,2.25
2014.08.11,00:03:30.533,102.123,102.119,1.32,2.25
2014.08.11,00:03:31.069,102.122,102.119,1.25,1.5
2014.08.11,00:03:31.120,102.12,102.119,1,1
2014.08.11,00:03:31.322,102.121,102.117,3.19,1.69
2014.08.11,00:03:31.528,102.121,102.119,1,1
2014.08.11,00:03:32.085,102.122,102.119,1.25,1.5
2014.08.11,00:03:32.607,102.123,102.12,1.25,1
2014.08.11,00:03:35.359,102.123,102.121,1,1.25
2014.08.11,00:03:36.803,102.123,102.122,1,1
2014.08.11,00:03:37.105,102.129,102.127,1.5,1.25
2014.08.11,00:03:37.611,102.131,102.129,1,1
2014.08.11,00:03:37.662,102.132,102.129,1.88,1
2014.08.11,00:03:38.166,102.132,102.128,1,1.32
2014.08.11,00:03:38.469,102.13,102.127,1,3.19
2014.08.11,00:03:38.671,102.129,102.126,1.25,1.5
2014.08.11,00:03:39.175,102.128,102.126,1,1
2014.08.11,00:03:41.372,102.129,102.126,1,1
2014.08.11,00:03:41.574,102.13,102.128,1.5,1
2014.08.11,00:03:41.877,102.132,102.128,1.69,2.44
2014.08.11,00:03:42.381,102.131,102.128,1,2.44
2014.08.11,00:03:42.886,102.132,102.128,1.69,3.94
2014.08.11,00:03:44.283,102.131,102.128,1,2.44
2014.08.11,00:03:44.788,102.132,102.128,1.69,1.69
2014.08.11,00:03:45.610,102.13,102.128,2.5,1.25
2014.08.11,00:03:46.117,102.13,102.126,1.69,3.94
2014.08.11,00:03:46.622,102.129,102.126,1,1
2014.08.11,00:03:47.443,102.13,102.126,2.44,2.44
2014.08.11,00:03:48.870,102.13,102.127,1,2.44
2014.08.11,00:03:49.071,102.131,102.129,1,1
2014.08.11,00:03:49.429,102.133,102.129,2.44,1
2014.08.11,00:03:49.969,102.133,102.129,1.69,1
2014.08.11,00:03:50.493,102.131,102.129,1,1
2014.08.11,00:03:51.027,102.132,102.129,1.25,1
2014.08.11,00:03:52.058,102.13,102.129,1,1
2014.08.11,00:03:52.411,102.132,102.129,1.25,1
2014.08.11,00:03:52.584,102.131,102.127,2.07,3
2014.08.11,00:03:52.686,102.129,102.127,1,2.25
2014.08.11,00:03:52.941,102.131,102.127,3.57,2.25
2014.08.11,00:03:53.346,102.131,102.129,1,1
2014.08.11,00:03:53.853,102.132,102.129,1.25,1
2014.08.11,00:03:55.573,102.13,102.128,1,3
2014.08.11,00:03:55.876,102.128,102.126,1,1.5
2014.08.11,00:03:56.809,102.127,102.126,1,1.5
2014.08.11,00:03:58.868,102.129,102.127,1,1
2014.08.11,00:03:59.171,102.131,102.128,1,1.5
2014.08.11,00:03:59.473,102.131,102.13,1,1
2014.08.11,00:04:01.149,102.131,102.129,1,1.25
2014.08.11,00:04:01.250,102.13,102.127,1.13,1.69
2014.08.11,00:04:01.806,102.13,102.129,1,1
2014.08.11,00:04:02.007,102.132,102.129,1.32,1.5
2014.08.11,00:04:03.779,102.131,102.127,1.69,2.44
2014.08.11,00:04:03.880,102.131,102.127,5.44,1.69
2014.08.11,00:04:04.132,102.129,102.127,1,1.25
2014.08.11,00:04:04.648,102.129,102.126,1,1.5
2014.08.11,00:04:05.186,102.13,102.127,1,1
2014.08.11,00:04:06.018,102.13,102.126,1,2.25
2014.08.11,00:04:08.221,102.129,102.126,1,1.5
2014.08.11,00:04:08.725,102.13,102.127,1.5,1
2014.08.11,00:04:08.979,102.133,102.129,3.57,1.69
2014.08.11,00:04:09.504,102.132,102.129,1,1.69
2014.08.11,00:04:14.836,102.133,102.129,2.44,1.69
2014.08.11,00:04:15.356,102.132,102.129,1,1.69
2014.08.11,00:04:19.022,102.133,102.129,1.5,3
2014.08.11,00:04:20.299,102.133,102.132,1.25,1
2014.08.11,00:04:20.606,102.135,102.133,1.25,1
2014.08.11,00:04:20.860,102.137,102.134,1.88,1
2014.08.11,00:04:21.163,102.14,102.138,1,1.69
2014.08.11,00:04:21.315,102.143,102.14,1.5,1
2014.08.11,00:04:21.365,102.144,102.142,1,2.44
2014.08.11,00:04:21.669,102.146,102.144,1,2.44
2014.08.11,00:04:26.730,102.146,102.143,1,2.44
2014.08.11,00:04:31.317,102.146,102.144,1,1
2014.08.11,00:04:32.531,102.146,102.143,1,2.44
2014.08.11,00:04:38.514,102.147,102.144,1.5,1
2014.08.11,00:04:39.019,102.147,102.145,1,1.25
2014.08.11,00:04:41.215,102.146,102.145,1,1.25
2014.08.11,00:04:41.901,102.146,102.144,1,1.69
2014.08.11,00:04:43.385,102.145,102.142,6.25,1.13
2014.08.11,00:04:43.487,102.142,102.141,1,1.25
2014.08.11,00:04:44.512,102.142,102.139,1,3.19
2014.08.11,00:04:47.486,102.142,102.141,1,1.25
2014.08.11,00:04:48.501,102.142,102.14,1,2.44
2014.08.11,00:04:49.048,102.142,102.141,1,1
2014.08.11,00:04:50.829,102.143,102.141,1,1.69
2014.08.11,00:04:54.609,102.145,102.143,2.25,1
2014.08.11,00:04:54.811,102.145,102.144,1,1
2014.08.11,00:04:55.783,102.147,102.144,6,1.69
2014.08.11,00:04:58.678,102.146,102.143,1,1.69
2014.08.11,00:04:59.182,102.145,102.142,1.5,1.69
2014.08.11,00:04:59.334,102.142,102.141,1.13,1
2014.08.11,00:04:59.386,102.142,102.139,1.13,5.25
2014.08.11,00:04:59.891,102.141,102.139,1,1
2014.08.11,00:05:00.395,102.141,102.138,1,2.44
2014.08.11,00:05:02.543,102.141,102.139,1,1.25
2014.08.11,00:05:03.266,102.142,102.139,1.5,1.25
2014.08.11,00:05:06.537,102.142,102.138,1.5,1.5
2014.08.11,00:05:06.891,102.14,102.139,1,1.25
2014.08.11,00:05:07.193,102.138,102.136,1,1.69
2014.08.11,00:05:07.547,102.138,102.135,1.5,1.25
2014.08.11,00:05:07.598,102.137,102.135,1,1.25
2014.08.11,00:05:08.752,102.136,102.134,1,1.69
2014.08.11,00:05:09.458,102.137,102.134,1,2.44
2014.08.11,00:05:09.976,102.137,102.133,2.25,1.25
2014.08.11,00:05:11.744,102.137,102.134,2.25,1.25
2014.08.11,00:05:12.249,102.136,102.133,1.5,1.25
2014.08.11,00:05:12.552,102.134,102.131,1,3.19
2014.08.11,00:05:13.057,102.133,102.129,3,1.69
2014.08.11,00:05:13.561,102.133,102.131,1,1.69
2014.08.11,00:05:15.564,102.133,102.13,1.5,1.25
2014.08.11,00:05:18.907,102.133,102.129,6,3.57
2014.08.11,00:05:19.419,102.132,102.129,1,1.25
2014.08.11,00:05:19.926,102.133,102.129,5.07,1.25
2014.08.11,00:05:20.431,102.132,102.129,1.5,1.69
2014.08.11,00:05:21.441,102.13,102.129,1,1
2014.08.11,00:05:21.955,102.132,102.129,6.19,1
2014.08.11,00:05:25.240,102.13,102.129,1,1
2014.08.11,00:05:25.341,102.129,102.127,1,1.25
2014.08.11,00:05:25.492,102.128,102.125,2.25,2.44
2014.08.11,00:05:25.997,102.127,102.124,1,1.25
2014.08.11,00:05:26.350,102.127,102.126,1,1
2014.08.11,00:05:26.854,102.128,102.126,1.25,1
2014.08.11,00:05:27.358,102.127,102.126,1,1
2014.08.11,00:05:27.762,102.127,102.123,1.69,8.82
2014.08.11,00:05:29.278,102.126,102.123,1,2.44
2014.08.11,00:05:31.031,102.126,102.122,2.25,2.25
2014.08.11,00:05:31.535,102.123,102.122,1,1
2014.08.11,00:05:32.040,102.124,102.122,2.25,1
2014.08.11,00:05:35.600,102.123,102.122,1,1
2014.08.11,00:05:36.004,102.125,102.122,1.69,1
2014.08.11,00:05:37.208,102.124,102.122,1,1
2014.08.11,00:05:37.711,102.125,102.122,2.44,1
2014.08.11,00:05:38.216,102.126,102.122,1.88,2.25
2014.08.11,00:05:41.169,102.126,102.123,2.25,1
2014.08.11,00:05:41.271,102.127,102.125,1,2.25
2014.08.11,00:05:41.322,102.129,102.125,3,3
2014.08.11,00:05:41.575,102.13,102.127,8.25,1
2014.08.11,00:05:42.689,102.131,102.129,1.25,1
2014.08.11,00:05:43.143,102.133,102.131,1.25,1
2014.08.11,00:05:43.920,102.134,102.131,3.19,1
2014.08.11,00:05:44.428,102.133,102.131,3.75,1
2014.08.11,00:05:46.520,102.134,102.131,6.19,1
2014.08.11,00:05:47.616,102.134,102.131,6.94,1
2014.08.11,00:05:47.667,102.133,102.129,1.69,1.5
2014.08.11,00:05:47.818,102.131,102.129,1,1
2014.08.11,00:05:48.071,102.133,102.129,8.44,2.25
2014.08.11,00:05:48.628,102.133,102.13,1,1
2014.08.11,00:05:49.158,102.134,102.131,6.94,1
2014.08.11,00:05:49.661,102.134,102.131,6.94,1
2014.08.11,00:05:52.137,102.134,102.131,6.19,1
2014.08.11,00:05:52.666,102.133,102.131,3.75,1
2014.08.11,00:05:53.627,102.133,102.13,5.44,1
2014.08.11,00:05:53.930,102.131,102.129,1,1
2014.08.11,00:05:54.434,102.131,102.128,1,1.25
2014.08.11,00:05:54.939,102.133,102.129,1.69,2.25
2014.08.11,00:05:55.624,102.132,102.129,3.75,1.5
2014.08.11,00:05:55.775,102.13,102.128,1,1
2014.08.11,00:05:56.399,102.13,102.127,1,1.69
2014.08.11,00:05:57.772,102.129,102.127,1.69,1
2014.08.11,00:05:58.412,102.129,102.126,6.19,1
2014.08.11,00:05:59.456,102.129,102.125,6.94,3.94
2014.08.11,00:06:00.054,102.128,102.125,1.25,3
2014.08.11,00:06:00.458,102.13,102.126,1.5,1.5
2014.08.11,00:06:00.996,102.13,102.127,1.25,1.5
2014.08.11,00:06:01.542,102.13,102.126,1.69,2.25
2014.08.11,00:06:01.644,102.127,102.126,1,1
2014.08.11,00:06:01.795,102.127,102.124,1,4.69
2014.08.11,00:06:02.886,102.127,102.125,1,1
2014.08.11,00:06:04.306,102.127,102.124,1,1.69
2014.08.11,00:06:06.345,102.127,102.123,5.44,1.5
2014.08.11,00:06:06.919,102.127,102.124,6.19,1
2014.08.11,00:06:09.741,102.127,102.123,5.44,1.5
2014.08.11,00:06:10.144,102.124,102.123,3.75,1.5
2014.08.11,00:06:10.348,102.123,102.12,1.25,1.5
2014.08.11,00:06:11.275,102.124,102.12,3.19,1.25
2014.08.11,00:06:11.786,102.124,102.121,3.19,1
2014.08.11,00:06:12.302,102.124,102.12,3.19,1.69
2014.08.11,00:06:13.291,102.124,102.12,2.44,1
2014.08.11,00:06:15.295,102.123,102.12,4.69,1
2014.08.11,00:06:16.301,102.123,102.12,4.69,1.5
2014.08.11,00:06:18.387,102.123,102.12,5.44,1
2014.08.11,00:06:18.488,102.121,102.119,4,1.5
2014.08.11,00:06:18.898,102.12,102.117,1,3.94
2014.08.11,00:06:18.949,102.119,102.115,7.75,5.25
2014.08.11,00:06:19.151,102.119,102.115,1,6.19
2014.08.11,00:06:19.403,102.121,102.117,1.69,3.94
2014.08.11,00:06:19.913,102.121,102.118,1.25,1
2014.08.11,00:06:20.424,102.122,102.118,1.69,1.5
2014.08.11,00:06:23.828,102.121,102.118,1,1.25
2014.08.11,00:06:24.686,102.121,102.117,4.5,2.25
2014.08.11,00:06:25.039,102.119,102.117,1,1
2014.08.11,00:06:25.544,102.12,102.117,1.25,1
2014.08.11,00:06:28.800,102.118,102.117,1,1
2014.08.11,00:06:29.305,102.119,102.117,1,1
2014.08.11,00:06:31.956,102.12,102.117,1,1.5
2014.08.11,00:06:32.209,102.123,102.119,1.69,2.44
2014.08.11,00:06:34.670,102.123,102.12,4.5,1
2014.08.11,00:06:35.301,102.123,102.119,4.5,1
2014.08.11,00:06:36.229,102.123,102.119,5.44,1
2014.08.11,00:06:38.726,102.123,102.119,4.69,3.57
2014.08.11,00:06:43.177,102.123,102.12,1.69,3.75
2014.08.11,00:06:45.028,102.124,102.121,1.69,1
2014.08.11,00:06:48.042,102.124,102.121,2.44,1
2014.08.11,00:06:51.064,102.124,102.121,2.44,1
2014.08.11,00:06:52.048,102.125,102.121,1.5,5.25
2014.08.11,00:06:52.559,102.125,102.122,1,6.19
2014.08.11,00:06:55.605,102.125,102.121,2.44,6.94
2014.08.11,00:06:57.425,102.124,102.121,1,4.69
2014.08.11,00:06:57.930,102.123,102.12,1.5,5.44
2014.08.11,00:06:58.529,102.122,102.12,1,3.94
2014.08.11,00:06:59.039,102.122,102.119,1,4.69
2014.08.11,00:06:59.554,102.123,102.119,1.5,4.5
2014.08.11,00:07:00.089,102.122,102.119,1,5.44
2014.08.11,00:07:01.208,102.121,102.119,1.5,3.75
2014.08.11,00:07:01.359,102.121,102.117,3.19,6.19
2014.08.11,00:07:03.170,102.12,102.117,1.69,6.75
2014.08.11,00:07:03.675,102.119,102.117,1,4.5
2014.08.11,00:07:04.179,102.119,102.116,1,3.19
2014.08.11,00:07:04.692,102.12,102.117,1,2.44
2014.08.11,00:07:04.945,102.121,102.119,1.69,1
2014.08.11,00:07:05.449,102.122,102.119,1.25,1
2014.08.11,00:07:06.056,102.122,102.118,5.44,2.44
2014.08.11,00:07:06.359,102.12,102.117,1.25,1.5
2014.08.11,00:07:06.762,102.121,102.119,2.44,1
2014.08.11,00:07:07.065,102.12,102.117,1.19,7.5
2014.08.11,00:07:07.520,102.117,102.114,1,3.94
2014.08.11,00:07:08.369,102.118,102.114,5.44,3.94
2014.08.11,00:07:08.928,102.118,102.115,1.5,1
2014.08.11,00:07:09.489,102.118,102.115,2.44,1
2014.08.11,00:07:10.571,102.117,102.114,1.25,1
2014.08.11,00:07:10.774,102.116,102.112,6.94,1.5
2014.08.11,00:07:11.128,102.114,102.112,1,1
2014.08.11,00:07:11.683,102.115,102.112,2.44,1
2014.08.11,00:07:12.711,102.115,102.112,1.69,1
2014.08.11,00:07:16.592,102.115,102.112,1,1
2014.08.11,00:07:17.096,102.114,102.111,2.44,1
2014.08.11,00:07:17.802,102.112,102.111,1,1
2014.08.11,00:07:18.307,102.112,102.11,1.25,1
2014.08.11,00:07:21.299,102.113,102.11,6.19,1
2014.08.11,00:07:21.854,102.112,102.11,1,1
2014.08.11,00:07:22.612,102.112,102.108,1.69,2.44
2014.08.11,00:07:22.764,102.112,102.111,1,1
2014.08.11,00:07:23.269,102.113,102.111,1.25,1
2014.08.11,00:07:24.431,102.113,102.112,1.25,1
2014.08.11,00:07:24.935,102.114,102.112,1,1
2014.08.11,00:07:25.440,102.115,102.111,6.94,2.25
2014.08.11,00:07:25.742,102.115,102.113,4.5,1
2014.08.11,00:07:26.985,102.115,102.112,4.5,1
2014.08.11,00:07:27.501,102.116,102.113,1.25,1.5
2014.08.11,00:07:32.040,102.116,102.114,3.75,1
2014.08.11,00:07:32.293,102.118,102.114,2.44,3.19
2014.08.11,00:07:32.798,102.118,102.115,1.25,1
2014.08.11,00:07:33.302,102.118,102.114,1.25,4.69
2014.08.11,00:07:33.977,102.118,102.115,1,5.44
2014.08.11,00:07:34.028,102.12,102.117,5.44,1
2014.08.11,00:07:34.129,102.122,102.118,6.94,1.5
2014.08.11,00:07:34.634,102.122,102.119,1.25,1
2014.08.11,00:07:35.652,102.123,102.121,6.19,1
2014.08.11,00:07:36.057,102.123,102.119,3.19,2.44
2014.08.11,00:07:41.973,102.123,102.12,1.69,1
2014.08.11,00:07:42.124,102.123,102.122,1,1
2014.08.11,00:07:42.275,102.126,102.122,7.69,1.5
2014.08.11,00:07:44.056,102.126,102.122,6.75,1.5
2014.08.11,00:07:44.157,102.124,102.122,1,1.69
2014.08.11,00:07:44.821,102.123,102.122,1,1.25
2014.08.11,00:07:50.766,102.123,102.121,1,1.69
2014.08.11,00:07:54.153,102.123,102.122,1,1
2014.08.11,00:07:54.607,102.124,102.119,2.44,15.19
2014.08.11,00:07:54.657,102.122,102.119,1,6.19
2014.08.11,00:07:54.809,102.121,102.118,1,1.69
2014.08.11,00:07:55.723,102.119,102.116,1,8.44
2014.08.11,00:07:56.228,102.119,102.117,1.5,1
2014.08.11,00:07:57.350,102.119,102.118,1,1
2014.08.11,00:07:57.898,102.119,102.117,1,1
2014.08.11,00:07:58.452,102.12,102.118,1.25,1
2014.08.11,00:07:59.612,102.12,102.118,1,1
2014.08.11,00:07:59.763,102.121,102.12,1,1
2014.08.11,00:08:00.311,102.122,102.121,1,1.5
2014.08.11,00:08:01.315,102.123,102.121,1.5,1.5
2014.08.11,00:08:01.826,102.122,102.121,1,1.5
2014.08.11,00:08:05.172,102.123,102.121,1.5,1.5
2014.08.11,00:08:05.868,102.123,102.12,1.5,3.19
2014.08.11,00:08:07.503,102.121,102.12,1,1.5
2014.08.11,00:08:08.897,102.122,102.121,1,1
2014.08.11,00:08:09.401,102.123,102.121,1,1
2014.08.11,00:08:10.014,102.124,102.121,1.5,4.69
2014.08.11,00:08:10.670,102.123,102.121,1,4.69
2014.08.11,00:08:11.177,102.122,102.121,1,4.5
2014.08.11,00:08:11.705,102.123,102.121,1,1
2014.08.11,00:08:13.843,102.122,102.121,1,1
2014.08.11,00:08:14.348,102.123,102.121,1,1
2014.08.11,00:08:14.972,102.124,102.121,1.69,1
2014.08.11,00:08:17.048,102.124,102.122,1.5,1.25
2014.08.11,00:08:20.533,102.124,102.121,1.5,1.69
2014.08.11,00:08:22.192,102.124,102.122,1.5,1
2014.08.11,00:08:22.697,102.125,102.123,4.5,1
2014.08.11,00:08:23.201,102.125,102.122,4.5,1.25
2014.08.11,00:08:26.222,102.125,102.123,1.69,1
2014.08.11,00:08:26.727,102.127,102.124,6.94,1.5
2014.08.11,00:08:32.221,102.125,102.124,1,1
2014.08.11,00:08:38.939,102.126,102.124,1.5,1.5
2014.08.11,00:08:40.180,102.125,102.124,1,1
2014.08.11,00:08:41.705,102.126,102.124,1,1.5
2014.08.11,00:08:42.008,102.129,102.126,1.5,4.75
2014.08.11,00:08:42.109,102.133,102.129,1.5,6.25
2014.08.11,00:08:42.211,102.134,102.133,1,1
2014.08.11,00:08:42.262,102.134,102.133,1.5,1
2014.08.11,00:08:42.363,102.136,102.133,1.5,2.44
2014.08.11,00:08:42.464,102.137,102.135,1.5,5.5
2014.08.11,00:08:42.767,102.141,102.14,1,1.25
2014.08.11,00:08:42.919,102.144,102.14,5.44,1.32
2014.08.11,00:08:43.423,102.144,102.141,1.25,3.75
2014.08.11,00:08:43.877,102.142,102.14,1,1.69
2014.08.11,00:08:44.381,102.141,102.139,1,4.69
2014.08.11,00:08:45.756,102.142,102.139,1,3.57
2014.08.11,00:08:46.260,102.143,102.14,1.69,1
2014.08.11,00:08:46.563,102.141,102.14,1,1
2014.08.11,00:08:49.182,102.142,102.14,1,1
2014.08.11,00:08:49.737,102.141,102.14,1,1
2014.08.11,00:08:50.242,102.142,102.139,1,2.07
2014.08.11,00:08:50.847,102.141,102.139,1,1.69
2014.08.11,00:08:52.015,102.143,102.139,4.69,1.25
2014.08.11,00:08:52.872,102.141,102.139,1,1.25
2014.08.11,00:08:53.175,102.142,102.141,1,1
2014.08.11,00:08:53.680,102.144,102.142,1,2.44
2014.08.11,00:08:54.340,102.143,102.142,1,1
2014.08.11,00:08:54.895,102.142,102.139,4.75,2.25
2014.08.11,00:08:54.996,102.14,102.138,1,1
2014.08.11,00:08:55.400,102.142,102.14,1.69,1
2014.08.11,00:08:55.904,102.142,102.139,2.44,1.5
2014.08.11,00:08:58.840,102.141,102.139,3,1
2014.08.11,00:08:59.345,102.141,102.137,3.75,3.19
2014.08.11,00:08:59.867,102.141,102.137,3.94,3.19
2014.08.11,00:09:00.394,102.141,102.138,3.19,1
2014.08.11,00:09:00.905,102.141,102.137,3.19,2.44
2014.08.11,00:09:01.825,102.141,102.137,8.44,1.5
2014.08.11,00:09:02.329,102.139,102.136,1,1.25
2014.08.11,00:09:02.841,102.14,102.137,2.25,1.25
2014.08.11,00:09:04.872,102.14,102.138,2.25,1.25
2014.08.11,00:09:04.974,102.142,102.138,3.19,2.44
2014.08.11,00:09:05.479,102.142,102.139,1.69,1
2014.08.11,00:09:06.188,102.141,102.139,1.5,1.25
2014.08.11,00:09:06.646,102.14,102.137,1.5,1.5
2014.08.11,00:09:06.696,102.137,102.135,1,6.94
2014.08.11,00:09:06.747,102.137,102.135,1,2.44
2014.08.11,00:09:06.950,102.137,102.133,1.69,3.19
2014.08.11,00:09:07.858,102.137,102.134,1.5,1
2014.08.11,00:09:08.362,102.137,102.133,1.5,1
2014.08.11,00:09:08.866,102.137,102.134,1.5,1
2014.08.11,00:09:10.688,102.137,102.133,1,1.32
2014.08.11,00:09:11.193,102.136,102.133,1,2.44
2014.08.11,00:09:11.702,102.137,102.135,1.69,1
2014.08.11,00:09:11.955,102.136,102.133,1,2.44
2014.08.11,00:09:12.459,102.137,102.134,1.69,1
2014.08.11,00:09:13.864,102.137,102.133,3.94,1.69
2014.08.11,00:09:14.376,102.136,102.133,1,1.69
2014.08.11,00:09:16.089,102.136,102.132,3.94,1.69
2014.08.11,00:09:17.161,102.136,102.133,3.19,1
2014.08.11,00:09:18.441,102.135,102.133,1,1.25
2014.08.11,00:09:19.110,102.136,102.133,1.5,1.25
2014.08.11,00:09:19.375,102.134,102.132,1,2.44
2014.08.11,00:09:19.886,102.133,102.131,1,2.44
2014.08.11,00:09:20.402,102.133,102.131,2.5,1.5
2014.08.11,00:09:20.583,102.132,102.13,1,1.69
2014.08.11,00:09:21.105,102.132,102.129,1,2.44
2014.08.11,00:09:21.782,102.13,102.129,1,2.44
2014.08.11,00:09:22.298,102.13,102.128,1,1
2014.08.11,00:09:32.159,102.131,102.128,1.5,1.69
2014.08.11,00:09:34.039,102.132,102.128,6.94,1.69
2014.08.11,00:09:47.602,102.132,102.129,1.69,1
2014.08.11,00:09:57.207,102.131,102.129,1,1
2014.08.11,00:10:03.072,102.133,102.13,1,3.19
2014.08.11,00:10:04.954,102.132,102.13,4.5,3.19
2014.08.11,00:10:05.459,102.131,102.128,1,2.44
2014.08.11,00:10:06.086,102.131,102.128,1,2.44
2014.08.11,00:10:16.282,102.129,102.128,4.5,1.5
2014.08.11,00:10:16.901,102.129,102.127,5.25,1
2014.08.11,00:10:17.406,102.13,102.127,1,1
2014.08.11,00:10:17.937,102.129,102.127,1,1
2014.08.11,00:10:18.798,102.13,102.127,1.5,1.5
2014.08.11,00:10:19.303,102.131,102.128,2.25,1
2014.08.11,00:10:29.917,102.129,102.127,1,1.25
2014.08.11,00:10:30.423,102.129,102.128,1,1
2014.08.11,00:10:30.575,102.131,102.128,4.32,1
2014.08.11,00:10:33.772,102.13,102.128,1,1
2014.08.11,00:10:39.382,102.131,102.128,1.5,3.19
2014.08.11,00:10:41.215,102.131,102.129,1,1
2014.08.11,00:10:41.770,102.131,102.128,1,2.44
2014.08.11,00:10:42.791,102.129,102.128,1,2.25
2014.08.11,00:10:43.296,102.129,102.127,1,1.69
2014.08.11,00:10:47.778,102.13,102.127,1.5,1.69
2014.08.11,00:10:50.234,102.131,102.128,6.94,1
2014.08.11,00:10:50.386,102.131,102.127,6.94,2.25
2014.08.11,00:10:50.932,102.131,102.127,6,2.25
2014.08.11,00:10:50.983,102.131,102.129,6,1
2014.08.11,00:10:51.135,102.133,102.13,1.25,1
2014.08.11,00:10:52.020,102.132,102.13,1.25,1
2014.08.11,00:10:52.121,102.132,102.128,1.25,5.44
2014.08.11,00:10:56.998,102.132,102.128,1.69,2.25
2014.08.11,00:10:58.836,102.132,102.129,1.69,1
2014.08.11,00:10:59.362,102.132,102.129,1.5,1
2014.08.11,00:11:06.746,102.132,102.128,5.25,3
2014.08.11,00:11:07.150,102.131,102.128,1.5,2.25
2014.08.11,00:11:07.455,102.126,102.124,3.75,1
2014.08.11,00:11:07.909,102.125,102.122,4.5,1.69
2014.08.11,00:11:10.679,102.126,102.123,5.25,1
2014.08.11,00:11:11.220,102.125,102.123,1,1
2014.08.11,00:11:11.760,102.126,102.123,3.75,1
2014.08.11,00:11:11.890,102.126,102.124,3.75,1
2014.08.11,00:11:15.850,102.126,102.124,4.5,1
2014.08.11,00:11:16.949,102.125,102.123,1,1
2014.08.11,00:11:17.477,102.126,102.124,5.44,1
2014.08.11,00:11:23.458,102.126,102.123,6.19,1
2014.08.11,00:11:30.397,102.125,102.123,1,1
2014.08.11,00:11:34.000,102.125,102.123,1,1
2014.08.11,00:11:37.851,102.125,102.123,1.69,1
2014.08.11,00:11:40.090,102.125,102.122,1,1.25
2014.08.11,00:11:40.603,102.125,102.121,1.69,7.69
2014.08.11,00:11:41.142,102.125,102.122,1.25,1
2014.08.11,00:11:47.529,102.125,102.121,2.44,7.69
2014.08.11,00:11:47.845,102.125,102.123,1.69,1
2014.08.11,00:11:56.138,102.126,102.124,5.07,1
2014.08.11,00:11:56.518,102.128,102.126,1,1
2014.08.11,00:11:56.821,102.13,102.128,1,6.25
2014.08.11,00:11:56.973,102.133,102.131,1,1.5
2014.08.11,00:11:57.477,102.134,102.132,1,1
2014.08.11,00:11:57.629,102.137,102.133,2.25,5.82
2014.08.11,00:11:57.680,102.137,102.136,1,1
2014.08.11,00:11:58.033,102.138,102.136,1,1.5
2014.08.11,00:11:58.538,102.139,102.137,1,1
2014.08.11,00:11:59.254,102.139,102.136,1.69,1
2014.08.11,00:11:59.355,102.137,102.135,1,1
2014.08.11,00:11:59.608,102.137,102.133,1.69,4.32
2014.08.11,00:11:59.709,102.135,102.133,1,2.82
2014.08.11,00:12:05.026,102.135,102.132,1,5.44
2014.08.11,00:12:23.589,102.133,102.131,2.5,1.5
2014.08.11,00:12:23.691,102.131,102.126,7.7,1.5
2014.08.11,00:12:23.792,102.126,102.125,1,1.5
2014.08.11,00:12:23.894,102.126,102.123,2.44,2.25
2014.08.11,00:12:24.096,102.123,102.121,1,3.75
2014.08.11,00:12:26.084,102.123,102.12,1,1
2014.08.11,00:12:35.947,102.123,102.121,1.5,1
2014.08.11,00:12:47.596,102.123,102.119,1,1.5
2014.08.11,00:12:47.748,102.122,102.118,3.19,2.44
2014.08.11,00:12:47.849,102.12,102.118,1,1.25
2014.08.11,00:12:49.833,102.119,102.117,1,2.44
2014.08.11,00:12:50.378,102.118,102.117,1,1.25
2014.08.11,00:12:51.841,102.118,102.116,1,2.44
2014.08.11,00:12:56.260,102.117,102.116,1,1
2014.08.11,00:12:56.514,102.115,102.112,1.5,1.25
2014.08.11,00:12:56.615,102.113,102.111,1,2.44
2014.08.11,00:12:57.120,102.113,102.11,1.5,2.44
2014.08.11,00:12:57.634,102.113,102.11,1.5,2.44
2014.08.11,00:13:03.989,102.111,102.11,1.5,1.25
2014.08.11,00:13:04.499,102.111,102.108,1,4.69
2014.08.11,00:13:07.530,102.112,102.108,1,5.07
2014.08.11,00:13:08.141,102.113,102.108,1.69,4.32
2014.08.11,00:13:09.760,102.113,102.108,3.44,5.07
2014.08.11,00:13:10.370,102.112,102.108,1.25,5.44
2014.08.11,00:13:12.108,102.112,102.108,1,5.44
2014.08.11,00:13:14.951,102.113,102.108,6.19,3.94
2014.08.11,00:13:15.540,102.113,102.11,1.69,1
2014.08.11,00:13:21.408,102.115,102.111,3.94,1
2014.08.11,00:13:22.132,102.114,102.113,1,1.25
2014.08.11,00:13:22.385,102.119,102.117,1.5,3.75
2014.08.11,00:13:23.479,102.119,102.116,1,5.44
2014.08.11,00:13:25.758,102.119,102.117,1,1
2014.08.11,00:13:27.198,102.119,102.116,1,2.44
2014.08.11,00:13:27.300,102.12,102.119,1,1.5
2014.08.11,00:13:27.455,102.122,102.12,1,1.25
2014.08.11,00:13:27.557,102.124,102.121,1.25,1
2014.08.11,00:13:28.068,102.124,102.122,1,3.75
2014.08.11,00:13:30.307,102.122,102.12,1,1.5
2014.08.11,00:13:30.359,102.121,102.118,4,3.75
2014.08.11,00:13:30.613,102.118,102.116,1,1.5
2014.08.11,00:13:31.119,102.118,102.115,1,1.69
2014.08.11,00:13:31.422,102.12,102.117,3.19,1
2014.08.11,00:13:31.472,102.119,102.116,1,1.69
2014.08.11,00:13:32.000,102.118,102.116,1,1.25
2014.08.11,00:13:32.511,102.119,102.115,1.69,1.25
2014.08.11,00:13:34.594,102.119,102.116,1.25,1
2014.08.11,00:13:35.142,102.119,102.117,1.25,1
2014.08.11,00:13:35.596,102.119,102.115,1.69,2.44
2014.08.11,00:13:35.697,102.119,102.117,1.25,1
2014.08.11,00:13:35.798,102.119,102.115,1.25,2.44
2014.08.11,00:13:36.376,102.118,102.115,1,1.25
2014.08.11,00:13:36.679,102.116,102.114,1,2.25
2014.08.11,00:13:40.830,102.115,102.114,1,1
2014.08.11,00:13:40.982,102.113,102.111,3.75,1
2014.08.11,00:13:41.083,102.113,102.109,5.44,2.07
2014.08.11,00:13:42.627,102.113,102.11,1.69,1
2014.08.11,00:13:43.139,102.112,102.109,1.25,1.5
2014.08.11,00:13:46.806,102.113,102.11,2.44,1
2014.08.11,00:13:47.133,102.113,102.112,1.25,1
2014.08.11,00:13:47.284,102.117,102.113,1.25,3.01
2014.08.11,00:13:47.789,102.118,102.116,1,1
2014.08.11,00:13:48.312,102.118,102.115,1,2.82
2014.08.11,00:13:48.666,102.116,102.113,1.5,1.25
2014.08.11,00:13:49.331,102.115,102.113,1,1.25
2014.08.11,00:13:49.868,102.116,102.113,1,1.25
2014.08.11,00:13:50.884,102.115,102.112,1,1.69
2014.08.11,00:13:51.724,102.115,102.111,1.25,3.94
2014.08.11,00:13:52.178,102.113,102.11,1,1.25
2014.08.11,00:14:00.632,102.112,102.109,1,1.25
2014.08.11,00:14:00.834,102.111,102.107,1,2.07
2014.08.11,00:14:01.338,102.111,102.107,1,2.82
2014.08.11,00:14:03.734,102.111,102.107,1,1.5
2014.08.11,00:14:04.138,102.109,102.106,1,2.44
2014.08.11,00:14:04.441,102.107,102.105,5.44,1
2014.08.11,00:14:04.492,102.106,102.103,1.5,1.69
2014.08.11,00:14:04.996,102.106,102.104,1,1.25
2014.08.11,00:14:05.350,102.107,102.106,1,1
2014.08.11,00:14:05.553,102.107,102.104,1,2.44
2014.08.11,00:14:06.065,102.107,102.104,1.5,1.69
2014.08.11,00:14:07.228,102.107,102.105,1,1.69
2014.08.11,00:14:07.944,102.108,102.106,1,1.25
2014.08.11,00:14:09.479,102.11,102.106,2.44,2.44
2014.08.11,00:14:10.240,102.109,102.106,3.75,1.69
2014.08.11,00:14:10.764,102.108,102.106,1.5,1.5
2014.08.11,00:14:10.987,102.11,102.107,5.44,1
2014.08.11,00:14:11.372,102.11,102.108,1,1
2014.08.11,00:14:12.840,102.11,102.109,1,1.25
2014.08.11,00:14:14.852,102.11,102.108,1,3.19
2014.08.11,00:14:21.332,102.109,102.106,1,1.5
2014.08.11,00:14:21.868,102.108,102.107,1,2.44
2014.08.11,00:14:22.900,102.108,102.106,1.5,1
2014.08.11,00:14:23.869,102.108,102.107,1,1.69
2014.08.11,00:14:25.905,102.108,102.106,1,3.94
2014.08.11,00:14:26.419,102.107,102.106,1,3.94
2014.08.11,00:14:27.700,102.109,102.106,3.75,3.94
2014.08.11,00:14:28.793,102.108,102.106,1,3.94
2014.08.11,00:14:32.925,102.108,102.106,1.5,1
2014.08.11,00:14:33.458,102.108,102.106,1.5,1
2014.08.11,00:14:35.746,102.106,102.105,1.5,2.44
2014.08.11,00:14:35.898,102.106,102.103,1.5,1.5
2014.08.11,00:14:35.948,102.104,102.103,1,1.5
2014.08.11,00:14:36.453,102.103,102.101,1.5,1.19
2014.08.11,00:14:37.209,102.103,102.101,1,1.25
2014.08.11,00:14:43.757,102.104,102.101,2.25,1.25
2014.08.11,00:14:50.174,102.103,102.101,1,1.69
2014.08.11,00:14:50.770,102.102,102.101,1,1.69
2014.08.11,00:14:54.226,102.102,102.1,1,2.44
2014.08.11,00:14:56.266,102.102,102.1,1,2.44
2014.08.11,00:14:58.248,102.102,102.1,1,2.44
2014.08.11,00:14:59.277,102.102,102.101,1,1.25
2014.08.11,00:15:00.741,102.103,102.101,1,1.25
2014.08.11,00:15:01.568,102.103,102.102,1,1.5
2014.08.11,00:15:02.112,102.104,102.102,1,1
2014.08.11,00:15:04.299,102.104,102.102,1.5,3.94
2014.08.11,00:15:08.371,102.104,102.102,1,4.69
2014.08.11,00:15:09.360,102.104,102.103,1,1.25
2014.08.11,00:15:12.397,102.104,102.102,1,3.94
2014.08.11,00:15:13.406,102.104,102.103,1,1.25
2014.08.11,00:15:14.221,102.105,102.103,1.5,1.25
2014.08.11,00:15:15.996,102.105,102.104,1,2.44
2014.08.11,00:15:16.147,102.108,102.106,1,4.5
2014.08.11,00:15:16.400,102.11,102.107,1.5,6.19
2014.08.11,00:15:17.417,102.11,102.107,1.5,6.19
2014.08.11,00:15:18.433,102.11,102.108,1.5,2.44
2014.08.11,00:15:19.834,102.11,102.107,1.5,1.69
2014.08.11,00:15:21.320,102.109,102.107,1,1.25
2014.08.11,00:15:21.826,102.108,102.106,3,1.25
2014.08.11,00:15:22.432,102.109,102.108,1.5,3.94
2014.08.11,00:15:22.482,102.11,102.108,1.5,3.94
2014.08.11,00:15:22.785,102.112,102.109,1.5,3.19
2014.08.11,00:15:23.289,102.111,102.108,1.5,2.44
2014.08.11,00:15:25.038,102.111,102.109,1.5,3.75
2014.08.11,00:15:25.498,102.113,102.109,3.38,5.44
2014.08.11,00:15:26.118,102.113,102.11,2.63,2.44
2014.08.11,00:15:28.418,102.113,102.109,2.25,5.44
2014.08.11,00:15:29.132,102.113,102.11,2.25,1.25
2014.08.11,00:15:29.877,102.111,102.11,1,1.25
2014.08.11,00:15:30.230,102.111,102.108,2.25,1.25
2014.08.11,00:15:32.238,102.111,102.107,2.63,6.19
2014.08.11,00:15:32.756,102.11,102.107,1,6.19
2014.08.11,00:15:33.288,102.11,102.108,1,1.25
2014.08.11,00:15:35.926,102.11,102.109,1,4.69
2014.08.11,00:15:36.128,102.112,102.109,2.25,4.69
2014.08.11,00:15:36.953,102.112,102.11,1.5,1.25
2014.08.11,00:15:37.458,102.111,102.11,1,1.25
2014.08.11,00:15:39.133,102.111,102.108,1,5.44
2014.08.11,00:15:39.696,102.111,102.109,1,1.25
2014.08.11,00:15:40.207,102.111,102.108,1,5.44
2014.08.11,00:15:41.069,102.111,102.108,1,5.44
2014.08.11,00:15:41.696,102.112,102.108,1.5,5.44
2014.08.11,00:15:43.544,102.111,102.108,1,5.44
2014.08.11,00:15:44.068,102.112,102.108,1.5,4.5
2014.08.11,00:15:44.569,102.111,102.108,1,4.5
2014.08.11,00:15:45.074,102.112,102.108,1.25,5.44
2014.08.11,00:15:46.855,102.111,102.108,1,5.44
2014.08.11,00:15:47.359,102.111,102.109,1,3.75
2014.08.11,00:15:48.845,102.112,102.109,1,3.75
2014.08.11,00:15:49.349,102.112,102.11,1.5,1
2014.08.11,00:15:49.652,102.111,102.107,1.5,3.94
2014.08.11,00:15:50.156,102.11,102.106,1.5,3.19
2014.08.11,00:15:51.317,102.11,102.109,1.5,1
2014.08.11,00:15:51.619,102.112,102.109,2.44,1
2014.08.11,00:15:52.153,102.112,102.11,1.5,1
2014.08.11,00:15:55.661,102.113,102.11,1.5,1.69
2014.08.11,00:15:56.809,102.112,102.11,1,1.5
2014.08.11,00:15:57.062,102.112,102.108,1.25,7.69
2014.08.11,00:15:57.727,102.112,102.109,1.25,1
2014.08.11,00:15:58.236,102.11,102.108,1.5,1
2014.08.11,00:15:58.745,102.11,102.107,1.5,2.44
2014.08.11,00:15:59.454,102.109,102.107,1,2.44
2014.08.11,00:16:04.939,102.109,102.108,1,1
2014.08.11,00:16:05.495,102.11,102.108,1,1.69
2014.08.11,00:16:05.798,102.115,102.112,1,1.69
2014.08.11,00:16:05.899,102.115,102.114,1,1.25
2014.08.11,00:16:05.951,102.118,102.114,3,3.19
2014.08.11,00:16:06.001,102.118,102.116,2.25,1.25
2014.08.11,00:16:06.909,102.118,102.115,3.19,1
2014.08.11,00:16:07.413,102.118,102.114,3.19,3.19
2014.08.11,00:16:07.718,102.116,102.113,1,2.44
2014.08.11,00:16:08.665,102.116,102.114,1,1
2014.08.11,00:16:08.716,102.118,102.114,5.44,2.44
2014.08.11,00:16:09.220,102.118,102.115,3.94,1
2014.08.11,00:16:10.225,102.118,102.116,1.5,1
2014.08.11,00:16:10.276,102.12,102.116,2.25,2.25
2014.08.11,00:16:10.528,102.12,102.119,1.69,1
2014.08.11,00:16:10.730,102.122,102.119,1,2.07
2014.08.11,00:16:12.362,102.121,102.119,1,2.07
2014.08.11,00:16:12.766,102.12,102.116,2.44,1.69
2014.08.11,00:16:12.816,102.12,102.116,5.44,1
2014.08.11,00:16:13.322,102.118,102.114,1.69,6.19
2014.08.11,00:16:13.829,102.117,102.114,1,3.94
2014.08.11,00:16:15.167,102.118,102.114,3.19,3.19
2014.08.11,00:16:15.470,102.118,102.116,1,1
2014.08.11,00:16:16.800,102.119,102.117,1.25,1
2014.08.11,00:16:17.254,102.118,102.114,3.01,2.25
2014.08.11,00:16:17.558,102.113,102.11,4.69,2.25
2014.08.11,00:16:17.962,102.111,102.11,4.5,1
2014.08.11,00:16:18.114,102.11,102.108,1,1.5
2014.08.11,00:16:18.618,102.109,102.108,1,1
2014.08.11,00:16:18.871,102.11,102.106,6.75,2.25
2014.08.11,00:16:19.728,102.109,102.106,1,1
2014.08.11,00:16:19.778,102.107,102.106,1,1
2014.08.11,00:16:19.880,102.105,102.103,1,2.44
2014.08.11,00:16:20.788,102.105,102.104,1,1
2014.08.11,00:16:21.343,102.105,102.103,1.5,1
2014.08.11,00:16:22.226,102.105,102.104,1.5,1
2014.08.11,00:16:22.730,102.106,102.104,1,2.25
2014.08.11,00:16:23.297,102.107,102.106,1.25,1
2014.08.11,00:16:23.399,102.108,102.106,2.25,1
2014.08.11,00:16:23.552,102.109,102.107,1,4.5
2014.08.11,00:16:23.603,102.111,102.108,1,5.26
2014.08.11,00:16:23.654,102.113,102.112,3.75,1.25
2014.08.11,00:16:23.755,102.115,102.112,3,1.69
2014.08.11,00:16:24.259,102.115,102.114,1.5,1
2014.08.11,00:16:24.663,102.116,102.112,2.44,2.44
2014.08.11,00:16:25.212,102.116,102.112,2.69,1.69
2014.08.11,00:16:25.757,102.116,102.112,6.19,2.44
2014.08.11,00:16:28.036,102.114,102.112,1,1.25
2014.08.11,00:16:28.137,102.113,102.109,4.5,3
2014.08.11,00:16:28.389,102.111,102.109,1,3
2014.08.11,00:16:28.692,102.11,102.107,1,2.44
2014.08.11,00:16:29.197,102.109,102.108,1,1
2014.08.11,00:16:29.450,102.111,102.109,1,1
2014.08.11,00:16:33.672,102.112,102.109,2.25,5.44
2014.08.11,00:16:43.300,102.111,102.109,1,1
2014.08.11,00:16:43.451,102.11,102.107,1.25,2.25
2014.08.11,00:16:43.965,102.109,102.106,1,3.19
2014.08.11,00:16:44.905,102.108,102.106,1,2.25
2014.08.11,00:16:45.107,102.106,102.104,1,1
2014.08.11,00:16:45.359,102.105,102.101,1,3.19
2014.08.11,00:16:45.874,102.105,102.101,1.69,2.44
2014.08.11,00:16:47.826,102.105,102.102,1.69,1
2014.08.11,00:16:48.409,102.105,102.101,1.69,1.69
2014.08.11,00:16:49.004,102.105,102.102,1.69,1
2014.08.11,00:16:52.927,102.105,102.101,2.44,2.44
2014.08.11,00:16:53.128,102.103,102.101,1,2.44
2014.08.11,00:16:53.485,102.105,102.101,2.44,2.44
2014.08.11,00:16:54.105,102.104,102.101,1,2.44
2014.08.11,00:16:57.422,102.105,102.101,1.69,2.44
2014.08.11,00:16:57.827,102.106,102.104,2.25,1
2014.08.11,00:16:58.340,102.105,102.104,1,1
2014.08.11,00:16:59.303,102.106,102.104,1,1
2014.08.11,00:16:59.767,102.107,102.106,1,1
2014.08.11,00:16:59.918,102.11,102.107,2.25,1.25
2014.08.11,00:17:00.322,102.112,102.11,1.13,1
2014.08.11,00:17:00.834,102.114,102.11,2.44,1
2014.08.11,00:17:01.343,102.114,102.11,1,1
2014.08.11,00:17:02.911,102.114,102.112,1,1
2014.08.11,00:17:03.424,102.114,102.113,1,1
2014.08.11,00:17:03.933,102.115,102.113,3.19,1
2014.08.11,00:17:04.692,102.116,102.113,1.69,1.5
2014.08.11,00:17:11.472,102.115,102.113,1,1
2014.08.11,00:17:14.540,102.117,102.113,6.19,1.5
2014.08.11,00:17:15.103,102.117,102.114,4.5,1
2014.08.11,00:17:15.255,102.12,102.116,7.69,1.69
2014.08.11,00:17:15.507,102.12,102.116,5.44,1.69
2014.08.11,00:17:16.371,102.119,102.116,3.75,1.25
2014.08.11,00:17:16.674,102.117,102.116,1,1
2014.08.11,00:17:17.215,102.117,102.115,1.25,1
2014.08.11,00:17:17.569,102.12,102.115,5.25,4.69
2014.08.11,00:17:17.670,102.12,102.117,4.5,1.5
2014.08.11,00:17:22.759,102.12,102.116,5.44,1.69
2014.08.11,00:17:25.094,102.119,102.116,1.25,1
2014.08.11,00:17:26.708,102.118,102.116,1,1
2014.08.11,00:17:27.213,102.117,102.115,1,1.5
2014.08.11,00:17:28.199,102.12,102.116,5.25,2.44
2014.08.11,00:17:30.689,102.12,102.116,3.94,4.69
2014.08.11,00:17:31.566,102.12,102.117,3.94,1
2014.08.11,00:17:32.692,102.121,102.118,7.69,1
2014.08.11,00:17:33.295,102.121,102.118,3.19,1
2014.08.11,00:17:33.854,102.121,102.117,3.19,1.25
2014.08.11,00:17:34.411,102.121,102.116,6.75,5.44
2014.08.11,00:17:34.818,102.121,102.118,3.75,2.44
2014.08.11,00:17:34.919,102.124,102.12,6,2.25
2014.08.11,00:17:34.970,102.124,102.123,1.5,1
2014.08.11,00:17:35.487,102.125,102.123,1.5,1
2014.08.11,00:17:36.477,102.127,102.124,1.69,1
2014.08.11,00:17:36.981,102.126,102.123,1,1.25
2014.08.11,00:17:42.075,102.125,102.123,1,1
2014.08.11,00:17:42.579,102.125,102.122,1.25,1.5
2014.08.11,00:17:51.318,102.124,102.121,1,1
2014.08.11,00:17:51.520,102.122,102.12,1,1
2014.08.11,00:17:51.774,102.12,102.118,3.75,2.25
2014.08.11,00:17:52.026,102.12,102.116,5.44,4.69
2014.08.11,00:17:52.537,102.12,102.116,7.69,1.5
2014.08.11,00:17:53.047,102.121,102.117,6.19,2.25
2014.08.11,00:17:53.707,102.119,102.116,7.5,2.44
2014.08.11,00:17:54.160,102.12,102.117,6.19,1
2014.08.11,00:17:54.413,102.12,102.118,1.25,1
2014.08.11,00:17:55.471,102.121,102.119,1.69,1
2014.08.11,00:17:57.853,102.121,102.118,3.19,1
2014.08.11,00:17:58.156,102.119,102.118,1,1
2014.08.11,00:17:58.660,102.12,102.117,7.69,1
2014.08.11,00:17:58.963,102.118,102.116,1,3.19
2014.08.11,00:17:59.470,102.116,102.115,1.25,2.25
2014.08.11,00:17:59.571,102.116,102.113,1.25,1.5
2014.08.11,00:17:59.824,102.116,102.115,1.25,1
2014.08.11,00:18:12.565,102.117,102.115,9.94,1
2014.08.11,00:18:13.422,102.117,102.115,9.94,1
2014.08.11,00:18:13.624,102.12,102.117,1.5,1.5
2014.08.11,00:18:13.877,102.121,102.119,1.25,1
2014.08.11,00:18:13.978,102.121,102.118,1.25,1
2014.08.11,00:18:17.832,102.121,102.119,1,1
2014.08.11,00:18:18.564,102.121,102.118,1,1
2014.08.11,00:18:20.691,102.121,102.12,1,1
2014.08.11,00:18:21.196,102.122,102.119,1,1.25
2014.08.11,00:18:23.530,102.121,102.119,1,1.32
2014.08.11,00:18:24.040,102.12,102.118,1,2.44
2014.08.11,00:18:24.548,102.122,102.12,1.69,1
2014.08.11,00:18:24.750,102.122,102.12,1,1
2014.08.11,00:18:25.637,102.12,102.118,1,1.69
2014.08.11,00:18:26.841,102.122,102.118,7.69,3.19
2014.08.11,00:18:26.892,102.122,102.12,3.94,3.75
2014.08.11,00:18:27.195,102.125,102.122,2.44,1
2014.08.11,00:18:28.017,102.125,102.122,1.5,1
2014.08.11,00:18:38.202,102.125,102.123,1.69,1
2014.08.11,00:18:38.509,102.131,102.129,1.13,1.25
2014.08.11,00:18:39.015,102.131,102.127,1,3.19
2014.08.11,00:18:39.519,102.13,102.128,1,1.25
2014.08.11,00:18:39.822,102.132,102.128,3.19,1.25
2014.08.11,00:18:42.563,102.131,102.127,1,5.44
2014.08.11,00:18:42.664,102.128,102.127,1,4.5
2014.08.11,00:18:42.918,102.129,102.125,1.69,7.69
2014.08.11,00:18:43.019,102.127,102.125,1,6
2014.08.11,00:18:43.372,102.127,102.123,1.25,7.69
2014.08.11,00:18:44.065,102.127,102.124,1.25,1
2014.08.11,00:18:46.656,102.127,102.123,1.69,3.19
2014.08.11,00:18:48.187,102.127,102.125,1,1
2014.08.11,00:18:48.691,102.128,102.124,1.25,7.69
2014.08.11,00:18:49.044,102.126,102.123,1,2.44
2014.08.11,00:18:52.207,102.126,102.124,1.25,1
2014.08.11,00:18:52.982,102.126,102.123,1,1.25
2014.08.11,00:19:11.492,102.127,102.123,4.5,1.69
2014.08.11,00:19:11.795,102.128,102.126,1,2.44
2014.08.11,00:19:11.846,102.13,102.126,6.19,2.44
2014.08.11,00:19:12.815,102.129,102.126,1,2.25
2014.08.11,00:19:13.017,102.128,102.124,1.5,6.19
2014.08.11,00:19:14.040,102.128,102.124,6.19,1.5
2014.08.11,00:19:14.550,102.128,102.125,6.94,1
2014.08.11,00:19:16.825,102.128,102.124,6.94,1
2014.08.11,00:19:17.336,102.128,102.125,6.94,1
2014.08.11,00:19:18.207,102.127,102.124,1.25,1.5
2014.08.11,00:19:19.130,102.128,102.124,5.25,3
2014.08.11,00:19:19.231,102.128,102.126,5.25,1
2014.08.11,00:19:19.332,102.13,102.126,7.5,1
2014.08.11,00:19:19.989,102.129,102.127,1,1
2014.08.11,00:19:20.493,102.129,102.126,1,2.44
2014.08.11,00:19:20.998,102.128,102.125,1,1.5
2014.08.11,00:19:22.181,102.126,102.124,2.26,2.44
2014.08.11,00:19:22.688,102.126,102.123,1.69,1.5
2014.08.11,00:19:23.257,102.126,102.124,1.25,1
2014.08.11,00:19:23.904,102.126,102.123,1.25,1
2014.08.11,00:19:32.755,102.125,102.123,1,4.69
2014.08.11,00:19:33.591,102.126,102.123,1,5.44
2014.08.11,00:19:56.585,102.126,102.123,1,6.19
2014.08.11,00:19:56.888,102.131,102.128,1,3.75
2014.08.11,00:19:57.393,102.133,102.129,3.19,1
2014.08.11,00:19:57.921,102.133,102.129,3.19,1.69
2014.08.11,00:20:00.459,102.133,102.13,3.94,1
2014.08.11,00:20:00.964,102.132,102.13,1,1
2014.08.11,00:20:01.652,102.133,102.129,3.19,6.94
2014.08.11,00:20:03.903,102.133,102.129,2.25,8.07
2014.08.11,00:20:07.583,102.132,102.129,1,6.57
2014.08.11,00:20:08.090,102.132,102.129,1,6.57
2014.08.11,00:20:08.694,102.133,102.129,1.69,6.57
2014.08.11,00:20:12.491,102.133,102.13,1.69,1
2014.08.11,00:20:13.253,102.133,102.129,1.69,7.32
2014.08.11,00:20:15.525,102.133,102.131,1,1
2014.08.11,00:20:15.828,102.135,102.131,1.69,6.19
2014.08.11,00:20:18.637,102.133,102.131,1,2.44
2014.08.11,00:20:19.191,102.134,102.131,1,1
2014.08.11,00:20:25.717,102.134,102.129,2.25,8.07
2014.08.11,00:20:26.020,102.131,102.128,1,1.69
2014.08.11,00:20:26.525,102.131,102.128,1,3.19
2014.08.11,00:20:29.282,102.131,102.129,1,3.75
2014.08.11,00:20:29.636,102.133,102.13,1.5,3.75
2014.08.11,00:20:38.065,102.134,102.13,1.25,3.19
2014.08.11,00:20:43.621,102.134,102.13,1,2.44
2014.08.11,00:20:44.378,102.133,102.13,3.75,1.69
2014.08.11,00:20:44.882,102.132,102.13,1,1.25
2014.08.11,00:20:45.387,102.133,102.13,5.25,1.25
2014.08.11,00:20:48.527,102.133,102.13,5.44,1
2014.08.11,00:20:49.109,102.133,102.13,1.5,1
2014.08.11,00:20:57.474,102.132,102.13,1,1
2014.08.11,00:20:57.988,102.132,102.129,1,1.5
2014.08.11,00:20:58.646,102.13,102.126,4,8.44
2014.08.11,00:20:59.151,102.128,102.125,6,1.25
2014.08.11,00:21:00.376,102.127,102.124,1,1.25
2014.08.11,00:21:00.823,102.125,102.123,1,5.44
2014.08.11,00:21:02.303,102.125,102.124,1,1
2014.08.11,00:21:02.994,102.125,102.123,1,5.25
2014.08.11,00:21:06.595,102.125,102.122,1,6.19
2014.08.11,00:21:15.039,102.125,102.121,2.44,1.69
2014.08.11,00:21:16.099,102.123,102.121,1,1.25
2014.08.11,00:21:16.780,102.123,102.12,1,1.5
2014.08.11,00:21:46.292,102.123,102.121,1.5,1
2014.08.11,00:21:46.830,102.123,102.12,1,2.44
2014.08.11,00:22:06.740,102.123,102.121,1.5,1
2014.08.11,00:22:07.284,102.123,102.12,1.5,1.25
2014.08.11,00:22:18.111,102.124,102.12,3.19,1.69
2014.08.11,00:22:20.268,102.123,102.12,1,2.44
2014.08.11,00:22:31.517,102.123,102.121,1,2.44
2014.08.11,00:22:34.801,102.124,102.121,3,2.44
2014.08.11,00:22:35.315,102.124,102.12,2.25,5.44
2014.08.11,00:22:35.921,102.123,102.12,1,4.69
2014.08.11,00:22:36.258,102.123,102.121,1,2.44
2014.08.11,00:22:37.343,102.124,102.122,2.25,1.25
2014.08.11,00:22:38.196,102.124,102.121,2.25,2.44
2014.08.11,00:22:40.340,102.123,102.121,1,2.44
2014.08.11,00:22:44.637,102.122,102.121,1,2.44
2014.08.11,00:22:45.141,102.123,102.121,1,2.44
2014.08.11,00:22:51.093,102.124,102.121,1.5,2.44
2014.08.11,00:22:56.472,102.123,102.121,1,2.44
2014.08.11,00:22:57.029,102.124,102.121,2.25,2.44
2014.08.11,00:22:59.280,102.124,102.121,2.25,2.44
2014.08.11,00:22:59.917,102.123,102.121,1,2.44
2014.08.11,00:23:00.466,102.123,102.121,1,2.44
2014.08.11,00:23:01.173,102.124,102.121,2.25,6.19
2014.08.11,00:23:02.309,102.124,102.122,1.5,2.44
2014.08.11,00:23:03.039,102.123,102.122,1,2.44
2014.08.11,00:23:03.549,102.124,102.122,2.25,1.25
2014.08.11,00:23:07.315,102.124,102.121,2.25,1.25
2014.08.11,00:23:11.531,102.122,102.119,1.5,1.25
2014.08.11,00:23:11.834,102.12,102.118,1,1.25
2014.08.11,00:23:12.187,102.118,102.115,1,6
2014.08.11,00:23:12.238,102.117,102.115,1,1
2014.08.11,00:23:12.346,102.115,102.114,1,1
2014.08.11,00:23:12.398,102.115,102.112,1.5,1.25
2014.08.11,00:23:12.903,102.115,102.112,6.75,2.75
2014.08.11,00:23:13.055,102.113,102.112,1,2.44
2014.08.11,00:23:13.408,102.113,102.11,7.5,2.44
2014.08.11,00:23:13.913,102.112,102.11,1,2.44
2014.08.11,00:23:14.418,102.113,102.11,6.75,1.25
2014.08.11,00:23:14.925,102.112,102.11,1,1.25
2014.08.11,00:23:15.429,102.111,102.109,1,1
2014.08.11,00:23:31.459,102.111,102.108,1.5,2.44
2014.08.11,00:23:37.450,102.111,102.108,1,3.94
2014.08.11,00:23:38.463,102.111,102.108,1,3.19
2014.08.11,00:23:40.578,102.111,102.108,1,3.19
2014.08.11,00:23:42.582,102.111,102.108,1,3.19
2014.08.11,00:23:45.729,102.112,102.108,3.75,1
2014.08.11,00:23:48.600,102.112,102.109,3,2.44
2014.08.11,00:23:51.578,102.112,102.108,3,2.44
2014.08.11,00:23:52.588,102.112,102.109,3,2.44
2014.08.11,00:23:54.642,102.112,102.108,2.44,6.94
2014.08.11,00:23:55.611,102.112,102.109,2.25,1.25
2014.08.11,00:23:58.602,102.112,102.108,2.44,6.94
2014.08.11,00:24:00.432,102.112,102.109,2.25,2.44
2014.08.11,00:24:04.219,102.112,102.11,1.5,2.44
2014.08.11,00:24:06.215,102.113,102.111,2.25,2.75
2014.08.11,00:24:06.417,102.114,102.112,1,1.25
2014.08.11,00:24:07.157,102.114,102.111,1.25,1
2014.08.11,00:24:23.446,102.113,102.111,1,1
2014.08.11,00:24:23.957,102.113,102.11,1,4.5
2014.08.11,00:24:26.132,102.113,102.109,1.69,6.19
2014.08.11,00:24:26.535,102.112,102.109,3.75,1.25
2014.08.11,00:24:26.838,102.109,102.107,1,4.5
2014.08.11,00:24:29.503,102.109,102.105,1.69,7.69
2014.08.11,00:24:34.287,102.108,102.105,1,6
2014.08.11,00:24:34.795,102.107,102.105,1,5.25
2014.08.11,00:24:36.268,102.108,102.106,1,1
2014.08.11,00:24:36.815,102.108,102.107,1,1
2014.08.11,00:24:37.731,102.108,102.105,1,7.69
2014.08.11,00:24:38.235,102.108,102.107,1,1
2014.08.11,00:24:38.387,102.11,102.107,1.69,1
2014.08.11,00:24:39.393,102.11,102.106,1.25,6.19
2014.08.11,00:24:39.921,102.11,102.107,4.69,1
2014.08.11,00:24:40.427,102.11,102.106,6.94,2.44
2014.08.11,00:24:41.067,102.109,102.106,3.75,1.69
2014.08.11,00:24:44.352,102.108,102.106,1,1.69
2014.08.11,00:24:48.154,102.107,102.106,3.75,1
2014.08.11,00:24:48.559,102.106,102.104,3,1
2014.08.11,00:24:48.660,102.106,102.102,2.44,6.94
2014.08.11,00:24:49.182,102.105,102.102,1,5.44
2014.08.11,00:24:49.692,102.106,102.102,2.44,1.25
2014.08.11,00:24:50.857,102.105,102.102,1,1.25
2014.08.11,00:24:51.418,102.106,102.102,2.07,1.25
2014.08.11,00:24:52.613,102.106,102.103,2.82,1
2014.08.11,00:24:53.195,102.106,102.102,2.82,1.69
2014.08.11,00:24:53.753,102.105,102.102,1,1.69
2014.08.11,00:24:54.716,102.105,102.103,1,1
2014.08.11,00:25:01.066,102.105,102.103,1,1
2014.08.11,00:25:05.608,102.106,102.103,4.32,1
2014.08.11,00:25:08.777,102.104,102.103,1,1
2014.08.11,00:25:09.839,102.105,102.103,1,1
2014.08.11,00:25:10.514,102.104,102.103,1,1
2014.08.11,00:25:10.767,102.104,102.101,2.25,5.25
2014.08.11,00:25:11.271,102.103,102.1,1.5,5.44
2014.08.11,00:25:12.424,102.101,102.099,1,2.63
2014.08.11,00:25:12.576,102.1,102.098,1.5,1.5
2014.08.11,00:25:13.085,102.1,102.097,1.5,5.44
2014.08.11,00:25:14.231,102.1,102.098,1.5,1
2014.08.11,00:25:15.416,102.101,102.099,1,6
2014.08.11,00:25:15.467,102.102,102.099,1,6.19
2014.08.11,00:25:15.977,102.103,102.1,1,5.44
2014.08.11,00:25:16.028,102.105,102.102,1,3.75
2014.08.11,00:25:16.232,102.107,102.104,2.63,1.5
2014.08.11,00:25:16.434,102.108,102.106,3,1
2014.08.11,00:25:16.946,102.108,102.105,2.25,3.94
2014.08.11,00:25:18.059,102.108,102.105,2.44,4.5
2014.08.11,00:25:18.465,102.106,102.104,1,1.5
2014.08.11,00:25:18.566,102.107,102.104,1,1.5
2014.08.11,00:25:19.002,102.108,102.105,1.5,4.69
2014.08.11,00:25:20.482,102.108,102.107,1,1
2014.08.11,00:25:20.986,102.108,102.105,1.5,2.44
2014.08.11,00:25:21.999,102.108,102.105,1,1.5
2014.08.11,00:25:22.372,102.107,102.104,1,6.94
2014.08.11,00:25:22.677,102.104,102.102,1,4.69
2014.08.11,00:25:23.333,102.104,102.101,4.5,4.69
2014.08.11,00:25:23.535,102.101,102.099,1,6.94
2014.08.11,00:25:26.484,102.104,102.1,3.94,3.94
2014.08.11,00:25:26.787,102.106,102.104,3,4.69
2014.08.11,00:25:27.140,102.105,102.102,1,6.19
2014.08.11,00:25:27.493,102.106,102.104,1.5,4.5
2014.08.11,00:25:27.594,102.107,102.104,2.25,4.69
2014.08.11,00:25:28.098,102.107,102.104,1.5,6.94
2014.08.11,00:25:32.300,102.108,102.105,1,1.25
2014.08.11,00:25:33.552,102.109,102.105,5.44,2.44
2014.08.11,00:25:34.143,102.109,102.105,5.25,2.44
2014.08.11,00:25:35.208,102.11,102.106,1,6.19
2014.08.11,00:25:35.259,102.11,102.109,1,1
2014.08.11,00:25:35.713,102.109,102.107,1,1.69
2014.08.11,00:25:38.483,102.111,102.107,7.69,1.5
2014.08.11,00:25:38.837,102.111,102.109,1.5,3.75
2014.08.11,00:25:39.342,102.11,102.109,1,1
2014.08.11,00:25:39.854,102.109,102.108,1,1
2014.08.11,00:25:40.359,102.11,102.107,1,6.19
2014.08.11,00:25:41.838,102.11,102.107,1,6.19
2014.08.11,00:25:42.833,102.11,102.107,1,6.19
2014.08.11,00:25:44.694,102.11,102.108,1,1
2014.08.11,00:25:45.226,102.11,102.107,1,4.5
2014.08.11,00:25:48.820,102.11,102.107,1,6.19
2014.08.11,00:25:50.503,102.11,102.109,1,3.75
2014.08.11,00:25:50.604,102.113,102.109,3.94,6.19
2014.08.11,00:25:51.227,102.113,102.11,1,3.19
2014.08.11,00:25:52.446,102.112,102.109,1,1.25
2014.08.11,00:25:52.597,102.114,102.11,3.19,2.25
2014.08.11,00:25:53.102,102.114,102.11,2.25,2.25
2014.08.11,00:25:54.574,102.114,102.113,1.5,3.75
2014.08.11,00:25:54.776,102.117,102.115,1,4.69
2014.08.11,00:25:54.927,102.119,102.116,1,1.69
2014.08.11,00:25:55.432,102.119,102.115,1.5,6.75
2014.08.11,00:26:00.240,102.118,102.115,1,1
2014.08.11,00:26:01.551,102.117,102.114,1,3.94
2014.08.11,00:26:01.703,102.115,102.114,1,1.5
2014.08.11,00:26:02.208,102.115,102.112,1,5.44
2014.08.11,00:26:02.768,102.115,102.112,1,4.69
2014.08.11,00:26:08.840,102.113,102.112,1,1
2014.08.11,00:26:09.344,102.113,102.111,1,2.44
2014.08.11,00:26:17.648,102.112,102.111,3.75,1
2014.08.11,00:26:17.699,102.112,102.109,3.75,2.82
2014.08.11,00:26:18.203,102.111,102.107,2.25,3.94
2014.08.11,00:26:18.772,102.111,102.107,2.44,3.94
2014.08.11,00:26:23.389,102.111,102.108,1.5,1
2014.08.11,00:26:24.359,102.111,102.109,1.5,1
2014.08.11,00:26:24.713,102.111,102.107,2.25,5.44
2014.08.11,00:26:25.231,102.111,102.108,1.5,1
2014.08.11,00:26:26.804,102.111,102.109,1.5,1
2014.08.11,00:26:34.974,102.111,102.108,1,1.69
2014.08.11,00:26:35.731,102.111,102.109,1,1
2014.08.11,00:26:38.269,102.112,102.109,4.5,1
2014.08.11,00:26:45.414,102.112,102.108,4.5,1.5
2014.08.11,00:26:45.516,102.11,102.108,1,1
2014.08.11,00:26:47.242,102.11,102.109,1,1
2014.08.11,00:26:49.302,102.11,102.108,1,1.25
2014.08.11,00:26:51.827,102.112,102.108,1,4.69
2014.08.11,00:26:52.336,102.113,102.109,7.5,1.5
2014.08.11,00:26:56.827,102.113,102.11,6.75,1
2014.08.11,00:27:02.628,102.114,102.11,2.44,5.44
2014.08.11,00:27:03.528,102.113,102.11,1,5.44
2014.08.11,00:27:03.630,102.114,102.112,1.69,1
2014.08.11,00:27:12.988,102.114,102.111,1,1.25
2014.08.11,00:27:22.196,102.114,102.11,1.25,3.94
2014.08.11,00:27:27.346,102.114,102.11,1.5,3.19
2014.08.11,00:27:31.327,102.114,102.11,1.69,2.44
2014.08.11,00:27:35.851,102.112,102.11,3.75,1.5
2014.08.11,00:27:36.356,102.112,102.109,1,1
2014.08.11,00:27:36.864,102.112,102.108,1,3
2014.08.11,00:27:57.232,102.112,102.109,1.25,1
2014.08.11,00:28:17.775,102.113,102.11,1.69,3.75
2014.08.11,00:28:17.826,102.114,102.111,2.25,1
2014.08.11,00:28:18.331,102.115,102.111,6.19,1.5
2014.08.11,00:28:20.303,102.115,102.112,1.69,1
2014.08.11,00:28:20.405,102.115,102.114,1,1
2014.08.11,00:28:25.981,102.115,102.113,1,1
2014.08.11,00:28:26.435,102.115,102.111,1.69,6.19
2014.08.11,00:28:33.533,102.115,102.113,1,1.25
2014.08.11,00:28:33.836,102.117,102.115,1.25,1
2014.08.11,00:28:34.088,102.119,102.116,1.25,1
2014.08.11,00:28:34.290,102.119,102.118,1,1
2014.08.11,00:28:34.341,102.121,102.119,1.69,1
2014.08.11,00:28:36.338,102.121,102.117,7.5,1.5
2014.08.11,00:28:36.490,102.119,102.117,1,1
2014.08.11,00:28:37.000,102.119,102.115,1,3.19
2014.08.11,00:28:37.507,102.119,102.115,1.69,2.44
2014.08.11,00:28:38.012,102.119,102.116,1.69,1
2014.08.11,00:28:38.516,102.119,102.115,1.25,3.94
2014.08.11,00:28:41.500,102.119,102.116,1.25,1
2014.08.11,00:28:42.308,102.119,102.118,1,3.75
2014.08.11,00:28:42.510,102.121,102.119,1.13,1
2014.08.11,00:28:42.814,102.123,102.119,7.69,1.5
2014.08.11,00:28:43.521,102.123,102.119,7.69,1.5
2014.08.11,00:28:44.455,102.121,102.118,1.25,1.5
2014.08.11,00:28:44.960,102.123,102.119,6.19,1.5
2014.08.11,00:28:45.553,102.123,102.119,5.44,1.5
2014.08.11,00:28:46.158,102.121,102.119,1,1.5
2014.08.11,00:28:46.461,102.12,102.117,1,2.25
2014.08.11,00:28:46.966,102.121,102.117,6,2.25
2014.08.11,00:28:47.245,102.119,102.117,1,2.25
2014.08.11,00:28:47.549,102.117,102.114,1,1.5
2014.08.11,00:28:48.054,102.117,102.113,6.94,1.69
2014.08.11,00:28:48.356,102.114,102.111,3.94,1.5
2014.08.11,00:28:53.736,102.113,102.11,1.25,1
2014.08.11,00:28:56.826,102.113,102.111,1,1
2014.08.11,00:28:57.384,102.113,102.11,1,4.69
2014.08.11,00:28:58.339,102.114,102.112,2.25,1
2014.08.11,00:28:58.490,102.114,102.113,1.5,1
2014.08.11,00:28:58.541,102.116,102.113,1.69,1
2014.08.11,00:28:59.046,102.114,102.112,1,2.44
2014.08.11,00:29:03.781,102.116,102.114,1.25,4.75
2014.08.11,00:29:03.883,102.117,102.115,1.25,1
2014.08.11,00:29:04.294,102.119,102.116,1.5,1.25
2014.08.11,00:29:05.310,102.118,102.116,1,1
2014.08.11,00:29:05.817,102.119,102.115,5.44,3.57
2014.08.11,00:29:06.984,102.117,102.115,1,2.63
2014.08.11,00:29:07.489,102.116,102.113,1,7.69
2014.08.11,00:29:07.994,102.116,102.113,1,1.69
2014.08.11,00:29:08.498,102.116,102.112,7.69,2.44
2014.08.11,00:29:09.004,102.115,102.112,1,1.69
2014.08.11,00:29:11.287,102.116,102.112,6.19,1.5
2014.08.11,00:29:20.805,102.114,102.112,1,1.69
2014.08.11,00:29:22.323,102.114,102.111,1,2.25
2014.08.11,00:29:24.857,102.113,102.111,3.75,1.5
2014.08.11,00:29:25.059,102.112,102.109,1,2.44
2014.08.11,00:29:26.643,102.111,102.109,1,1
2014.08.11,00:29:27.065,102.11,102.106,4.5,4.69
2014.08.11,00:29:32.538,102.109,102.107,1,1
2014.08.11,00:29:33.045,102.11,102.107,6,1
2014.08.11,00:29:37.051,102.109,102.107,2.44,1
2014.08.11,00:29:39.938,102.109,102.107,6.19,1
2014.08.11,00:29:40.932,102.109,102.107,6.19,1
2014.08.11,00:29:41.956,102.108,102.107,1.25,1
2014.08.11,00:29:46.048,102.109,102.107,3.75,1.5
2014.08.11,00:29:48.180,102.11,102.107,5.44,2.25
2014.08.11,00:29:49.049,102.11,102.108,1,1
2014.08.11,00:29:49.150,102.112,102.108,6.94,1.69
2014.08.11,00:29:49.664,102.112,102.109,1.69,1
2014.08.11,00:29:55.540,102.112,102.11,1.5,1
2014.08.11,00:29:56.044,102.113,102.111,1,1
2014.08.11,00:29:58.409,102.113,102.112,1,1
2014.08.11,00:29:58.813,102.115,102.112,2.44,1
2014.08.11,00:29:59.065,102.115,102.114,1,3.75
2014.08.11,00:29:59.116,102.117,102.114,2.25,3.75
2014.08.11,00:29:59.369,102.115,102.113,1,1.13
2014.08.11,00:30:00.725,102.115,102.111,3.19,7.69
2014.08.11,00:30:01.416,102.114,102.111,1,6.94
2014.08.11,00:30:02.130,102.115,102.111,3.94,6.19
2014.08.11,00:30:02.432,102.113,102.111,1,2.44
2014.08.11,00:30:02.937,102.112,102.11,1.5,1
2014.08.11,00:30:03.089,102.111,102.109,1,5.07
2014.08.11,00:30:03.594,102.11,102.108,1,1.25
2014.08.11,00:30:03.905,102.109,102.106,3,1
2014.08.11,00:30:04.418,102.108,102.105,1.5,1.25
2014.08.11,00:30:06.211,102.108,102.106,1.5,1
2014.08.11,00:30:07.434,102.108,102.105,1.5,1.5
2014.08.11,00:30:07.983,102.108,102.106,1,1
2014.08.11,00:30:14.112,102.108,102.105,2.25,2.25
2014.08.11,00:30:17.216,102.108,102.105,2.44,2.25
2014.08.11,00:30:17.367,102.106,102.103,1,3.75
2014.08.11,00:30:17.872,102.106,102.102,1.69,7.69
2014.08.11,00:30:18.881,102.106,102.103,1.69,1
2014.08.11,00:30:18.982,102.108,102.104,9.19,2.44
2014.08.11,00:30:19.955,102.108,102.104,9.94,2.25
2014.08.11,00:30:20.397,102.106,102.102,1.69,7.69
2014.08.11,00:30:20.901,102.105,102.102,1,6.94
2014.08.11,00:30:21.408,102.106,102.102,2.25,6
2014.08.11,00:30:21.819,102.104,102.102,1,1
2014.08.11,00:30:22.324,102.104,102.101,1.25,1
2014.08.11,00:30:28.441,102.103,102.1,1,2.44
2014.08.11,00:30:28.744,102.101,102.1,1,1
2014.08.11,00:30:29.248,102.1,102.099,5.25,1
2014.08.11,00:30:29.844,102.1,102.098,1.5,1
2014.08.11,00:30:31.118,102.102,102.098,8.82,1
2014.08.11,00:30:31.622,102.1,102.098,1,1.25
2014.08.11,00:30:32.171,102.101,102.098,1,1.25
2014.08.11,00:30:34.548,102.1,102.098,1.69,1
2014.08.11,00:30:34.850,102.098,102.096,6,1.25
2014.08.11,00:30:55.230,102.098,102.095,4.5,1.5
2014.08.11,00:31:04.584,102.097,102.094,1,1.5
2014.08.11,00:31:05.140,102.096,102.093,1,2.44
2014.08.11,00:31:05.644,102.097,102.094,1.5,1.25
2014.08.11,00:31:06.854,102.097,102.093,7.62,2.44
2014.08.11,00:31:07.157,102.094,102.092,1,1
2014.08.11,00:31:07.670,102.095,102.093,3.19,1
2014.08.11,00:31:08.734,102.094,102.092,1,1.25
2014.08.11,00:31:09.239,102.095,102.091,8.37,1.25
2014.08.11,00:31:09.855,102.095,102.091,4.69,1
2014.08.11,00:31:10.882,102.091,102.09,3.75,3.19
2014.08.11,00:31:10.984,102.091,102.088,2.25,1.5
2014.08.11,00:31:11.036,102.092,102.09,2.07,1
2014.08.11,00:31:11.541,102.092,102.09,1.13,1
2014.08.11,00:31:12.399,102.093,102.09,1,1.25
2014.08.11,00:31:12.905,102.095,102.091,3.19,1.25
2014.08.11,00:31:13.209,102.095,102.093,3.19,1
2014.08.11,00:31:13.713,102.095,102.092,1.69,1
2014.08.11,00:31:15.034,102.094,102.092,1.25,1
2014.08.11,00:31:15.186,102.093,102.089,2.25,3.94
2014.08.11,00:31:15.691,102.093,102.089,3.19,3
2014.08.11,00:31:16.245,102.093,102.089,3.19,2.44
2014.08.11,00:31:16.497,102.091,102.088,1,1.69
2014.08.11,00:31:16.750,102.093,102.09,3.19,1
2014.08.11,00:31:17.255,102.093,102.09,3.19,1
2014.08.11,00:31:17.787,102.091,102.09,1,1
2014.08.11,00:31:18.385,102.093,102.09,2.44,1
2014.08.11,00:31:19.732,102.092,102.09,1,1
2014.08.11,00:31:20.239,102.091,102.09,1,1
2014.08.11,00:31:20.815,102.092,102.089,2.44,1.5
2014.08.11,00:31:21.068,102.09,102.087,1,1
2014.08.11,00:31:21.373,102.091,102.089,1.5,1
2014.08.11,00:31:21.878,102.091,102.089,2.25,1
2014.08.11,00:31:22.382,102.091,102.089,1.25,1
2014.08.11,00:31:22.484,102.091,102.087,1.25,5.44
2014.08.11,00:31:22.691,102.092,102.089,2.44,1
2014.08.11,00:31:23.196,102.092,102.09,2.44,1
2014.08.11,00:31:24.086,102.092,102.089,3.19,1
2014.08.11,00:31:31.806,102.091,102.089,1,1.5
2014.08.11,00:31:35.672,102.091,102.088,4.5,1.69
2014.08.11,00:31:36.215,102.091,102.087,6.19,3.19
2014.08.11,00:31:38.986,102.091,102.088,6.19,1
2014.08.11,00:31:41.597,102.091,102.089,1,5.44
2014.08.11,00:31:41.699,102.093,102.09,1,2.44
2014.08.11,00:31:41.800,102.093,102.092,1,1
2014.08.11,00:31:42.053,102.096,102.093,4.69,1
2014.08.11,00:31:42.255,102.098,102.095,2.25,1
2014.08.11,00:31:43.376,102.098,102.096,1,1
2014.08.11,00:31:44.236,102.098,102.095,1,2.44
2014.08.11,00:31:45.449,102.099,102.095,6.19,2.44
2014.08.11,00:31:45.753,102.102,102.099,4.69,1
2014.08.11,00:31:46.724,102.102,102.1,2.25,1
2014.08.11,00:31:49.172,102.101,102.1,3.75,1
2014.08.11,00:31:49.223,102.101,102.098,5.44,1
2014.08.11,00:31:49.728,102.1,102.098,1,1
2014.08.11,00:32:06.153,102.1,102.097,1.25,1.5
2014.08.11,00:32:08.892,102.1,102.099,1,1
2014.08.11,00:32:09.044,102.102,102.099,1.69,1.5
2014.08.11,00:32:17.989,102.103,102.099,5.25,1.5
2014.08.11,00:32:22.402,102.103,102.1,4.69,1
2014.08.11,00:32:22.962,102.102,102.099,1,3.94
2014.08.11,00:32:23.470,102.103,102.1,4.69,1
2014.08.11,00:32:24.237,102.102,102.1,1,1
2014.08.11,00:32:24.828,102.103,102.1,5.44,1
2014.08.11,00:32:25.433,102.102,102.1,1,1
2014.08.11,00:32:25.938,102.101,102.099,1,1
2014.08.11,00:32:28.714,102.102,102.1,1,1
2014.08.11,00:32:29.219,102.104,102.101,5.44,1
2014.08.11,00:32:29.723,102.104,102.102,1.25,1
2014.08.11,00:32:29.925,102.105,102.104,1,1
2014.08.11,00:32:29.976,102.106,102.104,1.5,1.5
2014.08.11,00:32:30.026,102.108,102.106,1.5,1
2014.08.11,00:32:30.128,102.109,102.107,1,1
2014.08.11,00:32:30.481,102.111,102.109,2.44,1
2014.08.11,00:32:31.211,102.112,102.11,6.19,1
2014.08.11,00:32:33.526,102.111,102.109,4.69,1
2014.08.11,00:32:35.161,102.11,102.109,3.75,1
2014.08.11,00:32:38.456,102.111,102.109,5.44,1
2014.08.11,00:32:42.338,102.111,102.11,1.5,1
2014.08.11,00:32:42.591,102.115,102.112,2.44,1
2014.08.11,00:32:45.573,102.114,102.112,1.69,1
2014.08.11,00:32:45.676,102.112,102.109,4.75,1.5
2014.08.11,00:32:45.777,102.113,102.11,1,1.5
2014.08.11,00:33:07.788,102.114,102.11,2.44,3.19
2014.08.11,00:33:08.409,102.114,102.111,2.44,1
2014.08.11,00:33:09.460,102.114,102.11,3.19,2.44
2014.08.11,00:33:10.057,102.114,102.111,2.44,1
2014.08.11,00:33:10.820,102.114,102.112,1,1
2014.08.11,00:33:10.922,102.116,102.114,3,1
2014.08.11,00:33:11.073,102.118,102.116,1.69,3.75
2014.08.11,00:33:11.225,102.12,102.117,1,1.25
2014.08.11,00:33:11.729,102.121,102.117,3.57,1.25
2014.08.11,00:33:13.234,102.121,102.117,4.32,1
2014.08.11,00:33:18.208,102.121,102.117,5.82,1.25
2014.08.11,00:33:18.712,102.12,102.117,1,1.25
2014.08.11,00:33:20.497,102.119,102.117,1,1
2014.08.11,00:33:20.699,102.118,102.115,1,4.69
2014.08.11,00:33:20.851,102.116,102.113,6.94,1
2014.08.11,00:33:21.363,102.116,102.112,9.19,3.19
2014.08.11,00:33:21.903,102.116,102.112,9.94,2.25
2014.08.11,00:33:22.633,102.116,102.114,3.57,1
2014.08.11,00:33:23.905,102.116,102.113,5.63,1.25
2014.08.11,00:33:24.107,102.114,102.112,1,2.44
2014.08.11,00:33:25.574,102.116,102.113,1.25,1
2014.08.11,00:33:25.878,102.116,102.114,1.69,1
2014.08.11,00:33:33.421,102.115,102.113,1,2.44
2014.08.11,00:33:33.673,102.116,102.113,4.69,1.5
2014.08.11,00:33:33.724,102.116,102.115,1.25,1
2014.08.11,00:33:34.178,102.118,102.116,2.25,1
2014.08.11,00:33:34.683,102.118,102.115,1.5,1.25
2014.08.11,00:33:36.253,102.118,102.117,1,1
2014.08.11,00:33:36.667,102.12,102.117,1,4.5
2014.08.11,00:33:36.818,102.121,102.119,2.63,1
2014.08.11,00:33:36.920,102.121,102.117,2.63,1.5
2014.08.11,00:33:39.255,102.121,102.118,6.94,1
2014.08.11,00:33:39.769,102.12,102.117,4.69,1
2014.08.11,00:33:40.388,102.12,102.116,4.69,2.44
2014.08.11,00:33:40.899,102.12,102.117,4.69,1
2014.08.11,00:33:43.828,102.121,102.117,8.82,1.69
2014.08.11,00:33:46.589,102.12,102.117,1,1.25
2014.08.11,00:33:47.094,102.121,102.118,3.57,1
2014.08.11,00:33:47.396,102.123,102.119,5.44,2.44
2014.08.11,00:33:47.548,102.123,102.121,2.25,1
2014.08.11,00:33:47.649,102.125,102.122,1.88,1.5
2014.08.11,00:33:48.177,102.126,102.123,3.19,1
2014.08.11,00:33:51.645,102.126,102.122,3,1
2014.08.11,00:33:52.925,102.126,102.123,2.25,1
2014.08.11,00:33:53.026,102.126,102.124,2.25,1
2014.08.11,00:33:53.127,102.128,102.125,5.25,1.5
2014.08.11,00:33:53.581,102.128,102.127,1,1
2014.08.11,00:33:54.086,102.128,102.126,1,1
2014.08.11,00:33:56.333,102.129,102.127,1.69,1
2014.08.11,00:33:56.535,102.13,102.128,1,1
2014.08.11,00:33:56.888,102.129,102.126,1,3.19
2014.08.11,00:33:57.090,102.127,102.125,1,4.5
2014.08.11,00:33:57.393,102.125,102.122,1,6.94
2014.08.11,00:33:58.229,102.125,102.122,1,5.44
2014.08.11,00:34:02.628,102.124,102.121,1,2.44
2014.08.11,00:34:03.133,102.123,102.12,1.5,1.69
2014.08.11,00:34:03.442,102.121,102.118,1,3
2014.08.11,00:34:03.946,102.121,102.118,1,1
2014.08.11,00:34:04.454,102.121,102.117,1,6.19
2014.08.11,00:34:05.220,102.121,102.118,1,1
2014.08.11,00:34:05.949,102.121,102.117,1,6.19
2014.08.11,00:34:06.516,102.121,102.118,1,1.19
2014.08.11,00:34:08.432,102.122,102.12,1,1
2014.08.11,00:34:15.546,102.122,102.118,1.69,1.69
2014.08.11,00:34:16.050,102.121,102.118,1,1.69
2014.08.11,00:34:17.580,102.122,102.118,6.94,1.69
2014.08.11,00:34:24.576,102.122,102.118,1,1.19
2014.08.11,00:34:25.092,102.123,102.12,3.94,1
2014.08.11,00:34:33.903,102.122,102.12,1,1.69
2014.08.11,00:34:35.024,102.122,102.118,1.5,1.69
2014.08.11,00:34:36.007,102.122,102.118,2.44,2.44
2014.08.11,00:34:38.293,102.121,102.118,2.44,1.5
2014.08.11,00:34:46.021,102.12,102.118,2.44,1
2014.08.11,00:34:51.996,102.121,102.118,4.69,1
2014.08.11,00:34:53.003,102.12,102.118,1.25,1
2014.08.11,00:35:05.023,102.121,102.118,3.94,1
2014.08.11,00:35:06.026,102.12,102.118,1.25,1.5
2014.08.11,00:35:08.028,102.121,102.118,2.44,1.5
2014.08.11,00:35:09.067,102.12,102.118,1.25,1.5
2014.08.11,00:35:10.033,102.121,102.118,2.44,2.25
2014.08.11,00:35:12.155,102.12,102.118,2.44,1.5
2014.08.11,00:35:14.193,102.121,102.118,3.19,2.25
2014.08.11,00:35:15.157,102.12,102.118,1.25,1.5
2014.08.11,00:35:29.977,102.12,102.119,1,1
2014.08.11,00:35:33.960,102.12,102.117,1,5.25
2014.08.11,00:35:35.369,102.12,102.118,1,1
2014.08.11,00:35:35.934,102.12,102.117,1,5.25
2014.08.11,00:35:41.070,102.12,102.118,3.19,1
2014.08.11,00:35:41.582,102.12,102.117,3.19,1
2014.08.11,00:35:43.037,102.12,102.116,3.19,6.19
2014.08.11,00:35:43.584,102.12,102.117,3.19,1
2014.08.11,00:35:45.238,102.12,102.117,2.44,1.5
2014.08.11,00:35:50.137,102.12,102.118,2.44,1
2014.08.11,00:35:50.643,102.12,102.117,2.44,1.5
2014.08.11,00:35:52.872,102.12,102.118,2.44,1
2014.08.11,00:35:53.729,102.12,102.117,2.44,2.25
2014.08.11,00:35:54.270,102.12,102.118,2.44,1
2014.08.11,00:35:54.788,102.121,102.118,5.44,1
2014.08.11,00:35:55.296,102.12,102.118,1,1
2014.08.11,00:35:58.382,102.12,102.117,2.44,4.5
2014.08.11,00:36:07.397,102.12,102.118,2.44,1
2014.08.11,00:36:10.316,102.12,102.117,2.44,1
2014.08.11,00:36:15.287,102.119,102.117,3.19,1
2014.08.11,00:36:16.302,102.118,102.117,1.25,1
2014.08.11,00:36:17.260,102.118,102.116,2.44,1
2014.08.11,00:36:18.296,102.119,102.116,3.94,1
2014.08.11,00:36:18.979,102.117,102.116,2.44,1
2014.08.11,00:36:19.131,102.116,102.114,4.5,1
2014.08.11,00:36:19.282,102.115,102.112,1,1
2014.08.11,00:36:19.787,102.114,102.112,1,1
2014.08.11,00:36:20.316,102.113,102.112,2.44,1
2014.08.11,00:36:27.523,102.112,102.11,1,2.25
2014.08.11,00:36:27.878,102.111,102.109,3.94,1.5
2014.08.11,00:36:28.479,102.11,102.109,2.44,1
2014.08.11,00:36:34.504,102.111,102.109,3.19,1
2014.08.11,00:36:35.487,102.11,102.109,2.44,1
2014.08.11,00:36:49.654,102.11,102.107,2.44,1
2014.08.11,00:36:50.638,102.11,102.108,1.25,1
2014.08.11,00:36:55.625,102.109,102.107,2.44,1
2014.08.11,00:36:57.657,102.11,102.108,1.25,1
2014.08.11,00:36:57.861,102.11,102.107,4.69,1
2014.08.11,00:36:58.063,102.108,102.107,1.25,1
2014.08.11,00:36:58.580,102.108,102.106,1.25,1
2014.08.11,00:36:59.754,102.109,102.106,2.44,1
2014.08.11,00:37:07.661,102.11,102.106,2.44,2.44
2014.08.11,00:37:11.833,102.111,102.109,2.25,1
2014.08.11,00:37:25.022,102.111,102.109,2.5,3.94
2014.08.11,00:37:25.124,102.113,102.111,3.19,1
2014.08.11,00:37:25.699,102.113,102.11,3.19,1
2014.08.11,00:37:34.399,102.113,102.111,1,1
2014.08.11,00:37:34.937,102.113,102.11,1,1.5
2014.08.11,00:37:38.674,102.113,102.109,1.5,1.88
2014.08.11,00:37:39.911,102.113,102.11,3.19,1
2014.08.11,00:37:40.012,102.113,102.111,1,4.69
2014.08.11,00:37:40.164,102.117,102.114,1.5,1
2014.08.11,00:37:40.215,102.117,102.115,1.5,1
2014.08.11,00:37:40.669,102.119,102.116,1.25,1
2014.08.11,00:37:41.188,102.119,102.117,1,1
2014.08.11,00:37:46.689,102.119,102.116,1,2.44
2014.08.11,00:37:53.750,102.119,102.116,1,1.69
2014.08.11,00:38:00.777,102.119,102.116,1,2.44
2014.08.11,00:38:10.928,102.118,102.116,1,1.5
2014.08.11,00:38:18.286,102.119,102.116,1,1.69
2014.08.11,00:38:25.156,102.118,102.116,1,1.25
2014.08.11,00:38:25.660,102.117,102.115,1,4.5
2014.08.11,00:38:26.822,102.118,102.115,3.19,4.5
2014.08.11,00:38:27.326,102.119,102.116,2.44,1
2014.08.11,00:38:40.854,102.118,102.116,1.69,1
2014.08.11,00:38:41.056,102.115,102.113,1,1.88
2014.08.11,00:38:41.577,102.115,102.112,1,3.94
2014.08.11,00:38:44.116,102.115,102.113,1,3.75
2014.08.11,00:38:45.238,102.115,102.112,1.25,1
2014.08.11,00:38:45.541,102.112,102.111,5.44,1
2014.08.11,00:38:45.642,102.112,102.108,6.19,3.19
2014.08.11,00:38:46.147,102.111,102.108,1.69,1
2014.08.11,00:38:46.651,102.11,102.107,1,3.94
2014.08.11,00:38:47.205,102.11,102.106,1.5,6.75
2014.08.11,00:38:48.951,102.11,102.108,2.44,3.75
2014.08.11,00:38:50.498,102.11,102.107,1,5.44
2014.08.11,00:38:51.351,102.11,102.108,1,1
2014.08.11,00:38:51.760,102.11,102.106,1.5,6.75
2014.08.11,00:38:56.450,102.109,102.106,2.44,6.75
2014.08.11,00:38:57.760,102.108,102.106,2.44,1.5
2014.08.11,00:38:57.861,102.11,102.106,2.25,1.5
2014.08.11,00:39:01.155,102.109,102.106,1,1.69
2014.08.11,00:39:01.693,102.108,102.106,1,1.25
2014.08.11,00:39:09.687,102.108,102.105,1,5.44
2014.08.11,00:39:10.191,102.108,102.106,1,1
2014.08.11,00:39:19.832,102.108,102.105,1.5,3.94
2014.08.11,00:39:21.174,102.108,102.106,1.69,1
2014.08.11,00:39:21.478,102.108,102.104,2.44,3.19
2014.08.11,00:39:25.487,102.106,102.102,1.5,9.94
2014.08.11,00:39:25.790,102.104,102.102,1,4.69
2014.08.11,00:39:26.296,102.104,102.102,1,3.94
2014.08.11,00:39:27.708,102.104,102.101,1,1.69
2014.08.11,00:39:28.266,102.104,102.1,3.19,5.44
2014.08.11,00:39:29.789,102.103,102.1,1,1.69
2014.08.11,00:39:30.391,102.104,102.1,3.94,1.25
2014.08.11,00:39:30.925,102.103,102.1,1,1.69
2014.08.11,00:39:43.635,102.104,102.1,3.19,1.25
2014.08.11,00:39:43.938,102.106,102.103,1,1.5
2014.08.11,00:39:44.241,102.107,102.106,1,1
2014.08.11,00:39:46.623,102.109,102.106,1,1.25
2014.08.11,00:39:47.265,102.11,102.107,2.44,3.75
2014.08.11,00:39:52.531,102.11,102.108,1.5,3.75
2014.08.11,00:39:52.786,102.112,102.109,1,1.19
2014.08.11,00:39:52.836,102.112,102.109,1,1.19
2014.08.11,00:39:53.240,102.114,102.111,1,5.44
2014.08.11,00:39:53.760,102.115,102.111,2.25,6.19
2014.08.11,00:39:54.264,102.114,102.111,1,6.19
2014.08.11,00:39:59.004,102.114,102.111,1,4.5
2014.08.11,00:39:59.105,102.113,102.109,1,3.38
2014.08.11,00:39:59.609,102.111,102.109,1,1.32
2014.08.11,00:40:00.129,102.112,102.109,1.5,1
2014.08.11,00:40:04.852,102.111,102.109,1,1
2014.08.11,00:40:05.820,102.112,102.109,1.5,1
2014.08.11,00:40:06.322,102.111,102.109,1,1.25
2014.08.11,00:40:06.830,102.112,102.109,1.5,1.25
2014.08.11,00:40:07.352,102.112,102.109,1,1.69
2014.08.11,00:40:08.108,102.112,102.109,1.5,1
2014.08.11,00:40:09.515,102.111,102.109,1,1.69
2014.08.11,00:40:10.073,102.112,102.109,1,1.69
2014.08.11,00:40:10.594,102.113,102.11,1,1
2014.08.11,00:40:11.646,102.114,102.11,3.57,1.69
2014.08.11,00:40:14.355,102.113,102.11,1,5.44
2014.08.11,00:40:14.759,102.114,102.112,2.44,1
2014.08.11,00:40:14.961,102.117,102.114,1.5,1.5
2014.08.11,00:40:15.011,102.118,102.115,1.5,4.69
2014.08.11,00:40:15.515,102.119,102.116,1,1.25
2014.08.11,00:40:16.020,102.119,102.117,1.5,3.94
2014.08.11,00:40:16.273,102.122,102.117,3.75,6.94
2014.08.11,00:40:16.779,102.121,102.118,1,3.75
2014.08.11,00:40:17.513,102.122,102.118,3.75,4.5
2014.08.11,00:40:18.021,102.122,102.117,2.25,7.69
2014.08.11,00:40:19.289,102.122,102.118,3,1
2014.08.11,00:40:19.902,102.121,102.118,1,1
2014.08.11,00:40:20.407,102.121,102.117,1.5,5.25
2014.08.11,00:40:22.228,102.121,102.118,1.5,1
2014.08.11,00:40:24.402,102.121,102.117,2.25,6
2014.08.11,00:40:27.471,102.121,102.118,1.5,1
2014.08.11,00:40:27.976,102.121,102.117,1.5,6.19
2014.08.11,00:40:28.510,102.122,102.118,3,1.5
2014.08.11,00:40:31.156,102.122,102.118,3,2.44
2014.08.11,00:40:32.149,102.122,102.118,3,1.5
2014.08.11,00:40:32.814,102.122,102.119,2.25,1
2014.08.11,00:40:32.915,102.12,102.119,1,1
2014.08.11,00:40:33.067,102.12,102.117,1.5,2.44
2014.08.11,00:40:35.044,102.12,102.118,1,1
2014.08.11,00:40:36.672,102.12,102.117,1,6.19
2014.08.11,00:40:42.069,102.12,102.118,1.5,1.19
2014.08.11,00:40:42.221,102.123,102.12,1,3.75
2014.08.11,00:40:45.655,102.123,102.121,1.5,3.75
2014.08.11,00:40:46.473,102.123,102.12,2.25,4.69
2014.08.11,00:40:47.488,102.123,102.119,2.44,2.82
2014.08.11,00:40:47.741,102.121,102.119,1.5,1.25
2014.08.11,00:40:48.482,102.121,102.118,1.5,3.75
2014.08.11,00:40:50.176,102.121,102.117,1.5,6.94
2014.08.11,00:40:50.682,102.121,102.117,1.5,7.32
2014.08.11,00:40:54.599,102.121,102.117,1,7.32
2014.08.11,00:40:56.435,102.121,102.119,1,3.75
2014.08.11,00:40:56.638,102.123,102.12,2.44,3.75
2014.08.11,00:40:58.026,102.122,102.119,1,1.69
2014.08.11,00:41:00.695,102.121,102.118,1.5,1
2014.08.11,00:41:00.952,102.119,102.117,1,1.69
2014.08.11,00:41:01.459,102.119,102.116,1,2.44
2014.08.11,00:41:20.463,102.118,102.115,1,3.19
2014.08.11,00:41:20.968,102.117,102.115,1,2.44
2014.08.11,00:41:22.184,102.117,102.116,1,1
2014.08.11,00:41:38.057,102.118,102.116,1,1
2014.08.11,00:41:44.200,102.119,102.116,6.94,1
2014.08.11,00:41:44.503,102.116,102.112,1.69,3.19
2014.08.11,00:41:45.411,102.116,102.112,1,7.69
2014.08.11,00:41:47.196,102.117,102.114,1.5,1.5
2014.08.11,00:41:47.246,102.117,102.116,1,1
2014.08.11,00:41:47.297,102.119,102.116,6.94,1
2014.08.11,00:41:47.802,102.118,102.116,1,1
2014.08.11,00:41:48.307,102.119,102.116,6.94,1
2014.08.11,00:41:50.356,102.118,102.116,1,1
2014.08.11,00:41:50.909,102.117,102.116,1,1
2014.08.11,00:41:51.428,102.118,102.116,1.25,1
2014.08.11,00:41:52.131,102.117,102.116,1,1
2014.08.11,00:41:52.635,102.118,102.116,1.69,1
2014.08.11,00:41:53.149,102.117,102.116,1,1
2014.08.11,00:41:53.686,102.118,102.116,1.25,1
2014.08.11,00:41:56.597,102.117,102.116,1,1
2014.08.11,00:41:56.748,102.117,102.114,1.5,4.69
2014.08.11,00:41:57.252,102.116,102.113,1.5,1.69
2014.08.11,00:41:58.917,102.115,102.113,1.25,1
2014.08.11,00:41:59.068,102.114,102.11,2.25,6.94
2014.08.11,00:41:59.473,102.111,102.109,1,3.57
2014.08.11,00:41:59.979,102.112,102.11,1,1
2014.08.11,00:42:00.491,102.112,102.11,1,1
2014.08.11,00:42:02.776,102.112,102.109,2.25,1.25
2014.08.11,00:42:04.037,102.11,102.107,1,7.69
2014.08.11,00:42:04.391,102.109,102.106,1,3.19
2014.08.11,00:42:06.760,102.108,102.106,1.5,2.44
2014.08.11,00:42:08.848,102.11,102.106,3.19,1.5
2014.08.11,00:42:09.352,102.11,102.106,1.69,3.94
2014.08.11,00:42:09.854,102.11,102.107,1.69,1
2014.08.11,00:42:14.046,102.11,102.107,1,2.44
2014.08.11,00:42:14.505,102.112,102.11,1,1
2014.08.11,00:42:14.606,102.114,102.11,2.44,2.44
2014.08.11,00:42:14.657,102.114,102.112,1,1.5
2014.08.11,00:42:14.960,102.115,102.114,1,1
2014.08.11,00:42:15.011,102.116,102.114,1,1
2014.08.11,00:42:15.213,102.117,102.116,1,1.5
2014.08.11,00:42:15.263,102.119,102.116,4.5,2.44
2014.08.11,00:42:16.753,102.118,102.116,1,1.5
2014.08.11,00:42:16.855,102.12,102.116,6.75,1.5
2014.08.11,00:42:17.981,102.119,102.116,1,1.25
2014.08.11,00:42:19.484,102.118,102.116,1,1.69
2014.08.11,00:42:21.958,102.118,102.114,1.25,5.82
2014.08.11,00:42:22.311,102.116,102.113,1.5,1.69
2014.08.11,00:42:25.302,102.115,102.112,1,3.19
2014.08.11,00:42:25.807,102.114,102.112,1,1
2014.08.11,00:42:26.311,102.114,102.111,1,1.5
2014.08.11,00:42:30.807,102.114,102.111,1,2.44
2014.08.11,00:42:32.787,102.114,102.111,1,2.44
2014.08.11,00:42:35.122,102.114,102.111,1,2.44
2014.08.11,00:42:39.636,102.115,102.112,1,2.44
2014.08.11,00:42:55.773,102.116,102.112,4.69,1.5
2014.08.11,00:42:57.363,102.115,102.112,3.75,1.69
2014.08.11,00:42:58.313,102.115,102.113,3.94,1
2014.08.11,00:42:59.272,102.116,102.113,5.44,1
2014.08.11,00:43:00.220,102.115,102.113,3.75,1.5
2014.08.11,00:43:07.225,102.115,102.112,5.25,1
2014.08.11,00:43:09.188,102.115,102.111,6.19,1.25
2014.08.11,00:43:09.695,102.115,102.112,1,1
2014.08.11,00:43:11.197,102.115,102.111,1.5,1.5
2014.08.11,00:43:12.736,102.114,102.111,3.75,1.69
2014.08.11,00:43:13.241,102.114,102.112,3.75,1
2014.08.11,00:43:14.792,102.114,102.111,3.75,1.25
2014.08.11,00:43:19.815,102.114,102.111,3.75,1.69
2014.08.11,00:43:20.770,102.114,102.111,3.75,1.5
2014.08.11,00:43:21.399,102.116,102.113,1,2.5
2014.08.11,00:43:21.601,102.12,102.118,1,1.5
2014.08.11,00:43:21.803,102.122,102.119,1.5,5.44
2014.08.11,00:43:21.904,102.122,102.12,1.5,1.19
2014.08.11,00:43:22.106,102.122,102.119,1.5,4.88
2014.08.11,00:43:22.615,102.122,102.118,7.69,1
2014.08.11,00:43:22.665,102.12,102.118,1,1
2014.08.11,00:43:22.766,102.122,102.119,1.69,1
2014.08.11,00:43:22.969,102.12,102.119,1,4.5
2014.08.11,00:43:23.120,102.123,102.119,1.5,7.13
2014.08.11,00:43:23.221,102.121,102.119,1,2.25
2014.08.11,00:43:23.525,102.121,102.117,2.44,1.69
2014.08.11,00:43:23.698,102.121,102.119,1.5,1.25
2014.08.11,00:43:23.951,102.124,102.121,6.94,1
2014.08.11,00:43:24.568,102.123,102.121,1,1
2014.08.11,00:43:25.823,102.122,102.121,3.75,1
2014.08.11,00:43:25.924,102.122,102.119,1,7.69
2014.08.11,00:43:26.075,102.122,102.121,3.75,1
2014.08.11,00:43:26.226,102.123,102.119,3.19,6.94
2014.08.11,00:43:26.630,102.121,102.12,4.5,1.5
2014.08.11,00:43:26.832,102.121,102.117,8.44,1
2014.08.11,00:43:27.714,102.121,102.117,5.07,1.69
2014.08.11,00:43:28.018,102.119,102.117,3.75,1
2014.08.11,00:43:28.522,102.118,102.116,1,1.25
2014.08.11,00:43:30.365,102.118,102.115,1,3.19
2014.08.11,00:43:30.668,102.12,102.118,1.5,1
2014.08.11,00:43:30.971,102.122,102.119,2.25,1.69
2014.08.11,00:43:31.660,102.12,102.119,3.75,1.69
2014.08.11,00:43:31.862,102.12,102.116,6,1.5
2014.08.11,00:43:32.115,102.118,102.116,1,1.5
2014.08.11,00:43:35.166,102.118,102.115,2.44,1.5
2014.08.11,00:43:35.469,102.116,102.113,1,1.25
2014.08.11,00:43:38.473,102.116,102.112,1.69,6.19
2014.08.11,00:43:39.039,102.116,102.113,1,1.69
2014.08.11,00:43:39.292,102.118,102.115,1,1.25
2014.08.11,00:43:40.049,102.119,102.115,1.5,1.19
2014.08.11,00:43:40.555,102.118,102.116,1,1.25
2014.08.11,00:43:42.664,102.12,102.116,3.94,1
2014.08.11,00:43:43.168,102.12,102.117,1,1.25
2014.08.11,00:43:44.277,102.12,102.116,2.44,2.44
2014.08.11,00:43:44.821,102.119,102.116,1,2.44
2014.08.11,00:43:46.738,102.118,102.116,1,1
2014.08.11,00:43:47.248,102.118,102.115,1,1.69
2014.08.11,00:43:48.200,102.118,102.116,1,1
2014.08.11,00:43:51.294,102.118,102.115,1.5,1.25
2014.08.11,00:43:53.859,102.118,102.116,1,1
2014.08.11,00:43:54.827,102.118,102.115,1,1.69
2014.08.11,00:44:00.609,102.118,102.116,1,1
2014.08.11,00:44:01.117,102.119,102.116,1,1.5
2014.08.11,00:44:01.622,102.118,102.116,1,1.5
2014.08.11,00:44:02.382,102.118,102.117,1,1
2014.08.11,00:44:02.787,102.12,102.117,1.5,1.69
2014.08.11,00:44:04.009,102.119,102.117,1,1.69
2014.08.11,00:44:04.516,102.118,102.117,1,1.25
2014.08.11,00:44:06.044,102.118,102.116,1,1.69
2014.08.11,00:44:06.689,102.118,102.115,1.5,4.69
2014.08.11,00:44:09.071,102.118,102.116,1.5,4.5
2014.08.11,00:44:09.576,102.118,102.117,1.5,3.75
2014.08.11,00:44:10.091,102.119,102.117,1,4.69
2014.08.11,00:44:10.598,102.118,102.117,1,1
2014.08.11,00:44:11.105,102.118,102.116,1,1.25
2014.08.11,00:44:12.072,102.117,102.115,1,1.69
2014.08.11,00:44:12.577,102.116,102.114,1,1.25
2014.08.11,00:44:12.728,102.118,102.114,1.69,2.44
2014.08.11,00:44:13.241,102.118,102.115,2.44,1
2014.08.11,00:44:13.850,102.118,102.114,3.19,2.44
2014.08.11,00:44:14.498,102.117,102.114,1,2.44
2014.08.11,00:44:15.009,102.118,102.114,1.25,1.69
2014.08.11,00:44:15.528,102.119,102.115,5.44,1.69
2014.08.11,00:44:16.341,102.119,102.115,1.5,5.44
2014.08.11,00:44:17.871,102.117,102.115,1,1.5
2014.08.11,00:44:17.972,102.118,102.114,2.25,6.19
2014.08.11,00:44:18.326,102.116,102.114,1,1.69
2014.08.11,00:44:20.493,102.116,102.113,1,1.69
2014.08.11,00:44:33.164,102.114,102.112,1,1.69
2014.08.11,00:44:33.466,102.112,102.11,1,2.44
2014.08.11,00:44:34.165,102.112,102.111,1,3.75
2014.08.11,00:44:36.508,102.114,102.112,1,1
2014.08.11,00:44:37.019,102.113,102.111,1,4.69
2014.08.11,00:44:41.901,102.112,102.11,1,6.19
2014.08.11,00:44:43.191,102.112,102.109,1,2.63
2014.08.11,00:44:44.941,102.111,102.109,1,1.25
2014.08.11,00:44:45.579,102.112,102.109,1.5,1.25
2014.08.11,00:44:46.479,102.111,102.109,1,1.25
2014.08.11,00:44:46.985,102.112,102.11,1.69,1
2014.08.11,00:44:47.288,102.109,102.107,1,8.44
2014.08.11,00:44:47.944,102.109,102.106,3,1
2014.08.11,00:44:48.650,102.109,102.107,1,1
2014.08.11,00:44:49.155,102.109,102.106,1,2.44
2014.08.11,00:44:49.861,102.109,102.106,1,3.19
2014.08.11,00:44:51.906,102.109,102.106,1,2.44
2014.08.11,00:44:55.904,102.109,102.107,1,1.25
2014.08.11,00:44:58.766,102.11,102.107,1,1.25
2014.08.11,00:45:09.162,102.108,102.107,1,1
2014.08.11,00:45:09.263,102.11,102.106,3.19,1.25
2014.08.11,00:45:10.128,102.11,102.106,2.25,3.19
2014.08.11,00:45:11.799,102.11,102.108,1,1
2014.08.11,00:45:12.356,102.11,102.107,1,3.19
2014.08.11,00:45:20.759,102.109,102.107,1,1.5
2014.08.11,00:45:22.342,102.108,102.107,1,1
2014.08.11,00:45:22.848,102.109,102.106,1,5.44
2014.08.11,00:45:24.814,102.11,102.107,3.19,1
2014.08.11,00:45:27.939,102.108,102.107,1,1.5
2014.08.11,00:45:28.192,102.11,102.107,1.5,1
2014.08.11,00:45:40.081,102.11,102.107,1,2.44
2014.08.11,00:45:44.197,102.11,102.107,1,1.69
2014.08.11,00:45:47.581,102.11,102.107,1,1.69
2014.08.11,00:45:48.086,102.11,102.109,1,1.13
2014.08.11,00:45:48.936,102.11,102.106,1,9.19
2014.08.11,00:45:49.494,102.11,102.108,1,1
2014.08.11,00:45:51.045,102.11,102.107,1,1.5
2014.08.11,00:45:51.146,102.11,102.109,1,1
2014.08.11,00:45:51.247,102.11,102.107,1,1
2014.08.11,00:45:51.785,102.11,102.108,1,1
2014.08.11,00:45:56.544,102.11,102.107,1,1
2014.08.11,00:45:57.260,102.109,102.106,1,1
2014.08.11,00:45:58.167,102.109,102.107,1,1
2014.08.11,00:46:01.679,102.109,102.106,1.69,2.25
2014.08.11,00:46:05.278,102.109,102.107,1.5,1
2014.08.11,00:46:05.783,102.109,102.106,1.5,2.44
2014.08.11,00:46:06.817,102.109,102.107,1.5,1
2014.08.11,00:46:07.321,102.109,102.106,1.5,2.44
2014.08.11,00:46:08.494,102.109,102.107,1.5,1
2014.08.11,00:46:08.998,102.109,102.106,1.5,1
2014.08.11,00:46:09.301,102.109,102.107,1,3.75
2014.08.11,00:46:09.453,102.113,102.11,1.25,1
2014.08.11,00:46:10.527,102.112,102.11,1,1
2014.08.11,00:46:12.156,102.113,102.11,1.25,5.25
2014.08.11,00:46:12.670,102.114,102.11,3.19,6.19
2014.08.11,00:46:16.245,102.114,102.111,3.19,3.75
2014.08.11,00:46:19.501,102.114,102.11,3.19,2.44
2014.08.11,00:46:26.104,102.113,102.11,1,1.25
2014.08.11,00:46:26.306,102.111,102.109,1,2.44
2014.08.11,00:46:26.357,102.111,102.108,1.5,1.5
2014.08.11,00:46:26.861,102.111,102.107,3.94,4.5
2014.08.11,00:46:27.113,102.109,102.105,2.44,2.44
2014.08.11,00:46:30.592,102.108,102.105,1,1.25
2014.08.11,00:46:31.096,102.109,102.105,3.94,1.69
2014.08.11,00:46:36.935,102.109,102.106,3.19,1
2014.08.11,00:46:37.455,102.109,102.105,2.25,1
2014.08.11,00:46:39.648,102.109,102.106,3.19,1
2014.08.11,00:46:40.296,102.109,102.105,3.94,1.69
2014.08.11,00:46:43.083,102.108,102.105,2.44,1.5
2014.08.11,00:46:43.985,102.108,102.105,2.44,1.5
2014.08.11,00:46:49.466,102.108,102.106,2.44,1
2014.08.11,00:46:49.971,102.109,102.107,1.25,3.75
2014.08.11,00:46:50.324,102.11,102.108,1,3.75
2014.08.11,00:46:50.540,102.112,102.109,3.19,3.75
2014.08.11,00:46:51.045,102.112,102.11,1,3.75
2014.08.11,00:46:51.571,102.112,102.109,1,1.5
2014.08.11,00:46:52.601,102.112,102.11,1,1
2014.08.11,00:46:52.803,102.114,102.111,2.44,1
2014.08.11,00:47:10.028,102.114,102.11,2.44,2.44
2014.08.11,00:47:12.520,102.114,102.111,2.44,3.75
2014.08.11,00:47:12.571,102.115,102.114,1,1.5
2014.08.11,00:47:12.723,102.118,102.114,6.94,1.69
2014.08.11,00:47:12.824,102.119,102.116,2.44,1
2014.08.11,00:47:15.099,102.118,102.115,1,3.19
2014.08.11,00:47:16.677,102.117,102.115,1,1
2014.08.11,00:47:16.778,102.117,102.113,1.69,2.44
2014.08.11,00:47:16.930,102.114,102.111,1,6.94
2014.08.11,00:47:17.233,102.111,102.11,1,2.44
2014.08.11,00:47:17.698,102.11,102.108,1.5,1.5
2014.08.11,00:47:19.428,102.11,102.107,1.5,5.44
2014.08.11,00:47:20.589,102.109,102.107,1,1
2014.08.11,00:47:21.097,102.108,102.106,1,2.44
2014.08.11,00:47:21.400,102.111,102.107,2.25,1.69
2014.08.11,00:47:21.451,102.111,102.109,1.5,1.5
2014.08.11,00:47:21.816,102.113,102.11,8.44,1
2014.08.11,00:47:25.540,102.114,102.11,3.19,5.44
2014.08.11,00:47:26.081,102.114,102.111,1.5,6.19
2014.08.11,00:47:26.590,102.114,102.112,1.5,1
2014.08.11,00:47:27.094,102.114,102.111,1.5,2.44
2014.08.11,00:47:27.397,102.112,102.11,1,1
2014.08.11,00:47:27.504,102.113,102.11,1.5,1
2014.08.11,00:47:27.655,102.111,102.109,1,2.44
2014.08.11,00:47:29.740,102.11,102.108,1,2.44
2014.08.11,00:47:30.944,102.111,102.108,1,1.5
2014.08.11,00:47:36.761,102.112,102.108,2.44,6.19
2014.08.11,00:47:37.376,102.112,102.109,1.25,5.25
2014.08.11,00:47:38.921,102.112,102.11,1.5,4.5
2014.08.11,00:47:39.224,102.114,102.112,1,5.44
2014.08.11,00:47:40.242,102.114,102.113,1,3.75
2014.08.11,00:47:43.402,102.115,102.113,1,3.75
2014.08.11,00:47:45.780,102.116,102.112,3,6.94
2014.08.11,00:47:46.286,102.116,102.112,3.75,5.25
2014.08.11,00:47:48.409,102.116,102.114,2.25,1
2014.08.11,00:47:48.713,102.117,102.116,1.5,1.25
2014.08.11,00:47:48.915,102.119,102.117,1.5,1
2014.08.11,00:47:51.320,102.119,102.116,1,3.94
2014.08.11,00:47:51.931,102.119,102.117,1,1
2014.08.11,00:47:52.456,102.119,102.118,1,1
2014.08.11,00:47:53.910,102.121,102.118,1.69,1.5
2014.08.11,00:47:54.162,102.122,102.12,1.5,1
2014.08.11,00:47:55.902,102.124,102.121,3.94,3.75
2014.08.11,00:47:56.414,102.124,102.122,1.25,1
2014.08.11,00:48:01.062,102.125,102.123,1.69,3.75
2014.08.11,00:48:06.088,102.125,102.124,1,3.75
2014.08.11,00:48:06.240,102.128,102.126,1.5,4.5
2014.08.11,00:48:06.341,102.129,102.127,1.25,3.75
2014.08.11,00:48:06.493,102.131,102.128,1,4.69
2014.08.11,00:48:06.746,102.131,102.13,1,1
2014.08.11,00:48:06.797,102.133,102.131,1.5,3.75
2014.08.11,00:48:07.331,102.134,102.131,1.69,4.5
2014.08.11,00:48:07.636,102.132,102.131,4.5,1
2014.08.11,00:48:07.787,102.131,102.128,1,1.5
2014.08.11,00:48:08.298,102.132,102.129,2.44,3.75
2014.08.11,00:48:08.807,102.132,102.13,1.69,1
2014.08.11,00:48:09.670,102.131,102.13,1,1
2014.08.11,00:48:09.772,102.13,102.126,4.69,4.5
2014.08.11,00:48:10.076,102.126,102.124,1,1.5
2014.08.11,00:48:10.581,102.126,102.123,1.5,1.25
2014.08.11,00:48:11.089,102.126,102.122,1.69,3.19
2014.08.11,00:48:11.898,102.125,102.122,1,2.44
2014.08.11,00:48:12.252,102.126,102.124,1.25,3.75
2014.08.11,00:48:12.556,102.13,102.127,1.5,3.75
2014.08.11,00:48:13.062,102.131,102.128,1.25,5.25
2014.08.11,00:48:13.612,102.132,102.128,1.5,5.25
2014.08.11,00:48:19.111,102.131,102.128,1,4.5
2014.08.11,00:48:20.578,102.131,102.129,1.5,1.25
2014.08.11,00:48:20.629,102.132,102.13,1.5,3.75
2014.08.11,00:48:23.247,102.132,102.13,1,4.69
2014.08.11,00:48:24.623,102.131,102.129,1,2.44
2014.08.11,00:48:24.925,102.13,102.128,1,4.5
2014.08.11,00:48:25.077,102.129,102.127,1.5,3.75
2014.08.11,00:48:25.632,102.129,102.126,1,5.25
2014.08.11,00:48:26.250,102.128,102.126,1,1.5
2014.08.11,00:48:26.760,102.129,102.126,1,1
2014.08.11,00:48:27.824,102.128,102.126,1,1.25
2014.08.11,00:48:28.334,102.129,102.126,1.5,1.25
2014.08.11,00:48:29.807,102.128,102.126,1,2.44
2014.08.11,00:48:30.878,102.129,102.127,1,3.75
2014.08.11,00:48:31.156,102.13,102.127,1,5.44
2014.08.11,00:48:33.815,102.13,102.128,6.19,1
2014.08.11,00:48:34.118,102.128,102.125,1.69,1
2014.08.11,00:48:34.623,102.128,102.124,3.19,7.69
2014.08.11,00:48:35.136,102.128,102.124,3,7.69
2014.08.11,00:48:36.045,102.128,102.124,3.19,7.69
2014.08.11,00:48:37.008,102.128,102.125,2.44,1
2014.08.11,00:48:37.557,102.128,102.124,2.44,7.69
2014.08.11,00:48:38.105,102.128,102.125,2.25,1
2014.08.11,00:48:38.841,102.128,102.126,1.5,1.25
2014.08.11,00:48:39.043,102.13,102.127,1,3.75
2014.08.11,00:48:39.195,102.131,102.13,1,1
2014.08.11,00:48:39.347,102.133,102.13,2.25,1
2014.08.11,00:48:39.600,102.131,102.13,1.5,1.69
2014.08.11,00:48:39.852,102.132,102.128,1.25,1.69
2014.08.11,00:48:40.515,102.132,102.129,1.25,1
2014.08.11,00:48:41.019,102.132,102.128,1.25,2.07
2014.08.11,00:48:42.204,102.131,102.128,4.5,1.32
2014.08.11,00:48:42.557,102.129,102.127,1,2.25
2014.08.11,00:48:42.759,102.131,102.129,1,3.75
2014.08.11,00:48:43.012,102.133,102.13,1,4.5
2014.08.11,00:48:44.105,102.131,102.13,1,1
2014.08.11,00:48:44.609,102.131,102.128,1,3.19
2014.08.11,00:48:45.417,102.131,102.128,1,2.44
2014.08.11,00:48:45.922,102.131,102.129,1,1
2014.08.11,00:48:46.550,102.131,102.128,1,3.94
2014.08.11,00:48:46.953,102.132,102.131,1,1
2014.08.11,00:48:47.488,102.133,102.131,1.5,1
2014.08.11,00:48:48.791,102.133,102.13,1.5,1.69
2014.08.11,00:48:51.778,102.133,102.131,1,3.75
2014.08.11,00:48:53.962,102.133,102.132,1,3.75
2014.08.11,00:48:55.951,102.134,102.132,1.5,3.75
2014.08.11,00:48:56.708,102.134,102.133,1,3.75
2014.08.11,00:48:57.212,102.135,102.133,1.5,3.75
2014.08.11,00:49:00.691,102.135,102.133,1,1
2014.08.11,00:49:01.195,102.134,102.132,1,4.69
2014.08.11,00:49:04.813,102.134,102.131,1.5,5.44
2014.08.11,00:49:12.782,102.134,102.13,2.25,2.25
2014.08.11,00:49:22.046,102.132,102.13,1,1.5
2014.08.11,00:49:26.988,102.131,102.13,1,1
2014.08.11,00:49:27.242,102.128,102.126,1.5,1
2014.08.11,00:49:27.292,102.126,102.124,1.5,1.88
2014.08.11,00:49:27.444,102.125,102.124,1,1
2014.08.11,00:49:27.747,102.124,102.121,1.5,2.25
2014.08.11,00:49:28.000,102.123,102.121,1.5,1
2014.08.11,00:49:29.792,102.124,102.121,2.44,1
2014.08.11,00:49:31.121,102.124,102.12,1.5,5.25
2014.08.11,00:49:32.950,102.124,102.122,1.5,1
2014.08.11,00:49:33.456,102.125,102.123,1,1.25
2014.08.11,00:49:34.951,102.125,102.122,1,6.19
2014.08.11,00:49:35.568,102.126,102.122,3.94,5.44
2014.08.11,00:49:45.512,102.125,102.122,1,4.69
2014.08.11,00:49:46.341,102.124,102.122,1,4.69
2014.08.11,00:49:46.891,102.125,102.122,1,6.19
2014.08.11,00:49:51.851,102.126,102.122,1.69,5.44
2014.08.11,00:49:52.356,102.125,102.122,1,5.44
2014.08.11,00:50:01.005,102.124,102.122,1,4.69
2014.08.11,00:50:01.510,102.125,102.122,1.5,1.25
2014.08.11,00:50:02.017,102.124,102.121,1.5,6.19
2014.08.11,00:50:03.809,102.124,102.121,1.5,6.19
2014.08.11,00:50:04.318,102.124,102.122,1,1
2014.08.11,00:50:06.148,102.124,102.121,1.5,6.19
2014.08.11,00:50:06.663,102.123,102.121,1,6.19
2014.08.11,00:50:07.198,102.124,102.121,1.5,6.94
2014.08.11,00:50:07.707,102.123,102.12,1.5,1.25
2014.08.11,00:50:11.364,102.123,102.121,1.5,1
2014.08.11,00:50:16.323,102.123,102.121,1,4.69
2014.08.11,00:50:16.830,102.123,102.121,1.5,5.44
2014.08.11,00:50:18.428,102.123,102.121,1.5,5.44
2014.08.11,00:50:21.420,102.123,102.121,1.5,4.69
2014.08.11,00:50:44.076,102.123,102.12,1.5,1.69
2014.08.11,00:50:44.581,102.123,102.121,1.5,1
2014.08.11,00:50:46.001,102.122,102.121,1,1
2014.08.11,00:50:47.623,102.122,102.12,1,1.25
2014.08.11,00:50:48.591,102.123,102.12,1,5.44
2014.08.11,00:50:49.105,102.123,102.121,1,1
2014.08.11,00:50:54.717,102.123,102.121,1,6.94
2014.08.11,00:50:54.919,102.125,102.122,1.5,1.5
2014.08.11,00:50:56.127,102.125,102.121,1,5.44
2014.08.11,00:50:56.632,102.126,102.121,5.25,8.44
2014.08.11,00:50:57.133,102.126,102.122,6,1
2014.08.11,00:51:14.847,102.126,102.121,2.25,8.44
2014.08.11,00:51:15.437,102.126,102.122,3,1
2014.08.11,00:51:15.948,102.125,102.121,1,9.19
2014.08.11,00:51:16.804,102.126,102.121,2.25,5.44
2014.08.11,00:51:17.320,102.126,102.122,2.44,1.25
2014.08.11,00:51:19.070,102.125,102.122,1,1.25
2014.08.11,00:51:20.978,102.126,102.122,1.69,1.25
2014.08.11,00:51:21.607,102.125,102.122,1,1.25
2014.08.11,00:51:22.364,102.126,102.122,2.44,1.25
2014.08.11,00:51:24.889,102.126,102.121,2.25,6.19
2014.08.11,00:51:26.169,102.125,102.121,1,5.44
2014.08.11,00:51:26.673,102.126,102.121,2.25,5.44
2014.08.11,00:51:27.215,102.125,102.121,1,4.69
2014.08.11,00:51:27.817,102.126,102.121,3.19,5.44
2014.08.11,00:51:28.446,102.125,102.121,1,4.69
2014.08.11,00:51:29.352,102.124,102.121,1,4.69
2014.08.11,00:51:29.995,102.126,102.121,2.44,4.69
2014.08.11,00:51:30.096,102.124,102.121,1,4.69
2014.08.11,00:51:30.645,102.125,102.121,1,4.69
2014.08.11,00:51:31.150,102.124,102.121,1,3.94
2014.08.11,00:51:31.830,102.125,102.121,1,3.94
2014.08.11,00:51:42.167,102.124,102.122,1,1.25
2014.08.11,00:51:42.672,102.123,102.121,1,4.69
2014.08.11,00:51:49.735,102.124,102.121,1.5,4.69
2014.08.11,00:51:50.279,102.123,102.121,1,4.69
2014.08.11,00:52:04.671,102.123,102.119,1.5,7.69
2014.08.11,00:52:08.985,102.125,102.122,1.5,3.75
