Date,Time,Ask,Bid,AskVolume,BidVolume
12-08-2014,00:00:00.224,1.33823,1.33821,2.25,2.25
12-08-2014,00:00:02.074,1.33824,1.33821,3.75,1.5
12-08-2014,00:00:02.125,1.33822,1.33821,1,1.5
12-08-2014,00:00:02.635,1.33823,1.33821,1,1.5
12-08-2014,00:00:06.907,1.33823,1.33822,3,1
12-08-2014,00:00:23.757,1.33823,1.33821,3,1.5
12-08-2014,00:00:27.864,1.33822,1.33821,1,1
12-08-2014,00:00:28.373,1.33821,1.33818,1,3
12-08-2014,00:00:28.424,1.3382,1.33818,1,2.25
12-08-2014,00:00:28.932,1.33819,1.33817,1,1.5
12-08-2014,00:00:29.508,1.33819,1.33816,1,3.23
12-08-2014,00:00:31.815,1.33818,1.33816,1,2.44
12-08-2014,00:00:32.484,1.33818,1.33816,1,2.44
12-08-2014,00:00:35.361,1.33818,1.33817,1,1
12-08-2014,00:00:36.892,1.33818,1.33816,1,4.69
12-08-2014,00:00:38.327,1.33818,1.33817,1,1
12-08-2014,00:00:38.533,1.3382,1.33817,2.25,1
12-08-2014,00:00:39.048,1.3382,1.33818,2.25,1
12-08-2014,00:00:42.643,1.3382,1.33819,2.25,1
12-08-2014,00:00:43.148,1.3382,1.33817,2.5,1.32
12-08-2014,00:00:45.910,1.33819,1.33818,1,1
12-08-2014,00:00:58.490,1.33821,1.33818,2.44,1.88
12-08-2014,00:00:59.097,1.33821,1.33817,2.44,5.44
12-08-2014,00:00:59.148,1.33819,1.33817,1,4.69
12-08-2014,00:01:17.406,1.3382,1.33817,1.25,2.25
12-08-2014,00:01:26.294,1.3382,1.33817,1,2.44
12-08-2014,00:01:27.200,1.33821,1.33817,6.19,1.5
12-08-2014,00:01:31.947,1.33821,1.33817,5.07,3
12-08-2014,00:01:34.143,1.33821,1.33817,5.44,3
12-08-2014,00:01:36.358,1.33821,1.33818,5.44,1
12-08-2014,00:01:36.864,1.33821,1.33818,2.25,1.25
12-08-2014,00:01:45.791,1.3382,1.33818,1,1
12-08-2014,00:01:46.296,1.33819,1.33818,1,1
12-08-2014,00:01:46.813,1.33819,1.33817,1.5,1.5
12-08-2014,00:01:49.727,1.33818,1.33817,1,1.5
12-08-2014,00:01:50.252,1.33819,1.33817,1.5,1.5
12-08-2014,00:01:51.087,1.3382,1.33818,1,1
12-08-2014,00:01:51.643,1.33819,1.33818,1,1.25
12-08-2014,00:01:52.672,1.33819,1.33817,1,1.69
12-08-2014,00:01:54.830,1.33819,1.33818,1,2.63
12-08-2014,00:01:55.391,1.33819,1.33817,1,1.25
12-08-2014,00:02:03.801,1.33818,1.33817,1,1
12-08-2014,00:02:07.709,1.3382,1.33818,1.5,1
12-08-2014,00:02:07.963,1.33819,1.33817,1,2.44
12-08-2014,00:02:10.743,1.33821,1.33818,6.57,1
12-08-2014,00:02:11.249,1.33818,1.33817,1,1.5
12-08-2014,00:02:11.824,1.33819,1.33816,2.25,3.19
12-08-2014,00:02:14.261,1.33818,1.33816,1,1.5
12-08-2014,00:02:20.325,1.33819,1.33816,2.25,1
12-08-2014,00:02:20.830,1.33818,1.33816,1,1.13
12-08-2014,00:02:24.949,1.33819,1.33816,2.25,2.63
12-08-2014,00:02:25.453,1.33819,1.33817,2.25,1
12-08-2014,00:03:05.293,1.3382,1.33819,1,1
12-08-2014,00:03:12.866,1.3382,1.33817,1,5.44
12-08-2014,00:03:13.370,1.33819,1.33817,1,5.44
12-08-2014,00:03:16.342,1.33819,1.33817,1,4.69
12-08-2014,00:03:27.174,1.3382,1.33817,1,4.5
12-08-2014,00:03:32.734,1.3382,1.33818,1,1
12-08-2014,00:03:33.087,1.3382,1.33819,1,1
12-08-2014,00:03:39.571,1.33821,1.33819,1,2.44
12-08-2014,00:03:40.084,1.33821,1.3382,1,1.5
12-08-2014,00:03:40.613,1.33824,1.33821,3.49,1.5
12-08-2014,00:04:01.246,1.33822,1.3382,1,3.94
12-08-2014,00:04:05.142,1.33823,1.3382,1,4.32
12-08-2014,00:04:11.207,1.33822,1.3382,1,3.75
12-08-2014,00:04:13.746,1.33821,1.33819,1,2.44
12-08-2014,00:04:27.781,1.33822,1.3382,1.25,2.25
12-08-2014,00:04:30.645,1.33822,1.33821,1,1
12-08-2014,00:04:32.641,1.33824,1.33822,1.69,1
12-08-2014,00:04:33.063,1.33822,1.3382,1,3.94
12-08-2014,00:04:45.522,1.33822,1.3382,1,8.44
12-08-2014,00:04:50.899,1.33824,1.33821,2.44,1
12-08-2014,00:04:57.805,1.33824,1.33821,2.25,1.25
12-08-2014,00:05:05.226,1.33823,1.33821,1,1.25
12-08-2014,00:05:20.359,1.33826,1.33823,3.3,1
12-08-2014,00:05:20.409,1.33825,1.33823,1,2.44
12-08-2014,00:05:20.922,1.33827,1.33825,1.25,1
12-08-2014,00:05:31.470,1.33827,1.33825,1.25,1
12-08-2014,00:05:35.742,1.33826,1.33823,1,3.94
12-08-2014,00:05:48.310,1.33827,1.33824,3.19,1
12-08-2014,00:05:49.645,1.33827,1.33824,2.44,1
12-08-2014,00:05:50.157,1.33827,1.33825,2.44,1
12-08-2014,00:05:53.438,1.33827,1.33825,2.44,1
12-08-2014,00:05:54.335,1.33827,1.33824,2.44,1
12-08-2014,00:06:21.591,1.33827,1.33824,1.69,1
12-08-2014,00:06:22.397,1.33827,1.33825,1.25,1
12-08-2014,00:06:22.501,1.33826,1.33823,1,1.69
12-08-2014,00:06:45.149,1.33826,1.33825,1,1
12-08-2014,00:06:49.262,1.33825,1.33824,2.44,1
12-08-2014,00:06:49.869,1.33825,1.33824,1.5,1
12-08-2014,00:06:54.177,1.33825,1.33823,1,3.94
12-08-2014,00:06:54.703,1.33826,1.33823,1,3.94
12-08-2014,00:06:58.998,1.33825,1.33823,1,3.94
12-08-2014,00:07:12.643,1.33825,1.33823,1,3.19
12-08-2014,00:07:18.111,1.33824,1.33822,1,3.94
12-08-2014,00:07:22.908,1.33826,1.33823,1.25,1
12-08-2014,00:07:35.359,1.33826,1.33823,2.25,1.69
12-08-2014,00:07:35.966,1.33826,1.33823,7.32,1
12-08-2014,00:07:36.476,1.33825,1.33823,1,1
12-08-2014,00:07:36.988,1.33826,1.33825,1,1
12-08-2014,00:07:37.510,1.33827,1.33825,3.57,1
12-08-2014,00:07:48.290,1.33826,1.33825,1,2.25
12-08-2014,00:07:59.753,1.33827,1.33825,1.25,2.25
12-08-2014,00:08:07.322,1.33828,1.33825,3.57,1
12-08-2014,00:08:09.455,1.33828,1.33826,1.13,1
12-08-2014,00:08:16.163,1.33828,1.33827,1,1
12-08-2014,00:08:21.246,1.33829,1.33827,2.74,1
12-08-2014,00:08:30.965,1.33829,1.33826,2.55,1.5
12-08-2014,00:08:41.186,1.33828,1.33826,1.5,1
12-08-2014,00:08:41.691,1.33828,1.33825,2.44,2.25
12-08-2014,00:08:56.393,1.33828,1.33825,1.69,2.25
12-08-2014,00:09:11.404,1.33828,1.33825,1,3.94
12-08-2014,00:09:11.719,1.33829,1.33828,1.05,1
12-08-2014,00:09:12.224,1.3383,1.33828,1,1
12-08-2014,00:09:13.417,1.33831,1.33828,3.94,1
12-08-2014,00:09:14.138,1.3383,1.33828,1,1
12-08-2014,00:09:14.656,1.33831,1.33828,3.19,1
12-08-2014,00:09:15.166,1.3383,1.33828,1,1
12-08-2014,00:09:16.484,1.33831,1.33828,4.24,1
12-08-2014,00:09:16.993,1.3383,1.33828,1,1
12-08-2014,00:09:17.808,1.33831,1.33828,3.49,1
12-08-2014,00:09:18.337,1.3383,1.33828,1,1
12-08-2014,00:09:19.461,1.33831,1.33828,3.94,1
12-08-2014,00:09:19.975,1.3383,1.33828,1,1
12-08-2014,00:09:20.793,1.33831,1.33828,3.94,1
12-08-2014,00:09:21.315,1.3383,1.33828,1,1
12-08-2014,00:09:22.438,1.33831,1.33828,5.44,1
12-08-2014,00:09:22.943,1.3383,1.33828,1.69,1
12-08-2014,00:09:23.548,1.3383,1.33827,1.25,1.5
12-08-2014,00:09:29.060,1.3383,1.33829,2.25,1
12-08-2014,00:09:29.363,1.3383,1.33827,1,3.19
12-08-2014,00:09:29.717,1.33832,1.3383,1.25,1
12-08-2014,00:09:30.262,1.33831,1.33829,1,1.5
12-08-2014,00:09:30.767,1.33831,1.33828,3.94,1
12-08-2014,00:09:32.653,1.33831,1.33828,5.44,1
12-08-2014,00:09:49.191,1.33831,1.33827,7.24,3
12-08-2014,00:09:59.565,1.33829,1.33827,1,2.25
12-08-2014,00:10:00.116,1.33829,1.33825,5.44,3
12-08-2014,00:10:01.512,1.33828,1.33825,2.44,1.5
12-08-2014,00:10:04.847,1.33825,1.33823,1,3
12-08-2014,00:10:04.898,1.33824,1.33823,4.13,2.25
12-08-2014,00:10:04.999,1.33823,1.3382,4,9
12-08-2014,00:10:05.151,1.33822,1.33819,1.5,2.25
12-08-2014,00:10:05.656,1.33822,1.33819,2.44,1
12-08-2014,00:10:07.426,1.33822,1.3382,3.68,1
12-08-2014,00:10:33.596,1.33822,1.33819,4.24,1
12-08-2014,00:10:34.380,1.33821,1.33818,2.07,1.5
12-08-2014,00:10:34.683,1.33819,1.33817,1,1
12-08-2014,00:10:34.988,1.3382,1.33817,9.19,1
12-08-2014,00:10:35.508,1.33819,1.33817,1,1
12-08-2014,00:10:36.519,1.3382,1.33817,3.57,1.5
12-08-2014,00:10:37.024,1.3382,1.33818,1.69,1
12-08-2014,00:11:07.702,1.3382,1.33817,1.5,3
12-08-2014,00:11:13.678,1.3382,1.33818,1.5,1
12-08-2014,00:11:28.730,1.3382,1.33819,1.5,1
12-08-2014,00:11:29.242,1.3382,1.33818,1.5,1
12-08-2014,00:11:34.565,1.33821,1.33818,2.37,1
12-08-2014,00:11:35.097,1.33821,1.33818,2.37,1
12-08-2014,00:11:35.660,1.33821,1.33818,2.37,1
12-08-2014,00:11:36.171,1.33821,1.33818,1.62,1
12-08-2014,00:11:36.982,1.33821,1.33818,1.62,1
12-08-2014,00:11:37.486,1.33821,1.33818,1.62,1
12-08-2014,00:11:38.044,1.33822,1.33818,6.49,1
12-08-2014,00:11:39.119,1.33821,1.33818,1.19,1
12-08-2014,00:11:40.093,1.33822,1.33818,6.49,1
12-08-2014,00:11:41.116,1.33822,1.33818,5.74,1
12-08-2014,00:11:41.620,1.33821,1.33818,1,1
12-08-2014,00:12:07.317,1.33821,1.33819,1.05,1
12-08-2014,00:12:09.319,1.33822,1.3382,1.99,1
12-08-2014,00:12:09.472,1.33823,1.33821,3.94,1
12-08-2014,00:12:18.476,1.33825,1.33823,1.88,1
12-08-2014,00:12:18.578,1.33827,1.33824,8.44,1
12-08-2014,00:12:19.086,1.33827,1.33825,2.44,1
12-08-2014,00:12:19.615,1.33827,1.33825,1.25,1
12-08-2014,00:12:29.098,1.33827,1.33825,5.44,1
12-08-2014,00:12:40.024,1.33827,1.33825,3,1
12-08-2014,00:13:07.829,1.33827,1.33824,3,2.25
12-08-2014,00:13:08.132,1.33825,1.33823,2.82,1
12-08-2014,00:13:12.372,1.33823,1.33821,1,1
12-08-2014,00:13:12.624,1.33821,1.33818,1,6.94
12-08-2014,00:13:13.129,1.33819,1.33818,1,1.5
12-08-2014,00:13:27.801,1.33821,1.33819,1.24,1
12-08-2014,00:13:28.316,1.3382,1.33818,1,1.5
12-08-2014,00:13:33.128,1.33819,1.33817,1,3.94
12-08-2014,00:15:18.050,1.33819,1.33818,1,1
12-08-2014,00:15:19.153,1.33819,1.33817,1,1
12-08-2014,00:15:22.322,1.33821,1.33818,1,2.5
12-08-2014,00:15:22.373,1.33822,1.33819,7.99,1
12-08-2014,00:15:22.916,1.33822,1.33819,2.74,1
12-08-2014,00:15:29.100,1.33822,1.33819,4.24,1
12-08-2014,00:15:39.731,1.33822,1.33819,1.05,1.69
12-08-2014,00:15:39.832,1.33822,1.33819,1.05,1.25
12-08-2014,00:15:40.136,1.33823,1.33822,1.5,2.25
12-08-2014,00:15:40.237,1.33825,1.33822,3.68,4.13
12-08-2014,00:15:40.743,1.33826,1.33824,1.5,1
12-08-2014,00:15:42.036,1.33826,1.33822,3,5.44
12-08-2014,00:15:42.542,1.33826,1.33822,3,4.5
12-08-2014,00:16:00.193,1.33826,1.33822,3,4.69
12-08-2014,00:16:00.708,1.33825,1.33822,1.5,3
12-08-2014,00:16:02.401,1.33825,1.33823,1.5,1
12-08-2014,00:16:03.531,1.33825,1.33824,1.5,1
12-08-2014,00:16:08.766,1.33825,1.33822,1.5,8.44
12-08-2014,00:16:12.611,1.33825,1.33823,1.5,5.44
12-08-2014,00:16:33.208,1.33825,1.33823,1.5,2.07
12-08-2014,00:16:53.730,1.33826,1.33823,1.25,3.38
12-08-2014,00:16:59.359,1.33827,1.33823,4.5,3.38
12-08-2014,00:16:59.885,1.33827,1.33823,4.69,7.69
12-08-2014,00:17:11.937,1.33827,1.33825,4.69,1
12-08-2014,00:17:22.173,1.33826,1.33825,1,1
12-08-2014,00:17:22.709,1.33827,1.33825,3.94,1
12-08-2014,00:17:28.491,1.33826,1.33825,1,1
12-08-2014,00:17:31.687,1.33827,1.33825,5.07,1
12-08-2014,00:18:00.757,1.33825,1.33823,1,3.94
12-08-2014,00:18:00.808,1.33825,1.33823,1.69,3.75
12-08-2014,00:18:00.858,1.33824,1.33822,1,3.75
12-08-2014,00:18:01.111,1.33823,1.33821,3,1.5
12-08-2014,00:18:06.915,1.33823,1.33821,3.94,1.5
12-08-2014,00:18:09.014,1.33823,1.33821,3.19,1.5
12-08-2014,00:18:23.873,1.33822,1.3382,1,3.19
12-08-2014,00:18:24.406,1.33823,1.3382,3,2.25
12-08-2014,00:18:27.061,1.33823,1.3382,1.99,1.88
12-08-2014,00:18:28.074,1.33823,1.3382,1.24,1.88
12-08-2014,00:18:29.046,1.33823,1.3382,4.24,1.88
12-08-2014,00:18:33.089,1.33823,1.3382,3.49,1.88
12-08-2014,00:18:47.639,1.33823,1.33821,3.3,1
12-08-2014,00:18:48.144,1.33823,1.3382,2.25,2.82
12-08-2014,00:18:59.806,1.33822,1.3382,1,2.63
12-08-2014,00:19:02.999,1.33823,1.3382,1.24,6
12-08-2014,00:19:04.691,1.33823,1.3382,3.3,2.63
12-08-2014,00:19:07.067,1.33823,1.3382,1.99,6.75
12-08-2014,00:19:31.897,1.33823,1.3382,1.99,5.25
12-08-2014,00:19:32.899,1.33823,1.3382,3.49,4.5
12-08-2014,00:19:33.481,1.33822,1.3382,1,4.5
12-08-2014,00:20:03.150,1.33823,1.33821,1.55,1
12-08-2014,00:20:08.858,1.33824,1.33823,1.5,1
12-08-2014,00:20:09.363,1.33825,1.33823,1,6.75
12-08-2014,00:20:09.464,1.33827,1.33823,5.25,6.75
12-08-2014,00:20:18.947,1.33827,1.33824,4.69,3.75
12-08-2014,00:20:19.151,1.33825,1.33824,1,3.38
12-08-2014,00:20:21.960,1.33825,1.33824,2.25,3.38
12-08-2014,00:20:22.062,1.33824,1.33821,1.5,3
12-08-2014,00:20:22.214,1.33823,1.33821,1,1
12-08-2014,00:20:22.754,1.33824,1.33822,1.5,1
12-08-2014,00:20:22.956,1.33822,1.3382,1,6.57
12-08-2014,00:20:26.753,1.33821,1.33819,1,7.32
12-08-2014,00:20:27.262,1.33822,1.33818,2.44,7.5
12-08-2014,00:20:27.717,1.3382,1.33818,1,1
12-08-2014,00:20:28.072,1.33822,1.3382,1,3.75
12-08-2014,00:20:34.448,1.33822,1.3382,1,2.82
12-08-2014,00:20:46.305,1.33822,1.3382,1,4.69
12-08-2014,00:20:48.197,1.33823,1.3382,3.3,6.19
12-08-2014,00:20:50.832,1.33822,1.3382,1,4.13
12-08-2014,00:20:50.943,1.33823,1.33822,1,1.13
12-08-2014,00:20:51.448,1.33825,1.33823,1,3.19
12-08-2014,00:20:51.977,1.33827,1.33823,3.19,7.69
12-08-2014,00:20:52.492,1.33825,1.33823,1,7.69
12-08-2014,00:20:54.430,1.33827,1.33824,1.69,5.25
12-08-2014,00:20:54.481,1.33827,1.33824,2.44,5.25
12-08-2014,00:20:55.877,1.33827,1.33825,2.25,8.44
12-08-2014,00:20:56.939,1.33828,1.33825,1,12.57
12-08-2014,00:20:58.958,1.33829,1.33826,3,3.57
12-08-2014,00:20:59.473,1.33829,1.33827,3,1
12-08-2014,00:21:00.052,1.33829,1.33826,3,3.57
12-08-2014,00:21:00.602,1.33829,1.33827,3,1
12-08-2014,00:21:01.784,1.33829,1.33826,3,3.19
12-08-2014,00:21:02.301,1.33829,1.33827,3,1
12-08-2014,00:21:03.147,1.33829,1.33826,3.38,2.44
12-08-2014,00:21:03.248,1.33827,1.33826,1,1
12-08-2014,00:21:03.552,1.33826,1.33823,3.19,1
12-08-2014,00:21:03.805,1.33824,1.33823,1,1
12-08-2014,00:21:07.368,1.33826,1.33823,4.5,1.25
12-08-2014,00:21:14.616,1.33826,1.33824,4.5,1
12-08-2014,00:21:15.021,1.33827,1.33825,2.44,1.5
12-08-2014,00:21:15.578,1.33827,1.33826,1,1.5
12-08-2014,00:21:24.488,1.33827,1.33824,1,3.94
12-08-2014,00:21:25.048,1.33827,1.33826,1,1.5
12-08-2014,00:21:27.263,1.33827,1.33824,1,2.44
12-08-2014,00:21:35.415,1.33827,1.33826,1,1.5
12-08-2014,00:22:12.244,1.33827,1.33825,1,1.32
12-08-2014,00:22:18.071,1.33827,1.33826,1,1
12-08-2014,00:22:29.425,1.33826,1.33825,1,1
12-08-2014,00:22:33.461,1.33827,1.33826,1,1
12-08-2014,00:23:09.099,1.33827,1.33825,1,1.69
12-08-2014,00:23:09.611,1.33826,1.33825,1,1.5
12-08-2014,00:23:13.044,1.33826,1.33823,1.5,1.69
12-08-2014,00:23:17.331,1.33825,1.33823,1,1.69
12-08-2014,00:23:21.051,1.33826,1.33823,2.07,3
12-08-2014,00:23:22.385,1.33825,1.33823,1,1.5
12-08-2014,00:23:22.587,1.33823,1.33821,1,1.5
12-08-2014,00:23:22.891,1.3382,1.33817,1.5,3.19
12-08-2014,00:23:23.412,1.3382,1.33817,2.25,3
12-08-2014,00:23:23.737,1.33818,1.33817,1,2.25
12-08-2014,00:23:24.250,1.33819,1.33817,1,1.69
12-08-2014,00:23:24.755,1.33819,1.33817,1,1.69
12-08-2014,00:23:25.272,1.33819,1.33817,1,1.69
12-08-2014,00:23:27.062,1.33818,1.33817,1,1.69
12-08-2014,00:23:27.426,1.33817,1.33815,6.95,1.5
12-08-2014,00:23:27.949,1.33815,1.33813,2.13,1.69
12-08-2014,00:23:28.479,1.33815,1.33813,1.5,3.57
12-08-2014,00:23:29.034,1.33817,1.33813,2.82,5.07
12-08-2014,00:23:30.141,1.33817,1.33815,2.25,1.5
12-08-2014,00:23:30.243,1.33819,1.33817,1.5,1
12-08-2014,00:23:30.344,1.33819,1.33818,1,1.5
12-08-2014,00:23:30.446,1.33819,1.33816,1,2.25
12-08-2014,00:23:31.001,1.3382,1.33817,2.63,1
12-08-2014,00:23:32.548,1.3382,1.33818,2.25,1
12-08-2014,00:23:34.218,1.3382,1.33817,1,3.19
12-08-2014,00:23:34.763,1.3382,1.33818,1,1
12-08-2014,00:23:35.278,1.3382,1.33817,1,3.19
12-08-2014,00:23:35.788,1.3382,1.33818,1,1
12-08-2014,00:23:37.189,1.3382,1.33817,1,3.19
12-08-2014,00:23:37.799,1.3382,1.33818,1,1
12-08-2014,00:23:38.510,1.3382,1.33817,1,3.19
12-08-2014,00:23:39.726,1.3382,1.33818,1,1
12-08-2014,00:23:40.970,1.3382,1.33817,1,3.19
12-08-2014,00:23:41.476,1.3382,1.33818,1,1
12-08-2014,00:23:43.122,1.3382,1.33817,1,3.19
12-08-2014,00:23:43.668,1.3382,1.33818,1,1
12-08-2014,00:23:44.741,1.3382,1.33817,1,3.19
12-08-2014,00:23:45.268,1.3382,1.33818,1,1
12-08-2014,00:23:50.681,1.3382,1.33819,1,1
12-08-2014,00:23:51.297,1.33821,1.33819,1.88,1
12-08-2014,00:23:51.811,1.33821,1.33818,1.88,1.69
12-08-2014,00:23:52.064,1.33823,1.33819,10.05,3.75
12-08-2014,00:23:52.317,1.33823,1.33821,4.8,1
12-08-2014,00:23:52.620,1.33827,1.33825,1,1.88
12-08-2014,00:23:53.125,1.33828,1.33825,1.5,1.69
12-08-2014,00:23:55.561,1.33826,1.33825,1,2.82
12-08-2014,00:23:55.967,1.33824,1.33822,1,2.25
12-08-2014,00:23:56.170,1.33825,1.33822,1.13,3.19
12-08-2014,00:23:57.512,1.33826,1.33822,2.25,7.32
12-08-2014,00:24:16.136,1.33825,1.33822,1,5.44
12-08-2014,00:24:37.179,1.33826,1.33823,3,1.25
12-08-2014,00:24:47.415,1.33826,1.33822,3.19,4.69
12-08-2014,00:24:47.920,1.33826,1.33824,2.25,1
12-08-2014,00:24:48.225,1.33828,1.33825,2.25,4.5
12-08-2014,00:24:48.730,1.33828,1.33824,5.07,4.69
12-08-2014,00:24:49.554,1.33827,1.33824,1,1.69
12-08-2014,00:24:52.724,1.33828,1.33824,4.32,3.94
12-08-2014,00:24:54.755,1.33828,1.33825,3.75,1
12-08-2014,00:24:56.911,1.33828,1.33826,1.69,1
12-08-2014,00:25:00.832,1.33828,1.33827,1,1
12-08-2014,00:25:00.883,1.3383,1.33827,1.25,1.5
12-08-2014,00:25:01.391,1.33831,1.33828,1.99,2.25
12-08-2014,00:25:01.949,1.33831,1.33827,4.99,4.69
12-08-2014,00:25:02.456,1.3383,1.33827,1.13,3.19
12-08-2014,00:25:03.762,1.33829,1.33827,1,1.69
12-08-2014,00:25:06.611,1.33828,1.33827,1,1.5
12-08-2014,00:25:07.116,1.33828,1.33825,1.5,5.44
12-08-2014,00:25:07.318,1.33827,1.33824,3.19,2.63
12-08-2014,00:25:07.824,1.33826,1.33823,1,1.69
12-08-2014,00:25:08.481,1.33827,1.33823,4.88,1.5
12-08-2014,00:25:19.333,1.33826,1.33823,1,3.57
12-08-2014,00:25:27.538,1.33826,1.33824,1.25,1
12-08-2014,00:25:28.407,1.33827,1.33824,1.69,1
12-08-2014,00:25:34.864,1.33826,1.33824,1,1
12-08-2014,00:25:35.421,1.33825,1.33824,1,1
12-08-2014,00:25:38.458,1.33825,1.33823,3.6,1.5
12-08-2014,00:25:38.509,1.33824,1.33823,1.5,1
12-08-2014,00:25:38.964,1.33821,1.33818,2.82,2.25
12-08-2014,00:25:39.620,1.3382,1.33818,1,1.5
12-08-2014,00:25:40.125,1.33821,1.33818,4.13,1.5
12-08-2014,00:25:40.651,1.3382,1.33818,1,1.5
12-08-2014,00:25:43.331,1.33818,1.33816,1,2.25
12-08-2014,00:25:43.483,1.33818,1.33816,1,1.5
12-08-2014,00:25:43.988,1.33819,1.33816,1.69,1.5
12-08-2014,00:25:46.180,1.33819,1.33818,1,1
12-08-2014,00:25:46.484,1.33823,1.33819,6.3,4.88
12-08-2014,00:25:47.028,1.33821,1.3382,1,1
12-08-2014,00:25:47.559,1.3382,1.33819,1,1.5
12-08-2014,00:25:55.746,1.33821,1.33819,1,2.25
12-08-2014,00:25:56.050,1.33823,1.33821,5.74,1.13
12-08-2014,00:25:56.567,1.33823,1.33821,4.99,1.13
12-08-2014,00:25:59.279,1.33823,1.33822,4.5,1
12-08-2014,00:25:59.583,1.33827,1.33824,1.88,3.19
12-08-2014,00:25:59.835,1.33829,1.33826,2.25,1
12-08-2014,00:26:00.139,1.33831,1.33828,4.05,2.25
12-08-2014,00:26:03.937,1.33831,1.33829,2.18,1
12-08-2014,00:26:04.443,1.33832,1.3383,4.43,3
12-08-2014,00:26:05.856,1.33831,1.33829,1,1
12-08-2014,00:26:05.957,1.3383,1.33828,2.25,3.75
12-08-2014,00:26:06.463,1.33831,1.33828,1.05,4.69
12-08-2014,00:26:06.985,1.3383,1.33828,1.5,1.69
12-08-2014,00:26:12.439,1.33828,1.33827,1,1.5
12-08-2014,00:26:12.743,1.33827,1.33825,2.5,1
12-08-2014,00:26:12.844,1.33826,1.33824,1,1.69
12-08-2014,00:26:12.996,1.33824,1.33823,1,1.5
12-08-2014,00:26:13.299,1.33823,1.3382,1,5.82
12-08-2014,00:26:13.805,1.33823,1.33822,1,1
12-08-2014,00:26:14.517,1.33823,1.33821,1,3.19
12-08-2014,00:26:15.130,1.33823,1.33822,1,1
12-08-2014,00:26:17.481,1.33823,1.33821,1,3
12-08-2014,00:26:17.992,1.33823,1.33822,1,1
12-08-2014,00:26:18.504,1.33823,1.3382,1,7.69
12-08-2014,00:26:19.015,1.33822,1.33821,1,3
12-08-2014,00:26:19.268,1.33824,1.33821,2.25,3
12-08-2014,00:26:19.790,1.33824,1.33822,2.25,1
12-08-2014,00:26:21.128,1.33824,1.33821,2.25,3.94
12-08-2014,00:26:21.666,1.33824,1.33822,2.25,1
12-08-2014,00:26:21.884,1.33823,1.3382,1,16.32
12-08-2014,00:26:22.398,1.33822,1.33821,1,1.13
12-08-2014,00:26:24.539,1.33823,1.33821,1.5,1.13
12-08-2014,00:26:31.910,1.33823,1.33822,1,1
12-08-2014,00:26:32.113,1.33826,1.33824,1.5,1.5
12-08-2014,00:26:32.164,1.33826,1.33824,2.25,1.5
12-08-2014,00:26:44.057,1.33826,1.33823,2.25,2.25
12-08-2014,00:26:45.425,1.33825,1.33823,1,1.25
12-08-2014,00:26:49.342,1.33824,1.33822,1.5,2.63
12-08-2014,00:26:49.494,1.33822,1.33821,1,2.63
12-08-2014,00:26:51.287,1.33823,1.3382,5.93,2.44
12-08-2014,00:26:51.491,1.33822,1.3382,1,1
12-08-2014,00:26:51.654,1.3382,1.33819,1.5,1
12-08-2014,00:26:51.705,1.3382,1.33817,1.5,1.25
12-08-2014,00:26:52.058,1.33818,1.33817,1,1
12-08-2014,00:26:56.771,1.33818,1.33815,1.13,3.19
12-08-2014,00:27:01.786,1.33818,1.33815,5.44,2.25
12-08-2014,00:27:07.591,1.33818,1.33815,1.69,2.25
12-08-2014,00:27:15.134,1.33817,1.33815,1,1.88
12-08-2014,00:27:16.076,1.33817,1.33814,1,3.57
12-08-2014,00:27:16.588,1.33817,1.33815,1,1.13
12-08-2014,00:27:17.202,1.33817,1.33814,1,4.32
12-08-2014,00:27:17.707,1.33817,1.33815,1,1.88
12-08-2014,00:27:22.295,1.33818,1.33815,1,3.94
12-08-2014,00:27:33.556,1.33818,1.33817,1,1
12-08-2014,00:27:33.658,1.3382,1.33818,2.25,3
12-08-2014,00:27:34.210,1.33821,1.33818,1.69,2.25
12-08-2014,00:27:56.056,1.33821,1.33817,4.69,3.94
12-08-2014,00:27:56.561,1.33821,1.33818,4.69,1
12-08-2014,00:27:57.993,1.33821,1.33817,4.5,3.94
12-08-2014,00:27:58.512,1.33821,1.33818,4.5,1
12-08-2014,00:28:00.967,1.33821,1.33817,3,4.69
12-08-2014,00:28:01.491,1.33821,1.33818,3,1
12-08-2014,00:28:02.291,1.33821,1.33817,3,5.44
12-08-2014,00:28:02.802,1.33821,1.33818,3,1
12-08-2014,00:28:03.315,1.33821,1.33817,3,5.44
12-08-2014,00:28:03.931,1.33821,1.33817,3,6.19
12-08-2014,00:28:05.862,1.3382,1.33818,1,1.25
12-08-2014,00:28:07.157,1.3382,1.33817,1,3
12-08-2014,00:28:07.662,1.3382,1.33818,1,1
12-08-2014,00:28:08.176,1.33821,1.33818,3.75,1
12-08-2014,00:28:09.142,1.33821,1.33817,4.5,3.38
12-08-2014,00:28:09.661,1.3382,1.33817,1,3.75
12-08-2014,00:28:10.217,1.3382,1.33818,1,1
12-08-2014,00:28:11.187,1.3382,1.33817,1,3.75
12-08-2014,00:28:11.696,1.3382,1.33818,1,1
12-08-2014,00:28:12.327,1.3382,1.33817,1,3.75
12-08-2014,00:28:12.864,1.3382,1.33818,1,1
12-08-2014,00:28:15.271,1.3382,1.33817,1,3.94
12-08-2014,00:28:15.835,1.3382,1.33818,1,1
12-08-2014,00:28:16.932,1.3382,1.33817,1,3.94
12-08-2014,00:28:17.485,1.3382,1.33818,1,1
12-08-2014,00:28:18.168,1.3382,1.33817,1,3.94
12-08-2014,00:28:18.700,1.3382,1.33818,1,1
12-08-2014,00:28:19.242,1.3382,1.33817,1,3.94
12-08-2014,00:28:19.875,1.3382,1.33818,1,1
12-08-2014,00:28:21.300,1.3382,1.33817,1,3.94
12-08-2014,00:28:21.905,1.3382,1.33818,1,1
12-08-2014,00:28:23.850,1.3382,1.33817,1,3.94
12-08-2014,00:28:24.352,1.3382,1.33818,1,1
12-08-2014,00:28:40.707,1.3382,1.33817,1,3.94
12-08-2014,00:28:41.228,1.3382,1.33818,1,1
12-08-2014,00:28:41.946,1.3382,1.33817,1,3.94
12-08-2014,00:28:42.579,1.3382,1.33818,1,1
12-08-2014,00:28:43.269,1.3382,1.33817,1,3.94
12-08-2014,00:28:43.813,1.3382,1.33818,1,1
12-08-2014,00:28:46.486,1.3382,1.33817,1,3.94
12-08-2014,00:28:47.041,1.3382,1.33818,1,1
12-08-2014,00:28:47.555,1.3382,1.33817,1,3.94
12-08-2014,00:28:48.077,1.3382,1.33818,1,1
12-08-2014,00:28:48.646,1.3382,1.33817,1,3.94
12-08-2014,00:28:49.199,1.3382,1.33818,1,1
12-08-2014,00:28:50.298,1.3382,1.33817,1,3.94
12-08-2014,00:28:50.856,1.3382,1.33818,1,1
12-08-2014,00:28:52.016,1.3382,1.33817,1,3.94
12-08-2014,00:28:52.547,1.3382,1.33818,1,1
12-08-2014,00:28:53.859,1.3382,1.33817,1,3.94
12-08-2014,00:28:54.360,1.3382,1.33818,1,1
12-08-2014,00:28:55.701,1.3382,1.33817,1,2.44
12-08-2014,00:28:56.209,1.3382,1.33818,1,1
12-08-2014,00:28:56.759,1.3382,1.33817,1,2.44
12-08-2014,00:28:57.378,1.3382,1.33818,1,1
12-08-2014,00:28:57.995,1.3382,1.33817,1,2.44
12-08-2014,00:28:59.095,1.33819,1.33817,1,1
12-08-2014,00:28:59.196,1.33817,1.33815,1,8.82
12-08-2014,00:29:00.495,1.33816,1.33815,1.13,3
12-08-2014,00:29:00.748,1.33814,1.33813,1,1.5
12-08-2014,00:29:01.253,1.33815,1.33812,3,3
12-08-2014,00:29:01.766,1.33816,1.33813,1.13,1.69
12-08-2014,00:29:07.335,1.33816,1.33813,1.75,1.5
12-08-2014,00:29:07.638,1.33812,1.3381,3.25,2.44
12-08-2014,00:29:08.144,1.3381,1.33809,1,1
12-08-2014,00:29:11.347,1.3381,1.33808,2.88,2.25
12-08-2014,00:29:11.853,1.33809,1.33808,1.5,1.5
12-08-2014,00:29:14.416,1.3381,1.33808,1,2.25
12-08-2014,00:29:14.921,1.33812,1.33808,3.19,5.44
12-08-2014,00:29:15.476,1.33812,1.33808,2.44,5.44
12-08-2014,00:29:16.361,1.33811,1.33808,1,3.94
12-08-2014,00:29:16.816,1.3381,1.33808,1,2.25
12-08-2014,00:29:17.321,1.3381,1.33808,1,1.5
12-08-2014,00:29:18.799,1.33809,1.33808,1,1.5
12-08-2014,00:29:22.522,1.33808,1.33806,1,2.25
12-08-2014,00:29:26.936,1.3381,1.33806,5.25,3.75
12-08-2014,00:29:27.697,1.33808,1.33806,1,2.45
12-08-2014,00:29:29.473,1.33809,1.33806,3,1
12-08-2014,00:29:30.478,1.33808,1.33806,1,1
12-08-2014,00:29:30.529,1.33806,1.33805,1.5,1
12-08-2014,00:29:30.832,1.33802,1.338,1.5,3
12-08-2014,00:29:30.883,1.33801,1.338,1.5,2.25
12-08-2014,00:29:31.388,1.33802,1.33801,1.5,4.5
12-08-2014,00:29:31.540,1.33804,1.33802,1,1.25
12-08-2014,00:29:32.528,1.33804,1.33802,1,1.69
12-08-2014,00:29:34.400,1.33803,1.33801,1,8.25
12-08-2014,00:29:34.451,1.33802,1.33801,1.5,6.75
12-08-2014,00:29:34.603,1.33801,1.33799,5.25,1.69
12-08-2014,00:29:42.213,1.33801,1.338,2.25,1
12-08-2014,00:29:43.336,1.338,1.33799,1.5,1
12-08-2014,00:29:43.848,1.338,1.33798,3,1.5
12-08-2014,00:29:47.900,1.338,1.33798,1.5,3.25
12-08-2014,00:30:00.291,1.338,1.33799,2.25,1.5
12-08-2014,00:30:57.227,1.338,1.33798,1,1
12-08-2014,00:30:57.736,1.338,1.33797,1,2.44
12-08-2014,00:31:07.436,1.33799,1.33797,1.5,2.44
12-08-2014,00:31:18.226,1.33798,1.33797,1,1.25
12-08-2014,00:31:19.034,1.33798,1.33796,1,1.25
12-08-2014,00:31:19.714,1.33797,1.33795,1,3.94
12-08-2014,00:31:20.020,1.33797,1.33793,3,7.69
12-08-2014,00:31:20.123,1.33797,1.33793,3,7.69
12-08-2014,00:31:20.275,1.33796,1.33793,1.5,1.69
12-08-2014,00:31:21.755,1.33797,1.33793,3.19,3.19
12-08-2014,00:31:23.022,1.33797,1.33794,2.44,1
12-08-2014,00:31:24.739,1.33797,1.33793,3.94,3.19
12-08-2014,00:31:25.042,1.33795,1.33793,1,2.44
12-08-2014,00:31:25.193,1.33797,1.33793,4.32,2.44
12-08-2014,00:31:25.244,1.33795,1.33793,1,2.25
12-08-2014,00:31:25.345,1.33797,1.33793,5.63,2.25
12-08-2014,00:31:27.241,1.33796,1.33793,1,1.5
12-08-2014,00:31:27.751,1.33795,1.33793,1,1.5
12-08-2014,00:31:33.682,1.33797,1.33795,4.13,1
12-08-2014,00:31:33.835,1.33797,1.33795,2.44,1
12-08-2014,00:31:34.189,1.33797,1.33793,3.94,4.69
12-08-2014,00:31:36.083,1.33795,1.33793,1.5,1.5
12-08-2014,00:31:36.286,1.33794,1.33791,1,2.82
12-08-2014,00:31:36.591,1.33792,1.3379,1,2.07
12-08-2014,00:31:37.110,1.33793,1.33789,3.75,2.82
12-08-2014,00:31:37.965,1.33793,1.33789,3.19,4.92
12-08-2014,00:31:38.269,1.33795,1.33792,2.25,1.25
12-08-2014,00:31:38.672,1.33793,1.33791,1,4.69
12-08-2014,00:31:38.875,1.33795,1.33791,4.69,5.44
12-08-2014,00:31:39.380,1.33795,1.33792,1.5,1.69
12-08-2014,00:31:39.902,1.33795,1.33793,1.5,1.5
12-08-2014,00:31:46.116,1.33795,1.33791,2.25,8.44
12-08-2014,00:31:49.144,1.33795,1.33791,2.25,5.07
12-08-2014,00:31:50.531,1.33795,1.33792,2.25,1
12-08-2014,00:31:50.840,1.33795,1.33793,2.25,1
12-08-2014,00:31:52.006,1.33794,1.33792,3.25,1
12-08-2014,00:31:52.057,1.33793,1.33791,2.25,2.07
12-08-2014,00:31:52.461,1.33791,1.3379,1,1.25
12-08-2014,00:31:52.664,1.33793,1.33789,5.25,3.57
12-08-2014,00:31:52.765,1.33791,1.33789,1,3.57
12-08-2014,00:31:53.996,1.33792,1.3379,1,1.69
12-08-2014,00:31:54.502,1.33793,1.3379,3.94,2.25
12-08-2014,00:31:55.287,1.33793,1.33789,2.44,5.07
12-08-2014,00:31:55.793,1.33793,1.3379,4.5,2.82
12-08-2014,00:31:57.561,1.33792,1.33791,1,1.5
12-08-2014,00:31:58.066,1.33793,1.3379,4.5,5.07
12-08-2014,00:31:58.584,1.33793,1.33789,4.69,6.19
12-08-2014,00:31:59.116,1.33793,1.3379,4.69,1.5
12-08-2014,00:31:59.575,1.33791,1.3379,1,1.5
12-08-2014,00:32:00.095,1.33791,1.33788,2.25,1.19
12-08-2014,00:32:00.603,1.33791,1.33787,1.5,5.37
12-08-2014,00:32:01.373,1.3379,1.33787,1,3.19
12-08-2014,00:32:01.880,1.33789,1.33787,1.5,1.5
12-08-2014,00:32:03.456,1.3379,1.33787,4.24,1.5
12-08-2014,00:32:03.771,1.33787,1.33785,1,1
12-08-2014,00:32:03.872,1.33787,1.33784,1.5,1.19
12-08-2014,00:32:04.379,1.33787,1.33783,1.69,4.69
12-08-2014,00:32:04.788,1.33787,1.33785,2.44,1
12-08-2014,00:32:05.300,1.33787,1.33784,2.44,1.5
12-08-2014,00:32:06.386,1.33787,1.33783,2.25,3.19
12-08-2014,00:32:09.769,1.33787,1.33784,2.44,1
12-08-2014,00:32:11.408,1.33787,1.33783,1.69,2.44
12-08-2014,00:32:11.910,1.33786,1.33783,1,2.44
12-08-2014,00:32:13.892,1.33787,1.33783,2.44,2.44
12-08-2014,00:32:19.348,1.33787,1.33783,2.25,3.19
12-08-2014,00:32:22.496,1.33787,1.33783,2.25,4.69
12-08-2014,00:32:25.471,1.33787,1.33783,1.5,2.44
12-08-2014,00:32:26.094,1.33786,1.33783,1,3.19
12-08-2014,00:32:28.490,1.33786,1.33783,1,1.69
12-08-2014,00:32:33.484,1.33786,1.33783,1,2.44
12-08-2014,00:32:35.521,1.33786,1.33783,1,1.5
12-08-2014,00:32:39.529,1.33786,1.33783,1,3.19
12-08-2014,00:32:40.515,1.33786,1.33783,1,2.44
12-08-2014,00:32:41.506,1.33786,1.33783,1,3.19
12-08-2014,00:32:42.522,1.33786,1.33783,1,2.44
12-08-2014,00:32:46.235,1.33787,1.33783,2.44,1.69
12-08-2014,00:32:48.213,1.33786,1.33783,1,1.69
12-08-2014,00:32:48.972,1.33787,1.33783,1.25,2.44
12-08-2014,00:32:52.074,1.33785,1.33783,1,1.69
12-08-2014,00:32:52.597,1.33786,1.33783,1,1.69
12-08-2014,00:32:54.472,1.33785,1.33783,1,1.69
12-08-2014,00:32:57.580,1.33785,1.33783,1,1.69
12-08-2014,00:32:57.681,1.33786,1.33783,1,1.69
12-08-2014,00:33:00.095,1.33785,1.33783,1,1.69
12-08-2014,00:33:05.032,1.33786,1.33783,1,1.69
12-08-2014,00:33:06.650,1.33786,1.33782,2.25,3.19
12-08-2014,00:33:07.003,1.33784,1.33782,1,3.49
12-08-2014,00:33:07.694,1.33784,1.33782,1,4.24
12-08-2014,00:33:09.674,1.33784,1.33782,1,3.3
12-08-2014,00:33:10.707,1.33784,1.33782,1,3.94
12-08-2014,00:33:12.274,1.33786,1.33782,2.25,4.24
12-08-2014,00:33:14.276,1.33785,1.33782,1,4.24
12-08-2014,00:33:16.614,1.33785,1.33782,1,5.68
12-08-2014,00:33:18.661,1.33786,1.33783,1.5,1.69
12-08-2014,00:33:24.734,1.33786,1.33783,2.25,2.82
12-08-2014,00:33:25.698,1.33786,1.33783,2.25,1.5
12-08-2014,00:33:27.675,1.33787,1.33783,1.5,2.25
12-08-2014,00:33:31.443,1.33787,1.33783,1,1.69
12-08-2014,00:33:34.109,1.33787,1.33783,1,1.69
12-08-2014,00:33:34.615,1.33787,1.33783,1,4.84
12-08-2014,00:33:35.139,1.33786,1.33784,1,1.3
12-08-2014,00:33:35.873,1.33786,1.33784,1,1.17
12-08-2014,00:33:37.386,1.33786,1.33784,1,2.1
12-08-2014,00:33:37.891,1.33786,1.33784,1,2.1
12-08-2014,00:33:39.043,1.33786,1.33784,1,2.1
12-08-2014,00:33:39.586,1.33786,1.33784,1,1.6
12-08-2014,00:33:40.248,1.33786,1.33784,1,1.35
12-08-2014,00:33:40.757,1.33786,1.33783,1,3.72
12-08-2014,00:33:40.909,1.33786,1.33783,1,1.62
12-08-2014,00:33:41.735,1.33786,1.33783,1,2.37
12-08-2014,00:33:42.661,1.33787,1.33783,1,2.37
12-08-2014,00:33:43.169,1.33786,1.33784,1,1.69
12-08-2014,00:33:43.678,1.33786,1.33784,1,2.29
12-08-2014,00:33:44.656,1.33786,1.33784,1,1.54
12-08-2014,00:33:45.163,1.33786,1.33784,1,2.29
12-08-2014,00:33:45.672,1.33786,1.33784,1,2.29
12-08-2014,00:33:46.214,1.33786,1.33784,1,2.29
12-08-2014,00:33:47.358,1.33786,1.33784,1,2.29
12-08-2014,00:33:47.880,1.33786,1.33784,1,2.1
12-08-2014,00:33:48.888,1.33786,1.33784,1,2.1
12-08-2014,00:33:54.527,1.33786,1.33783,3,1.25
12-08-2014,00:33:58.898,1.33786,1.33782,2.25,3.94
12-08-2014,00:34:03.920,1.33786,1.33782,3,5.44
12-08-2014,00:34:06.625,1.33784,1.33782,1,5.44
12-08-2014,00:34:09.915,1.33784,1.33782,1,2.44
12-08-2014,00:34:11.934,1.33784,1.33782,1.5,1.69
12-08-2014,00:34:12.919,1.33784,1.33782,1.5,1.25
12-08-2014,00:34:13.949,1.33784,1.33782,1,2.44
12-08-2014,00:34:15.994,1.33785,1.33782,1,3.19
12-08-2014,00:34:18.945,1.33785,1.33782,1,3.94
12-08-2014,00:34:25.951,1.33785,1.33782,1,8.44
12-08-2014,00:34:28.961,1.33785,1.33783,1,1.32
12-08-2014,00:34:29.503,1.33784,1.33783,1,1
12-08-2014,00:34:30.008,1.33784,1.33782,1,1.5
12-08-2014,00:34:30.570,1.33783,1.33782,1,1.25
12-08-2014,00:34:31.054,1.33785,1.33782,2.1,1.25
12-08-2014,00:34:31.599,1.33784,1.33782,1.5,1.69
12-08-2014,00:34:31.920,1.33786,1.33782,2.25,3.19
12-08-2014,00:34:33.035,1.33785,1.33782,1,3.19
12-08-2014,00:34:33.689,1.33784,1.33782,1,3.19
12-08-2014,00:34:33.942,1.33786,1.33782,1.5,3.19
12-08-2014,00:34:38.450,1.33785,1.33783,1,1
12-08-2014,00:34:38.905,1.33786,1.33784,1,5.29
12-08-2014,00:34:53.811,1.33785,1.33784,2.85,3.38
12-08-2014,00:34:53.913,1.33783,1.33782,1,1.5
12-08-2014,00:34:54.454,1.33784,1.33782,1,1.5
12-08-2014,00:34:55.971,1.33785,1.33782,4.32,1.5
12-08-2014,00:34:56.527,1.33784,1.33782,1,1.5
12-08-2014,00:34:58.004,1.33785,1.33782,2.63,1.5
12-08-2014,00:34:59.863,1.33782,1.33781,1,4.5
12-08-2014,00:35:00.368,1.33781,1.3378,1,1.25
12-08-2014,00:35:00.752,1.33783,1.3378,5.85,1.69
12-08-2014,00:35:05.732,1.33782,1.3378,1,1.32
12-08-2014,00:35:08.779,1.33782,1.33779,1,5.44
12-08-2014,00:35:09.327,1.33783,1.33779,3,5.44
12-08-2014,00:35:09.989,1.33783,1.3378,3,1.13
12-08-2014,00:35:11.068,1.33783,1.33779,3.19,5.44
12-08-2014,00:35:11.579,1.33782,1.3378,1,1.13
12-08-2014,00:35:12.129,1.33782,1.33779,1,5.44
12-08-2014,00:35:12.656,1.33783,1.3378,2.44,2.25
12-08-2014,00:35:13.060,1.33783,1.33782,2.25,1
12-08-2014,00:35:13.667,1.33783,1.33781,1,8.37
12-08-2014,00:35:19.076,1.33783,1.33781,1,7.62
12-08-2014,00:35:20.066,1.33783,1.33781,1,6.68
12-08-2014,00:35:22.050,1.33783,1.33781,1,3.87
12-08-2014,00:35:24.548,1.33783,1.33781,1,3.68
12-08-2014,00:35:24.851,1.33781,1.33778,1,2.82
12-08-2014,00:35:24.953,1.33781,1.33778,1,3.19
12-08-2014,00:35:25.471,1.33782,1.33778,4.24,2.44
12-08-2014,00:35:27.159,1.3378,1.33778,1,2.44
12-08-2014,00:35:27.688,1.3378,1.33779,2.25,1
12-08-2014,00:35:28.745,1.3378,1.33777,2.85,1.25
12-08-2014,00:35:30.196,1.3378,1.33777,2.25,3.94
12-08-2014,00:35:30.600,1.33782,1.33778,3.19,2.44
12-08-2014,00:35:30.651,1.33782,1.3378,3.19,1
12-08-2014,00:35:31.015,1.33782,1.33778,3,2.25
12-08-2014,00:35:34.182,1.33782,1.33778,3.94,1.5
12-08-2014,00:35:35.384,1.33782,1.33778,1.69,3.57
12-08-2014,00:35:35.889,1.33782,1.33778,1.69,5.82
12-08-2014,00:35:44.470,1.33782,1.3378,3.94,1
12-08-2014,00:35:51.802,1.33781,1.33779,1,3.75
12-08-2014,00:35:52.005,1.33782,1.3378,1,1
12-08-2014,00:35:55.567,1.33782,1.33779,1.69,3
12-08-2014,00:35:55.770,1.3378,1.33779,1,1.5
12-08-2014,00:35:58.499,1.33781,1.33779,1.25,1.5
12-08-2014,00:36:03.494,1.33781,1.33778,2.44,1.5
12-08-2014,00:36:05.547,1.33781,1.33778,2.82,1
12-08-2014,00:36:06.052,1.3378,1.33777,1.13,3.57
12-08-2014,00:36:07.335,1.33779,1.33777,1,2.44
12-08-2014,00:36:08.920,1.3378,1.33777,1.13,1.69
12-08-2014,00:36:11.764,1.33779,1.33777,1,1.25
12-08-2014,00:36:26.990,1.3378,1.33777,1.88,2.25
12-08-2014,00:36:30.342,1.33778,1.33777,1,1.5
12-08-2014,00:36:32.752,1.33778,1.33775,1,6.19
12-08-2014,00:36:33.262,1.33778,1.33777,1,1.5
12-08-2014,00:36:33.825,1.33779,1.33777,1.5,1.5
12-08-2014,00:36:44.237,1.3378,1.33776,1.5,5.07
12-08-2014,00:36:44.783,1.3378,1.33776,1.5,4.32
12-08-2014,00:36:45.337,1.3378,1.33776,1.5,5.07
12-08-2014,00:36:46.094,1.3378,1.33777,1.5,1.69
12-08-2014,00:36:48.881,1.3378,1.33778,1.5,1.69
12-08-2014,00:36:49.387,1.3378,1.33778,1,1.32
12-08-2014,00:36:50.468,1.3378,1.33778,1.5,1.13
12-08-2014,00:36:52.340,1.3378,1.33779,1,2.25
12-08-2014,00:36:52.390,1.33782,1.33779,1.5,3
12-08-2014,00:36:53.110,1.33782,1.33779,1.5,6.38
12-08-2014,00:36:54.265,1.33782,1.33781,1.5,1
12-08-2014,00:36:54.770,1.33783,1.33781,1.5,6.75
12-08-2014,00:36:55.295,1.33782,1.3378,1,3.94
12-08-2014,00:36:59.359,1.33782,1.3378,1,3.38
12-08-2014,00:36:59.662,1.33778,1.33776,2.25,2.1
12-08-2014,00:36:59.713,1.33778,1.33774,2.63,3.3
12-08-2014,00:37:00.219,1.33776,1.33774,1.5,1.05
12-08-2014,00:37:00.840,1.33776,1.33773,1.5,2.07
12-08-2014,00:37:02.798,1.33776,1.33773,1.5,2.44
12-08-2014,00:37:03.304,1.33777,1.33775,1.5,1.5
12-08-2014,00:37:10.133,1.33778,1.33775,1,5.67
12-08-2014,00:37:10.638,1.33779,1.33776,4.32,1.5
12-08-2014,00:37:20.105,1.33778,1.33775,1,6.94
12-08-2014,00:37:21.640,1.33779,1.33776,4.13,1.25
12-08-2014,00:37:22.827,1.33778,1.33776,1,1.25
12-08-2014,00:37:26.244,1.33777,1.33776,1,1.88
12-08-2014,00:37:37.338,1.33778,1.33776,3.19,1.5
12-08-2014,00:37:43.743,1.33777,1.33774,1,6.94
12-08-2014,00:37:44.253,1.33777,1.33776,1,1.5
12-08-2014,00:37:49.241,1.33777,1.33775,1,1.69
12-08-2014,00:37:49.745,1.33776,1.33775,1,1.5
12-08-2014,00:38:02.222,1.33778,1.33776,1.69,1.35
12-08-2014,00:38:02.324,1.33778,1.33777,1,1
12-08-2014,00:38:02.375,1.3378,1.33777,1,2.25
12-08-2014,00:38:02.880,1.3378,1.33778,1,1
12-08-2014,00:38:03.740,1.33781,1.33778,1.13,1.25
12-08-2014,00:38:10.806,1.3378,1.33778,1,1.25
12-08-2014,00:38:16.604,1.33782,1.33778,4.88,1.5
12-08-2014,00:38:16.756,1.3378,1.33778,1,2.25
12-08-2014,00:38:22.216,1.33779,1.33778,1,1
12-08-2014,00:38:22.729,1.3378,1.33778,1.88,1
12-08-2014,00:38:23.243,1.3378,1.33777,2.25,3.57
12-08-2014,00:38:25.288,1.33781,1.33778,4.24,2.25
12-08-2014,00:38:25.491,1.33783,1.3378,3.94,1.5
12-08-2014,00:38:34.578,1.33784,1.3378,6,5.07
12-08-2014,00:38:34.933,1.33785,1.33783,2.63,1
12-08-2014,00:38:35.236,1.33787,1.33785,2.85,1
12-08-2014,00:38:36.246,1.33787,1.33786,1.5,1
12-08-2014,00:38:36.884,1.33788,1.33786,1.5,1
12-08-2014,00:38:39.001,1.33788,1.33786,2.85,1.5
12-08-2014,00:38:39.054,1.33786,1.33784,1.5,2.25
12-08-2014,00:38:39.308,1.33784,1.33781,1.5,2.44
12-08-2014,00:38:44.807,1.33785,1.33781,9.49,2.44
12-08-2014,00:38:45.408,1.33784,1.33781,1.5,2.44
12-08-2014,00:38:45.880,1.33782,1.33781,1,1.5
12-08-2014,00:38:47.418,1.33782,1.33781,1,1.5
12-08-2014,00:38:48.082,1.33781,1.33779,1,2.07
12-08-2014,00:38:48.622,1.33783,1.33781,3.94,1.5
12-08-2014,00:38:49.702,1.33781,1.33779,1,2.07
12-08-2014,00:38:49.754,1.33781,1.33779,1,1.88
12-08-2014,00:38:49.907,1.3378,1.33777,1,4.73
12-08-2014,00:38:51.586,1.33779,1.33778,1,1
12-08-2014,00:38:51.850,1.33781,1.33778,1,3.19
12-08-2014,00:38:52.204,1.3378,1.33778,1.5,2.07
12-08-2014,00:38:52.356,1.33779,1.33777,1,1
12-08-2014,00:38:52.407,1.33778,1.33776,1,6.57
12-08-2014,00:38:57.953,1.3378,1.33776,4.32,1.69
12-08-2014,00:38:58.473,1.33779,1.33776,1,1.5
12-08-2014,00:38:59.300,1.33777,1.33775,1,4.5
12-08-2014,00:38:59.452,1.33776,1.33774,1.5,1.69
12-08-2014,00:38:59.957,1.33775,1.33774,1,1.69
12-08-2014,00:39:01.816,1.33776,1.33774,1,1.5
12-08-2014,00:39:05.995,1.33776,1.33774,1,3.75
12-08-2014,00:39:06.466,1.33777,1.33775,2.25,1.13
12-08-2014,00:39:06.971,1.33778,1.33774,4.05,5.63
12-08-2014,00:39:09.326,1.33777,1.33774,1.5,5.07
12-08-2014,00:39:09.863,1.33777,1.33774,1,2.25
12-08-2014,00:39:10.915,1.33776,1.33774,1,1.5
12-08-2014,00:39:13.047,1.33776,1.33772,3,3.94
12-08-2014,00:39:19.358,1.33775,1.33772,1,4.69
12-08-2014,00:39:19.561,1.33773,1.33772,1,1
12-08-2014,00:39:19.662,1.33772,1.3377,1.5,2.25
12-08-2014,00:39:19.879,1.33771,1.33768,1.5,3
12-08-2014,00:39:20.132,1.3377,1.33768,1,2.25
12-08-2014,00:39:21.096,1.33771,1.33768,3.57,1
12-08-2014,00:39:21.975,1.33771,1.33769,2.82,1
12-08-2014,00:39:22.178,1.33773,1.33771,5.25,1.5
12-08-2014,00:39:22.229,1.33773,1.33771,5.25,1.5
12-08-2014,00:39:22.633,1.33774,1.33773,1,1
12-08-2014,00:39:23.160,1.33775,1.33773,1.5,1
12-08-2014,00:39:24.885,1.33774,1.33772,1,1.69
12-08-2014,00:39:25.190,1.33771,1.33767,4.5,2.63
12-08-2014,00:39:25.241,1.3377,1.33767,2.25,1.88
12-08-2014,00:39:25.767,1.3377,1.33769,1.5,1
12-08-2014,00:39:25.919,1.33773,1.3377,1.5,1.5
12-08-2014,00:39:26.020,1.33773,1.33772,1.5,1.25
12-08-2014,00:39:26.272,1.33775,1.33772,1.13,2.44
12-08-2014,00:39:26.802,1.33774,1.33772,1,2.52
12-08-2014,00:39:27.312,1.33775,1.33772,1,2.52
12-08-2014,00:39:27.684,1.33773,1.3377,3.98,5.25
12-08-2014,00:39:27.836,1.3377,1.33767,4.38,1
12-08-2014,00:39:28.142,1.3377,1.33766,13.6,1
12-08-2014,00:39:28.243,1.33768,1.33763,3.75,1.5
12-08-2014,00:39:28.504,1.33767,1.33761,3.75,9
12-08-2014,00:39:28.759,1.33765,1.33761,10,9
12-08-2014,00:39:29.114,1.33765,1.33761,7.5,5.1
12-08-2014,00:39:29.317,1.33765,1.3376,13.5,3.38
12-08-2014,00:39:29.419,1.33764,1.3376,4.5,1
12-08-2014,00:39:29.932,1.33763,1.33759,6.25,1.13
12-08-2014,00:39:30.437,1.33762,1.33759,3.44,1
12-08-2014,00:39:30.892,1.33762,1.33757,2.25,1.5
12-08-2014,00:39:31.094,1.33761,1.33757,3.82,1
12-08-2014,00:39:31.599,1.33759,1.33755,3.25,1.2
12-08-2014,00:39:32.108,1.33758,1.33755,1,1.28
12-08-2014,00:39:32.619,1.33758,1.33755,1,1.28
12-08-2014,00:39:33.279,1.33758,1.33754,1,4.39
12-08-2014,00:39:33.795,1.33758,1.33755,1,1.18
12-08-2014,00:39:35.952,1.33758,1.33755,1,3.15
12-08-2014,00:39:36.973,1.33758,1.33755,1,1.39
12-08-2014,00:39:38.521,1.33758,1.33755,1,3.34
12-08-2014,00:39:39.096,1.33758,1.33755,1,2.97
12-08-2014,00:39:39.503,1.33759,1.33758,1,1.5
12-08-2014,00:39:39.554,1.33761,1.33759,1.5,1.13
12-08-2014,00:39:40.059,1.33761,1.33759,1,2.25
12-08-2014,00:39:40.616,1.33761,1.33759,1,1.69
12-08-2014,00:39:41.137,1.33761,1.33759,1,2.07
12-08-2014,00:39:42.858,1.33761,1.33759,1.5,1.32
12-08-2014,00:39:43.488,1.33761,1.33759,1.5,1.63
12-08-2014,00:39:45.260,1.33761,1.33759,1.5,1.13
12-08-2014,00:39:45.809,1.33761,1.33759,1.5,1.38
12-08-2014,00:39:46.314,1.33761,1.33759,1.5,1.25
12-08-2014,00:39:47.540,1.33761,1.33758,1.5,6.42
12-08-2014,00:39:48.130,1.33761,1.33758,1.5,7.42
12-08-2014,00:39:48.635,1.3376,1.33758,1,1.5
12-08-2014,00:39:51.210,1.33761,1.33758,2.44,1.5
12-08-2014,00:39:55.480,1.3376,1.33758,1,1.5
12-08-2014,00:39:56.394,1.33761,1.33758,1.25,2.25
12-08-2014,00:39:58.341,1.33762,1.33758,3.94,3
12-08-2014,00:39:58.914,1.33762,1.33759,3.19,3.75
12-08-2014,00:39:59.218,1.33766,1.33764,1,1.73
12-08-2014,00:39:59.269,1.33766,1.33765,1.5,2.85
12-08-2014,00:39:59.370,1.33768,1.33765,1.5,6.04
12-08-2014,00:39:59.471,1.33768,1.33767,1.5,1
12-08-2014,00:39:59.977,1.33768,1.33766,1.5,1
12-08-2014,00:40:03.493,1.33768,1.33766,1,2.82
12-08-2014,00:40:03.594,1.3377,1.33767,9,1.69
12-08-2014,00:40:03.646,1.3377,1.33769,6,1
12-08-2014,00:40:03.798,1.33773,1.33771,1,1
12-08-2014,00:40:03.848,1.33774,1.33772,3.19,1
12-08-2014,00:40:04.357,1.33774,1.33773,2.25,1.25
12-08-2014,00:40:04.559,1.33773,1.33771,4.35,4.69
12-08-2014,00:40:04.660,1.33771,1.3377,1,1.5
12-08-2014,00:40:04.761,1.33772,1.33768,3,6
12-08-2014,00:40:04.862,1.33772,1.3377,3.19,1
12-08-2014,00:40:06.877,1.33771,1.3377,1,1
12-08-2014,00:40:07.686,1.3377,1.33768,1,3.19
12-08-2014,00:40:08.650,1.33772,1.33769,5.25,4
12-08-2014,00:40:08.702,1.33772,1.3377,2.25,5.5
12-08-2014,00:40:09.207,1.33771,1.3377,1,1.13
12-08-2014,00:40:09.358,1.3377,1.33768,1,2.44
12-08-2014,00:40:11.230,1.3377,1.33769,2.25,1
12-08-2014,00:40:15.251,1.33771,1.33769,1,1
12-08-2014,00:40:16.722,1.33772,1.33769,6,1
12-08-2014,00:40:17.076,1.33772,1.33771,1,1
12-08-2014,00:40:17.581,1.33773,1.3377,1,7.69
12-08-2014,00:40:18.780,1.33772,1.3377,1,3.94
12-08-2014,00:40:18.882,1.3377,1.33768,1,3.75
12-08-2014,00:40:18.933,1.33769,1.33768,1,1
12-08-2014,00:40:19.034,1.33769,1.33768,1,1.5
12-08-2014,00:40:19.539,1.3377,1.33768,1,1
12-08-2014,00:40:21.520,1.33771,1.33769,4.5,1.5
12-08-2014,00:40:22.245,1.33772,1.33769,1,3.19
12-08-2014,00:40:24.297,1.33772,1.33769,1,4.32
12-08-2014,00:40:24.601,1.33768,1.33765,1,9.19
12-08-2014,00:40:24.652,1.33768,1.33765,1,8.82
12-08-2014,00:40:24.780,1.33768,1.33765,1,3.19
12-08-2014,00:40:25.317,1.33769,1.33767,3,1
12-08-2014,00:40:27.112,1.3377,1.33767,5.25,2.44
12-08-2014,00:40:27.647,1.3377,1.33767,5.5,3.19
12-08-2014,00:40:28.187,1.3377,1.33767,1,3.19
12-08-2014,00:40:28.644,1.33769,1.33767,5.85,1.5
12-08-2014,00:40:28.847,1.33768,1.33765,11.3,1
12-08-2014,00:40:29.363,1.33767,1.33764,4.13,1
12-08-2014,00:40:30.462,1.33767,1.33765,2.63,1
12-08-2014,00:40:31.452,1.33767,1.33764,2.63,1.25
12-08-2014,00:40:36.200,1.33767,1.33765,2.25,1
12-08-2014,00:40:37.962,1.33767,1.33763,2.25,5.44
12-08-2014,00:40:42.622,1.33767,1.33765,2.63,1.5
12-08-2014,00:40:46.109,1.33767,1.33765,2.63,1.69
12-08-2014,00:40:46.161,1.33769,1.33767,1.5,2.5
12-08-2014,00:40:46.263,1.33769,1.33768,1,1
12-08-2014,00:40:46.668,1.33771,1.33768,3.94,2.25
12-08-2014,00:40:49.636,1.33771,1.33769,2.82,1
12-08-2014,00:40:51.796,1.33771,1.33768,1.88,3.94
12-08-2014,00:40:51.847,1.33769,1.33768,1.5,3.94
12-08-2014,00:40:52.354,1.33769,1.33767,2.25,1.25
12-08-2014,00:40:52.902,1.33769,1.33768,1.5,1
12-08-2014,00:41:02.484,1.3377,1.33768,4.69,1
12-08-2014,00:41:07.222,1.3377,1.33768,1.5,2.82
12-08-2014,00:41:07.732,1.33771,1.33768,2.07,2.25
12-08-2014,00:41:17.901,1.3377,1.33768,1,1.5
12-08-2014,00:41:23.216,1.3377,1.33767,1,2.44
12-08-2014,00:41:24.189,1.33769,1.33767,1,2.44
12-08-2014,00:41:26.392,1.33768,1.33766,1,1
12-08-2014,00:41:26.932,1.33768,1.33765,1,3.94
12-08-2014,00:41:33.078,1.33768,1.33766,1,1
12-08-2014,00:41:33.610,1.33769,1.33766,2.25,1.69
12-08-2014,00:41:58.551,1.33769,1.33767,1,1.25
12-08-2014,00:42:01.558,1.33769,1.33766,2.25,3.19
12-08-2014,00:42:04.256,1.33768,1.33766,1,3.19
12-08-2014,00:42:07.385,1.33769,1.33766,1.5,3.19
12-08-2014,00:42:08.163,1.33768,1.33766,1,2.44
12-08-2014,00:42:08.523,1.33766,1.33764,1,3.94
12-08-2014,00:42:08.624,1.33766,1.33764,1.5,1
12-08-2014,00:42:08.811,1.33764,1.33763,1,1
12-08-2014,00:42:08.913,1.33763,1.33761,1,1
12-08-2014,00:42:09.418,1.33763,1.3376,2.25,2.25
12-08-2014,00:42:14.175,1.33762,1.3376,1,3.57
12-08-2014,00:42:14.681,1.33761,1.3376,1,1.88
12-08-2014,00:42:15.135,1.3376,1.33758,1,2.63
12-08-2014,00:42:16.234,1.33761,1.33758,1.69,1.5
12-08-2014,00:42:17.559,1.33761,1.33758,1.69,4.13
12-08-2014,00:42:18.073,1.33762,1.33759,3.19,1.38
12-08-2014,00:42:18.909,1.33762,1.33759,2.25,2.63
12-08-2014,00:42:19.112,1.33762,1.33761,1,2.85
12-08-2014,00:42:19.213,1.33764,1.33761,1,2.07
12-08-2014,00:42:19.878,1.33764,1.33762,1,1
12-08-2014,00:42:20.388,1.33764,1.33761,1,2.74
12-08-2014,00:42:20.932,1.33764,1.33762,1,1
12-08-2014,00:42:21.746,1.33763,1.33762,1,1
12-08-2014,00:42:21.999,1.33763,1.3376,4.88,1.88
12-08-2014,00:42:22.505,1.33762,1.3376,1,1.92
12-08-2014,00:42:23.968,1.33762,1.33759,1,4.13
12-08-2014,00:42:24.499,1.33762,1.33759,1,4.88
12-08-2014,00:42:25.423,1.33762,1.33759,1,2.63
12-08-2014,00:42:26.591,1.33763,1.3376,5.44,1
12-08-2014,00:42:28.229,1.33763,1.33761,5.25,1
12-08-2014,00:42:29.013,1.33763,1.3376,3,2.82
12-08-2014,00:42:29.215,1.33763,1.33761,1,2.44
12-08-2014,00:42:29.468,1.33765,1.33762,2.25,1.69
12-08-2014,00:42:29.973,1.33764,1.33762,1,3.12
12-08-2014,00:42:30.175,1.33764,1.33761,1.5,5.82
12-08-2014,00:42:30.680,1.33762,1.33761,1,1.5
12-08-2014,00:42:31.184,1.33763,1.33761,3.75,1.5
12-08-2014,00:42:31.688,1.33762,1.33761,1,1.5
12-08-2014,00:42:33.949,1.33762,1.3376,1,2.18
12-08-2014,00:42:36.933,1.33761,1.33759,1,3.75
12-08-2014,00:42:37.440,1.3376,1.33759,1,1.5
12-08-2014,00:42:37.974,1.33761,1.33759,1.5,1.5
12-08-2014,00:42:39.076,1.33762,1.3376,1.25,1
12-08-2014,00:42:39.279,1.33763,1.33761,2.25,2.25
12-08-2014,00:42:44.474,1.33763,1.33761,3,2.25
12-08-2014,00:42:44.983,1.33763,1.33761,1,1.5
12-08-2014,00:42:45.488,1.33764,1.33761,2.25,1.5
12-08-2014,00:42:47.088,1.33764,1.33762,1,1
12-08-2014,00:42:47.594,1.33765,1.33762,2.44,1
12-08-2014,00:42:48.100,1.33765,1.33763,1,1
12-08-2014,00:42:48.605,1.33764,1.33762,1.5,1
12-08-2014,00:42:48.964,1.33765,1.33762,3.57,1
12-08-2014,00:42:52.464,1.33763,1.33762,1.13,1
12-08-2014,00:42:52.970,1.33763,1.33761,1.88,1.5
12-08-2014,00:42:59.833,1.33762,1.33761,1,1
12-08-2014,00:43:00.358,1.33763,1.33761,3,1
12-08-2014,00:43:03.380,1.33762,1.33761,1,1
12-08-2014,00:43:08.904,1.33763,1.33761,2.44,1
12-08-2014,00:43:10.319,1.33764,1.33761,3.98,1
12-08-2014,00:43:10.824,1.33764,1.33762,1.13,1
12-08-2014,00:43:12.456,1.33764,1.33761,1,2.82
12-08-2014,00:43:12.971,1.33764,1.33762,1,1
12-08-2014,00:43:15.302,1.33765,1.33762,2.44,1.5
12-08-2014,00:43:15.807,1.33765,1.33763,1.5,1
12-08-2014,00:43:21.269,1.33764,1.33763,1,1
12-08-2014,00:43:21.774,1.33765,1.33762,3.94,2.25
12-08-2014,00:43:22.279,1.33765,1.33762,1.25,3
12-08-2014,00:43:25.827,1.33766,1.33762,5.44,3.19
12-08-2014,00:43:26.130,1.33767,1.33765,2.44,1
12-08-2014,00:43:26.635,1.33767,1.33764,1.25,3
12-08-2014,00:43:29.284,1.33766,1.33764,1,1.5
12-08-2014,00:43:29.588,1.33763,1.33761,1,1.32
12-08-2014,00:43:29.891,1.33762,1.3376,2.25,1.5
12-08-2014,00:43:30.955,1.33762,1.3376,2.44,1.5
12-08-2014,00:43:33.817,1.33761,1.3376,1,1.5
12-08-2014,00:43:34.323,1.33762,1.3376,1,2.63
12-08-2014,00:43:37.065,1.33762,1.33758,2.44,2.82
12-08-2014,00:43:37.667,1.33762,1.3376,2.82,1
12-08-2014,00:43:45.288,1.33762,1.3376,3.19,1
12-08-2014,00:43:45.389,1.3376,1.33758,1.69,1
12-08-2014,00:43:45.491,1.33759,1.33756,1,2.37
12-08-2014,00:43:45.592,1.33759,1.33757,1.25,1
12-08-2014,00:43:45.693,1.33757,1.33756,1,2.18
12-08-2014,00:43:46.097,1.33755,1.33753,1,1.5
12-08-2014,00:43:46.148,1.33755,1.33753,1.5,1
12-08-2014,00:43:46.249,1.33755,1.3375,2.25,17.44
12-08-2014,00:43:46.754,1.33753,1.3375,2.25,2.82
12-08-2014,00:43:47.259,1.33753,1.3375,1,4.32
12-08-2014,00:43:47.764,1.33755,1.33752,8.07,1
12-08-2014,00:43:48.220,1.33757,1.33754,1.69,1
12-08-2014,00:43:49.197,1.33758,1.33754,1.69,2.25
12-08-2014,00:43:49.708,1.33758,1.33755,2.44,1
12-08-2014,00:43:50.478,1.33758,1.33754,2.74,2.25
12-08-2014,00:43:51.912,1.33758,1.33755,1.69,1
12-08-2014,00:43:52.114,1.3376,1.33756,12.19,1.5
12-08-2014,00:43:52.468,1.3376,1.33758,5.44,2.1
12-08-2014,00:43:52.721,1.33762,1.33759,2.82,1.5
12-08-2014,00:43:55.001,1.33762,1.33759,2.82,1
12-08-2014,00:43:55.505,1.33762,1.33759,1.69,1.5
12-08-2014,00:43:56.014,1.33762,1.3376,1.69,1
12-08-2014,00:43:57.365,1.33762,1.33759,1.69,1.5
12-08-2014,00:43:58.360,1.33762,1.33759,4.24,1
12-08-2014,00:43:58.461,1.33762,1.33759,3.12,1.5
12-08-2014,00:44:03.708,1.33763,1.3376,1.69,1.5
12-08-2014,00:44:17.370,1.33762,1.3376,1,3.19
12-08-2014,00:44:19.923,1.33762,1.3376,1,3
12-08-2014,00:44:23.219,1.33762,1.3376,1,4.88
12-08-2014,00:44:25.276,1.33762,1.33761,1,1.13
12-08-2014,00:44:25.781,1.33762,1.3376,1,4.13
12-08-2014,00:44:26.503,1.33762,1.3376,1,5.1
12-08-2014,00:44:27.009,1.33763,1.33761,1,1.69
12-08-2014,00:44:27.533,1.33762,1.33761,1,1.69
12-08-2014,00:44:29.065,1.33762,1.3376,1,4.77
12-08-2014,00:44:44.770,1.33762,1.3376,1,4.05
12-08-2014,00:44:45.286,1.33762,1.3376,1,3.38
12-08-2014,00:44:57.202,1.33762,1.3376,2.44,1
12-08-2014,00:44:57.708,1.33761,1.33759,1.13,2.25
12-08-2014,00:44:58.212,1.33762,1.3376,1.25,1.5
12-08-2014,00:44:59.171,1.33763,1.3376,1.25,2.18
12-08-2014,00:45:06.079,1.33763,1.3376,1.5,4.24
12-08-2014,00:45:06.535,1.33764,1.33763,1,1
12-08-2014,00:45:06.636,1.33766,1.33764,1.25,2.25
12-08-2014,00:45:07.145,1.33767,1.33765,1.25,1
12-08-2014,00:45:07.659,1.33766,1.33764,1,4.95
12-08-2014,00:45:09.767,1.33769,1.33766,1.5,3.25
12-08-2014,00:45:09.869,1.33771,1.33769,11.25,3.38
12-08-2014,00:45:10.021,1.33772,1.3377,3,2.07
12-08-2014,00:45:13.386,1.33772,1.33771,1.5,1.13
12-08-2014,00:45:17.678,1.33771,1.33769,1,1
12-08-2014,00:45:19.637,1.33771,1.33769,1.25,1
12-08-2014,00:45:21.685,1.33771,1.3377,1.25,1
12-08-2014,00:45:27.650,1.3377,1.33768,1,2.25
12-08-2014,00:45:27.753,1.33769,1.33767,1,1.5
12-08-2014,00:45:30.196,1.33768,1.33767,1,2.25
12-08-2014,00:45:32.405,1.33769,1.33767,2.25,1
12-08-2014,00:45:32.931,1.33767,1.33766,1,1
12-08-2014,00:45:33.450,1.33767,1.33765,1,6
12-08-2014,00:45:34.376,1.33768,1.33765,1.69,5.25
12-08-2014,00:45:37.081,1.33768,1.33766,1.5,1
12-08-2014,00:45:37.597,1.33769,1.33767,1.5,1
12-08-2014,00:45:38.118,1.33769,1.33766,1.5,4.69
12-08-2014,00:45:41.950,1.33769,1.33765,2.44,9.19
12-08-2014,00:45:43.302,1.33768,1.33765,1,6.19
12-08-2014,00:45:44.476,1.33769,1.33765,3.19,6.19
12-08-2014,00:45:53.496,1.33769,1.33766,2.25,1
12-08-2014,00:45:56.030,1.33769,1.33767,2.25,1
12-08-2014,00:45:58.353,1.3377,1.33768,2.44,1
12-08-2014,00:45:58.505,1.33771,1.3377,1,1.5
12-08-2014,00:45:59.075,1.33772,1.3377,1.32,2.25
12-08-2014,00:46:24.144,1.33772,1.33771,1,1
12-08-2014,00:46:24.660,1.33773,1.33772,3.75,1
12-08-2014,00:46:25.200,1.33773,1.33771,2.25,1
12-08-2014,00:46:25.713,1.33774,1.33772,12.38,1
12-08-2014,00:46:26.392,1.33774,1.33771,5.63,2.05
12-08-2014,00:46:27.207,1.33774,1.33772,12.38,1.86
12-08-2014,00:46:27.811,1.33774,1.33771,5.63,2.8
12-08-2014,00:46:28.422,1.33774,1.33772,12.38,1.86
12-08-2014,00:46:28.969,1.33774,1.33771,5.63,2.05
12-08-2014,00:46:29.518,1.33774,1.33772,12.38,1.86
12-08-2014,00:46:30.192,1.33774,1.33771,5.63,2.05
12-08-2014,00:46:30.764,1.33774,1.33772,12.38,1.86
12-08-2014,00:46:32.124,1.33774,1.33771,5.63,2.8
12-08-2014,00:46:32.629,1.33774,1.33772,12.38,1.86
12-08-2014,00:46:33.856,1.33774,1.33771,12.57,1.86
12-08-2014,00:46:36.219,1.33772,1.33771,1,1.86
12-08-2014,00:46:36.733,1.33773,1.33771,1.13,1.86
12-08-2014,00:46:37.237,1.33773,1.33772,1,1.86
12-08-2014,00:46:37.750,1.33773,1.33771,1,1.86
12-08-2014,00:46:38.262,1.33773,1.33772,1,1.86
12-08-2014,00:46:38.775,1.33773,1.33771,1,1.86
12-08-2014,00:46:39.294,1.33773,1.33772,1,1.86
12-08-2014,00:46:40.214,1.33773,1.33771,1,2.8
12-08-2014,00:46:40.784,1.33773,1.33772,1,1.86
12-08-2014,00:46:41.959,1.33773,1.33771,1,2.8
12-08-2014,00:46:42.669,1.33773,1.33772,1,1.86
12-08-2014,00:46:44.203,1.33773,1.33771,1,1.86
12-08-2014,00:46:44.722,1.33773,1.33772,1,1.86
12-08-2014,00:46:45.238,1.33773,1.33771,1,2.61
12-08-2014,00:46:45.753,1.33773,1.33772,1,1.86
12-08-2014,00:46:46.892,1.33773,1.33771,1,2.61
12-08-2014,00:46:47.448,1.33774,1.33772,2.44,1
12-08-2014,00:46:48.204,1.33774,1.33773,7.5,1.11
12-08-2014,00:46:49.180,1.33774,1.33772,6.94,2.61
12-08-2014,00:46:50.644,1.33773,1.33772,1,1.86
12-08-2014,00:46:51.145,1.33774,1.33772,6.75,2.61
12-08-2014,00:46:51.653,1.33774,1.33773,6.75,1.11
12-08-2014,00:46:52.240,1.33774,1.33772,1,1.86
12-08-2014,00:46:52.762,1.33774,1.33773,6.75,1.11
12-08-2014,00:46:53.462,1.33774,1.33772,1,1.86
12-08-2014,00:46:53.988,1.33774,1.33773,6.75,1.11
12-08-2014,00:46:54.599,1.33774,1.33772,1,1.86
12-08-2014,00:46:55.343,1.33774,1.33773,6.75,1.11
12-08-2014,00:46:55.929,1.33774,1.33772,1,1.86
12-08-2014,00:46:56.567,1.33774,1.33773,7.5,1.11
12-08-2014,00:46:57.977,1.33775,1.33772,11.82,1.64
12-08-2014,00:46:58.482,1.33774,1.33771,3,2.44
12-08-2014,00:46:58.785,1.33774,1.33773,8.25,1.11
12-08-2014,00:46:59.307,1.33774,1.33772,8.25,2.61
12-08-2014,00:46:59.821,1.33774,1.33772,2.25,1.11
12-08-2014,00:47:00.395,1.33774,1.33772,8.25,2.61
12-08-2014,00:47:01.058,1.33774,1.33772,2.25,1.11
12-08-2014,00:47:01.882,1.33774,1.33772,9,2.61
12-08-2014,00:47:02.390,1.33774,1.33772,3,1.11
12-08-2014,00:47:02.937,1.33774,1.33772,9,2.61
12-08-2014,00:47:03.922,1.33775,1.33774,10.13,3.19
12-08-2014,00:47:04.226,1.33779,1.33778,1.5,1.5
12-08-2014,00:47:04.327,1.3378,1.33778,1.5,2.25
12-08-2014,00:47:04.428,1.33781,1.33778,1.25,2.25
12-08-2014,00:47:04.478,1.33782,1.33778,6.19,2.63
12-08-2014,00:47:04.630,1.33784,1.33782,8.25,1
12-08-2014,00:47:04.883,1.33785,1.33783,4.5,4.5
12-08-2014,00:47:05.035,1.33789,1.33787,1,5.07
12-08-2014,00:47:05.236,1.33791,1.3379,1,1.5
12-08-2014,00:47:05.742,1.33792,1.3379,1,2.25
12-08-2014,00:47:06.270,1.33791,1.3379,1,3.9
12-08-2014,00:47:10.726,1.33792,1.3379,1.13,3.72
12-08-2014,00:47:10.828,1.33791,1.3379,1,1.11
12-08-2014,00:47:11.412,1.33792,1.3379,2.07,1.86
12-08-2014,00:47:12.176,1.33791,1.3379,1,1
12-08-2014,00:47:12.692,1.33792,1.3379,2.63,1
12-08-2014,00:47:13.197,1.33792,1.3379,1.88,1.29
12-08-2014,00:47:13.663,1.33792,1.33788,1.88,5.82
12-08-2014,00:47:14.213,1.33792,1.33788,1.69,3.94
12-08-2014,00:47:14.617,1.33791,1.3379,1,1
12-08-2014,00:47:15.122,1.33791,1.33789,1,1.32
12-08-2014,00:47:15.630,1.33791,1.33788,1,3.75
12-08-2014,00:47:18.329,1.33789,1.33788,1,2.25
12-08-2014,00:47:19.400,1.3379,1.33788,1.5,1.5
12-08-2014,00:47:19.704,1.33789,1.33787,1,1
12-08-2014,00:47:20.219,1.33788,1.33787,1,1.5
12-08-2014,00:47:27.704,1.33788,1.33787,4.35,1
12-08-2014,00:47:27.755,1.33787,1.33785,1,1
12-08-2014,00:47:27.908,1.33785,1.33783,18,1
12-08-2014,00:47:28.060,1.33783,1.33782,1,1.5
12-08-2014,00:47:28.364,1.33782,1.3378,1.25,1
12-08-2014,00:47:32.304,1.33781,1.3378,1,1
12-08-2014,00:47:32.712,1.33783,1.33781,2.82,1.88
12-08-2014,00:47:32.813,1.33783,1.33782,1.69,1.88
12-08-2014,00:47:32.965,1.33785,1.33783,11.25,2.88
12-08-2014,00:47:33.507,1.33785,1.33783,5.25,2.88
12-08-2014,00:47:35.633,1.33785,1.33783,8.44,2.63
12-08-2014,00:47:36.164,1.33785,1.33783,7.32,2.88
12-08-2014,00:47:36.741,1.33784,1.33783,1,2.63
12-08-2014,00:47:37.270,1.33785,1.33783,6.19,2.88
12-08-2014,00:47:40.006,1.33785,1.33783,7.32,2.63
12-08-2014,00:47:40.581,1.33785,1.33783,4.32,2.88
12-08-2014,00:47:41.463,1.33786,1.33784,6.38,3.6
12-08-2014,00:47:41.666,1.33788,1.33785,1.69,3.38
12-08-2014,00:47:42.174,1.33788,1.33784,2.82,4.69
12-08-2014,00:47:43.420,1.33788,1.33785,3.57,1
12-08-2014,00:47:44.145,1.33788,1.33786,1.88,1
12-08-2014,00:47:44.700,1.33786,1.33784,2.5,3
12-08-2014,00:47:44.903,1.33784,1.33783,3,2.1
12-08-2014,00:47:45.574,1.33785,1.33784,2.25,1
12-08-2014,00:47:46.085,1.33784,1.33782,4.75,4.88
12-08-2014,00:47:46.605,1.33783,1.33782,2.25,1.88
12-08-2014,00:47:47.218,1.33784,1.33782,3.19,1.13
12-08-2014,00:47:55.464,1.33783,1.33782,1.5,1.5
12-08-2014,00:47:55.616,1.33782,1.3378,2.25,5.25
12-08-2014,00:48:00.675,1.3378,1.33778,1,2.74
12-08-2014,00:48:02.566,1.3378,1.33778,1,1.99
12-08-2014,00:48:02.869,1.33778,1.33776,4.51,1
12-08-2014,00:48:03.021,1.33776,1.33773,1.68,2.59
12-08-2014,00:48:03.122,1.33777,1.33773,2.82,4.09
12-08-2014,00:48:03.919,1.33777,1.33775,2.07,1
12-08-2014,00:48:08.204,1.33778,1.33776,1.69,1
12-08-2014,00:48:08.406,1.33779,1.33777,2.07,1
12-08-2014,00:48:09.661,1.3378,1.33777,6.12,1
12-08-2014,00:48:10.267,1.33779,1.33777,1,1
12-08-2014,00:48:11.255,1.3378,1.33777,2.25,1.5
12-08-2014,00:48:11.507,1.3378,1.33779,1.5,1
12-08-2014,00:48:12.016,1.33781,1.33779,2.82,1
12-08-2014,00:48:12.664,1.33781,1.33779,1.69,1
12-08-2014,00:48:17.202,1.3378,1.33778,1,3.19
12-08-2014,00:48:17.707,1.33781,1.33779,1.88,1
12-08-2014,00:48:20.172,1.33781,1.33778,2.18,2.25
12-08-2014,00:48:21.990,1.33781,1.33779,2.74,1
12-08-2014,00:48:22.650,1.33781,1.33778,2.74,1.5
12-08-2014,00:48:23.231,1.33781,1.3378,1.5,1
12-08-2014,00:48:44.132,1.33782,1.3378,5.07,1
12-08-2014,00:48:44.951,1.33782,1.3378,3.94,1
12-08-2014,00:48:55.545,1.33782,1.3378,5.07,1
12-08-2014,00:48:56.079,1.33781,1.3378,1,1
12-08-2014,00:48:57.288,1.3378,1.33778,1,2.44
12-08-2014,00:48:58.115,1.3378,1.33778,1,1.69
12-08-2014,00:48:59.148,1.3378,1.33778,1,2.44
12-08-2014,00:48:59.960,1.3378,1.33778,1.5,1.69
12-08-2014,00:49:00.468,1.3378,1.33778,1,2.25
12-08-2014,00:49:01.328,1.3378,1.33778,1,4.5
12-08-2014,00:49:02.219,1.33781,1.33778,1.88,3.75
12-08-2014,00:49:02.879,1.33781,1.33779,1.13,1
12-08-2014,00:49:08.946,1.33781,1.33778,1,4.5
12-08-2014,00:49:09.989,1.33782,1.33778,4.88,5.25
12-08-2014,00:49:10.530,1.33782,1.33779,4.13,1
12-08-2014,00:49:16.638,1.33783,1.33779,3.94,2.82
12-08-2014,00:49:16.790,1.33783,1.33781,1.69,1.88
12-08-2014,00:49:17.405,1.33783,1.33782,1,1
12-08-2014,00:49:17.942,1.33783,1.33781,1,3.38
12-08-2014,00:49:18.473,1.33783,1.33782,1,1
12-08-2014,00:49:19.588,1.33783,1.33781,1.5,3.38
12-08-2014,00:49:20.114,1.33783,1.33782,1.5,1
12-08-2014,00:49:22.935,1.33783,1.33781,1,3.38
12-08-2014,00:49:23.472,1.33783,1.33782,1,1
12-08-2014,00:49:23.986,1.33783,1.33781,1,3.38
12-08-2014,00:49:24.507,1.33783,1.33782,1,1
12-08-2014,00:49:26.110,1.33783,1.33781,1,3.38
12-08-2014,00:49:26.621,1.33783,1.33782,1,1
12-08-2014,00:49:27.942,1.33783,1.33781,1,3.38
12-08-2014,00:49:28.455,1.33783,1.33782,1,1
12-08-2014,00:49:29.481,1.33783,1.33781,1,2.63
12-08-2014,00:49:34.245,1.33783,1.33782,1,1.88
12-08-2014,00:49:34.553,1.33785,1.33783,1.05,3.42
12-08-2014,00:49:34.705,1.33787,1.33784,1,1.5
12-08-2014,00:49:35.211,1.33786,1.33784,1,1.5
12-08-2014,00:49:43.452,1.33785,1.33784,1,1.5
12-08-2014,00:49:43.806,1.33784,1.33782,1.88,1.5
12-08-2014,00:49:44.313,1.33785,1.33781,5.44,4.69
12-08-2014,00:49:44.818,1.33785,1.33781,4.5,4.69
12-08-2014,00:49:45.122,1.33785,1.33783,2.25,1.25
12-08-2014,00:49:47.393,1.33786,1.33783,1,2.44
12-08-2014,00:49:48.373,1.33785,1.33783,1,2.44
12-08-2014,00:49:48.626,1.33787,1.33783,4.69,3.19
12-08-2014,00:49:50.245,1.33786,1.33783,1.5,2.25
12-08-2014,00:49:50.347,1.33784,1.33783,3,1
12-08-2014,00:49:50.398,1.33784,1.33781,3.75,1
12-08-2014,00:49:50.551,1.33782,1.3378,1,6.94
12-08-2014,00:49:50.855,1.33779,1.33778,1.5,1
12-08-2014,00:49:51.372,1.33779,1.33777,1.5,1.5
12-08-2014,00:49:51.985,1.3378,1.33777,1.5,1
12-08-2014,00:49:53.173,1.33781,1.33777,3.75,3.38
12-08-2014,00:49:53.682,1.33781,1.33778,3,1.13
12-08-2014,00:49:56.952,1.3378,1.33778,1,1.13
12-08-2014,00:49:57.491,1.33781,1.33778,3.38,1.13
12-08-2014,00:49:59.255,1.3378,1.33778,1,1.13
12-08-2014,00:49:59.760,1.33779,1.33777,1.5,1.69
12-08-2014,00:50:08.736,1.33779,1.33777,2.25,2.63
12-08-2014,00:50:08.837,1.33777,1.33775,1,8.74
12-08-2014,00:50:09.342,1.33778,1.33775,1,2.37
12-08-2014,00:50:11.557,1.33779,1.33775,4.88,5.07
12-08-2014,00:50:15.940,1.33779,1.33775,4.69,10.32
12-08-2014,00:50:15.991,1.33777,1.33775,1,8.82
12-08-2014,00:50:16.497,1.33776,1.33775,1,1
12-08-2014,00:50:17.002,1.33776,1.33773,1,3.49
12-08-2014,00:50:19.382,1.33776,1.33775,1,1
12-08-2014,00:50:19.922,1.33777,1.33775,1.04,6
12-08-2014,00:50:20.377,1.33778,1.33777,1,1
12-08-2014,00:50:20.579,1.33779,1.33778,1,1.5
12-08-2014,00:50:20.683,1.33781,1.33778,1.88,2.25
12-08-2014,00:50:28.640,1.3378,1.33778,1,1.25
12-08-2014,00:50:30.430,1.33781,1.33778,2.63,1.25
12-08-2014,00:50:33.253,1.3378,1.33778,1,1.25
12-08-2014,00:50:35.165,1.3378,1.33779,1,1
12-08-2014,00:50:35.691,1.33781,1.33779,1,1.5
12-08-2014,00:50:37.637,1.33781,1.3378,1,1
12-08-2014,00:50:37.739,1.33783,1.33781,1.5,4.75
12-08-2014,00:50:38.194,1.33784,1.33782,1,3.19
12-08-2014,00:50:38.659,1.33782,1.3378,1,1
12-08-2014,00:50:39.173,1.3378,1.33779,1,2.25
12-08-2014,00:50:40.975,1.33781,1.33779,1,1.5
12-08-2014,00:50:43.613,1.33779,1.33778,1,1
12-08-2014,00:50:43.664,1.33779,1.33777,1,5.44
12-08-2014,00:50:44.169,1.33778,1.33777,1,2.44
12-08-2014,00:50:59.366,1.3378,1.33777,1.13,4.69
12-08-2014,00:50:59.467,1.33781,1.33777,5.25,3.94
12-08-2014,00:51:08.928,1.33779,1.33777,1,3.75
12-08-2014,00:51:09.438,1.33778,1.33776,1,3.75
12-08-2014,00:51:09.947,1.33778,1.33776,1,2.82
12-08-2014,00:51:13.947,1.3378,1.33776,3,3.57
12-08-2014,00:51:19.972,1.33778,1.33776,1,3.57
12-08-2014,00:51:37.932,1.33777,1.33774,1,3
12-08-2014,00:51:38.185,1.33775,1.33773,1,2.74
12-08-2014,00:51:38.709,1.33775,1.33774,1,1.8
12-08-2014,00:51:47.009,1.33775,1.33772,1.5,4.99
12-08-2014,00:51:47.713,1.33775,1.33772,1.5,4.24
12-08-2014,00:51:48.846,1.33774,1.33773,1,1
12-08-2014,00:51:49.351,1.33773,1.33772,1.5,1.8
12-08-2014,00:51:53.208,1.33775,1.33773,1.88,1.5
12-08-2014,00:51:53.259,1.33775,1.33773,1.88,2.44
12-08-2014,00:51:53.310,1.33777,1.33774,1.69,2.13
12-08-2014,00:51:53.512,1.33781,1.33777,1,15.85
12-08-2014,00:51:54.017,1.33781,1.3378,1,1
12-08-2014,00:51:54.303,1.33783,1.33781,1,10.62
12-08-2014,00:51:54.355,1.33785,1.33783,2.25,3.94
12-08-2014,00:51:54.658,1.33785,1.33784,1,1.25
12-08-2014,00:51:54.860,1.33783,1.33781,1,2.44
12-08-2014,00:51:55.170,1.33781,1.33779,1,2.82
12-08-2014,00:51:55.701,1.33781,1.33779,1.5,2.82
12-08-2014,00:51:56.972,1.3378,1.33779,1,1.5
12-08-2014,00:51:57.073,1.33781,1.33779,4.13,4.75
12-08-2014,00:51:57.277,1.33783,1.33781,2.25,1
12-08-2014,00:51:57.782,1.33784,1.33782,1.5,1.5
12-08-2014,00:51:58.434,1.33784,1.33782,1.5,1.5
12-08-2014,00:51:58.944,1.33783,1.33782,1,1.5
12-08-2014,00:52:01.057,1.33783,1.33781,1.25,4.5
12-08-2014,00:52:01.158,1.33781,1.3378,1,4.88
12-08-2014,00:52:01.664,1.33782,1.3378,1.5,2.25
12-08-2014,00:52:04.879,1.33782,1.33781,1.5,1
12-08-2014,00:52:05.896,1.33782,1.3378,1.5,2.66
12-08-2014,00:52:06.459,1.33781,1.3378,1,1.69
12-08-2014,00:52:07.431,1.33781,1.33778,1,5.55
12-08-2014,00:52:12.960,1.33781,1.3378,1,2.36
12-08-2014,00:52:13.464,1.33782,1.3378,1,2.47
12-08-2014,00:52:19.950,1.33782,1.33781,1.5,1.5
12-08-2014,00:52:20.102,1.33785,1.33782,10.88,6.19
12-08-2014,00:52:20.305,1.33785,1.33784,1,1
12-08-2014,00:52:20.810,1.33786,1.33785,1,1
12-08-2014,00:52:21.325,1.33787,1.33785,1,2.25
12-08-2014,00:52:28.236,1.33787,1.33785,1,2.66
12-08-2014,00:52:28.893,1.33787,1.33785,1,1.61
12-08-2014,00:52:30.013,1.33786,1.33785,1,1.72
12-08-2014,00:52:31.090,1.33786,1.33784,1,1.24
12-08-2014,00:52:31.596,1.33786,1.33785,1,1.72
12-08-2014,00:52:32.101,1.33787,1.33783,4.5,7.46
12-08-2014,00:52:33.250,1.33787,1.33783,3,6.71
12-08-2014,00:52:33.830,1.33787,1.33783,4.5,6.71
12-08-2014,00:52:36.370,1.33787,1.33784,2.25,2.58
12-08-2014,00:52:36.876,1.33787,1.33784,2.25,2.58
12-08-2014,00:52:38.712,1.33787,1.33784,2.25,2.58
12-08-2014,00:52:39.215,1.33787,1.33784,3,2.58
12-08-2014,00:52:41.272,1.33787,1.33783,3,5.96
12-08-2014,00:52:41.779,1.33787,1.33783,3.75,5.96
12-08-2014,00:52:42.316,1.33787,1.33783,3,5.96
12-08-2014,00:52:42.845,1.33787,1.33783,3.75,5.77
12-08-2014,00:52:43.512,1.33786,1.33783,1,5.02
12-08-2014,00:52:44.117,1.33786,1.33783,1,5.96
12-08-2014,00:52:44.632,1.33786,1.33783,1,5.96
12-08-2014,00:52:45.452,1.33786,1.33783,1,2.58
12-08-2014,00:52:46.028,1.33786,1.33783,1,1.83
12-08-2014,00:52:46.345,1.33786,1.33783,3.19,2.1
12-08-2014,00:52:49.826,1.33786,1.33783,3.75,1.47
12-08-2014,00:52:50.336,1.33786,1.33783,3.75,1.47
12-08-2014,00:52:50.978,1.33786,1.33783,3.38,1.47
12-08-2014,00:52:51.509,1.33786,1.33783,3.57,1.22
12-08-2014,00:52:52.471,1.33786,1.33782,5.07,3.78
12-08-2014,00:52:53.028,1.33786,1.33782,5.07,3.78
12-08-2014,00:52:53.541,1.33786,1.33782,4.69,3.78
12-08-2014,00:52:54.967,1.33786,1.33782,5.07,3.78
12-08-2014,00:52:55.469,1.33786,1.33782,4.69,3.78
12-08-2014,00:52:56.288,1.33786,1.33782,4.88,4.53
12-08-2014,00:52:56.798,1.33786,1.33783,4.5,1.47
12-08-2014,00:52:57.306,1.33786,1.33783,2.25,6.41
12-08-2014,00:53:00.413,1.33786,1.33784,2.25,1.04
12-08-2014,00:53:00.919,1.33786,1.33783,2.25,8.21
12-08-2014,00:53:02.312,1.33786,1.33784,2.25,1.04
12-08-2014,00:53:02.864,1.33786,1.33783,2.25,8.21
12-08-2014,00:53:09.613,1.33786,1.33784,2.25,4.91
12-08-2014,00:53:10.125,1.33786,1.33784,2.25,4.91
12-08-2014,00:53:13.911,1.33786,1.33784,1,1.04
12-08-2014,00:53:14.470,1.33786,1.33783,1,8.21
12-08-2014,00:53:19.773,1.33787,1.33785,3,1.36
12-08-2014,00:53:21.319,1.33786,1.33785,1,1.16
12-08-2014,00:53:21.833,1.33787,1.33785,2.25,1.53
12-08-2014,00:53:23.016,1.33786,1.33785,1,2.28
12-08-2014,00:53:23.532,1.33787,1.33785,2.25,2.18
12-08-2014,00:53:24.237,1.33786,1.33785,1,2.28
12-08-2014,00:53:24.849,1.33787,1.33785,2.25,1.8
12-08-2014,00:53:25.565,1.33786,1.33785,1,2.28
12-08-2014,00:53:26.182,1.33787,1.33785,2.25,2.28
12-08-2014,00:53:26.696,1.33786,1.33785,1,2.28
12-08-2014,00:53:27.209,1.33787,1.33785,2.25,1.91
12-08-2014,00:53:27.723,1.33786,1.33785,1,1.91
12-08-2014,00:53:28.230,1.33787,1.33785,2.25,2.28
12-08-2014,00:53:29.023,1.33786,1.33785,1,2.28
12-08-2014,00:53:29.530,1.33787,1.33785,2.25,2.28
12-08-2014,00:53:30.587,1.33786,1.33785,1,2.28
12-08-2014,00:53:31.099,1.33787,1.33785,1.5,1.53
12-08-2014,00:53:35.714,1.33786,1.33785,1,1.16
12-08-2014,00:53:36.229,1.33787,1.33785,1,3.78
12-08-2014,00:53:36.740,1.33787,1.33785,1.5,3.41
12-08-2014,00:53:37.453,1.33787,1.33785,1.5,1.53
12-08-2014,00:53:37.966,1.33787,1.33785,1.5,1.53
12-08-2014,00:53:38.781,1.33787,1.33784,1.5,5.96
12-08-2014,00:53:39.291,1.33787,1.33785,1.5,3.03
12-08-2014,00:53:40.213,1.33787,1.33785,1.5,3.03
12-08-2014,00:53:40.726,1.33787,1.33784,1.5,7.46
12-08-2014,00:53:41.240,1.33787,1.33784,1.5,7.46
12-08-2014,00:53:41.800,1.33787,1.33784,1.5,7.46
12-08-2014,00:53:42.822,1.33787,1.33784,1.5,7.46
12-08-2014,00:53:43.338,1.33787,1.33784,1.5,7.46
12-08-2014,00:53:44.376,1.33787,1.33784,1.5,7.46
12-08-2014,00:53:44.923,1.33787,1.33784,1.5,7.46
12-08-2014,00:53:45.875,1.33787,1.33784,1.5,7.46
12-08-2014,00:53:46.405,1.33787,1.33784,1.5,7.46
12-08-2014,00:53:47.311,1.33787,1.33784,1.5,7.46
12-08-2014,00:53:47.848,1.33787,1.33784,1.5,7.46
12-08-2014,00:53:48.569,1.33787,1.33784,1.5,7.46
12-08-2014,00:53:49.083,1.33787,1.33785,1.5,1.16
12-08-2014,00:53:50.015,1.33787,1.33785,1.5,1.05
12-08-2014,00:53:50.516,1.33787,1.33785,1.5,1.36
12-08-2014,00:53:51.425,1.33787,1.33784,1.5,4.46
12-08-2014,00:53:51.930,1.33787,1.33784,1.5,3.71
12-08-2014,00:53:52.264,1.33787,1.33784,1,4.46
12-08-2014,00:53:53.278,1.33786,1.33784,1,4.62
12-08-2014,00:53:53.803,1.33787,1.33784,1,5.21
12-08-2014,00:53:54.417,1.33786,1.33784,1,4.62
12-08-2014,00:53:54.926,1.33787,1.33784,1,4.46
12-08-2014,00:53:56.359,1.33786,1.33784,1,3.12
12-08-2014,00:53:56.880,1.33787,1.33784,1,2.96
12-08-2014,00:53:57.518,1.33787,1.33784,1,2.96
12-08-2014,00:53:58.022,1.33787,1.33784,1,2.96
12-08-2014,00:53:58.739,1.33787,1.33784,1,2.77
12-08-2014,00:53:59.286,1.33787,1.33784,1,3.52
12-08-2014,00:54:01.008,1.33787,1.33784,1,4.46
12-08-2014,00:54:01.526,1.33787,1.33784,1.5,5.21
12-08-2014,00:54:02.202,1.33787,1.33784,1,4.46
12-08-2014,00:54:02.707,1.33787,1.33784,1,3.52
12-08-2014,00:54:03.947,1.33786,1.33784,1,6
12-08-2014,00:54:04.488,1.33786,1.33784,1,5.63
12-08-2014,00:54:04.997,1.33786,1.33784,1,3.38
12-08-2014,00:54:08.777,1.33786,1.33784,1,6
12-08-2014,00:54:15.359,1.33786,1.33784,1,6.19
12-08-2014,00:54:16.605,1.33786,1.33784,1,6.19
12-08-2014,00:54:27.271,1.33786,1.33784,1,2.44
12-08-2014,00:54:32.310,1.33785,1.33783,1,4.69
12-08-2014,00:54:33.640,1.33784,1.33782,1,2.07
12-08-2014,00:54:34.145,1.33784,1.33782,1,1.13
12-08-2014,00:54:41.792,1.33784,1.33782,1,1.13
12-08-2014,00:54:49.691,1.33784,1.33782,1.5,1
12-08-2014,00:54:52.772,1.33782,1.3378,1,5.07
12-08-2014,00:54:53.277,1.33781,1.33779,1,1.25
12-08-2014,00:54:53.796,1.33781,1.3378,1,1
12-08-2014,00:54:54.308,1.33783,1.33781,1,3.79
12-08-2014,00:54:54.359,1.33785,1.33782,10.43,1
12-08-2014,00:54:54.563,1.33784,1.33782,1,1.25
12-08-2014,00:54:54.765,1.33783,1.33781,1,9.75
12-08-2014,00:54:55.128,1.33782,1.3378,1,3.75
12-08-2014,00:54:55.381,1.33781,1.33778,1,2.25
12-08-2014,00:54:59.370,1.33782,1.33778,4.88,3
12-08-2014,00:54:59.888,1.33782,1.33779,4.13,1
12-08-2014,00:55:00.091,1.33781,1.33778,2.07,3
12-08-2014,00:55:00.394,1.33779,1.33776,1,1.32
12-08-2014,00:55:01.474,1.33777,1.33776,1,1.69
12-08-2014,00:55:02.003,1.33779,1.33777,1.5,1.25
12-08-2014,00:55:02.875,1.3378,1.33777,1,3.57
12-08-2014,00:55:03.427,1.3378,1.33779,1,1
12-08-2014,00:55:03.948,1.33781,1.33779,1.88,1
12-08-2014,00:55:04.655,1.3378,1.33779,1,1
12-08-2014,00:55:04.807,1.33779,1.33778,1,1.5
12-08-2014,00:55:05.313,1.33782,1.33779,5.74,1
12-08-2014,00:55:05.826,1.3378,1.33779,1,1
12-08-2014,00:55:05.979,1.33782,1.33779,4.99,1
12-08-2014,00:55:06.080,1.33782,1.3378,2.44,1.5
12-08-2014,00:55:06.435,1.33784,1.33783,1,3.38
12-08-2014,00:55:06.957,1.33784,1.33782,1,5.44
12-08-2014,00:55:07.109,1.33785,1.33783,1.5,1.88
12-08-2014,00:55:07.631,1.33784,1.33783,1,1.88
12-08-2014,00:55:08.138,1.33784,1.33782,1,1
12-08-2014,00:55:08.661,1.33784,1.33781,1,3.19
12-08-2014,00:55:10.242,1.33785,1.33781,3.57,3.94
12-08-2014,00:55:10.651,1.33785,1.33783,3.94,1.5
12-08-2014,00:55:10.955,1.33787,1.33786,1,1.13
12-08-2014,00:55:11.888,1.33789,1.33786,2.44,2.63
12-08-2014,00:55:11.939,1.33789,1.33787,3,1.13
12-08-2014,00:55:12.242,1.3379,1.33788,2.74,2.5
12-08-2014,00:55:12.595,1.33791,1.33789,5.97,1
12-08-2014,00:55:13.905,1.33791,1.33788,1.69,1.88
12-08-2014,00:55:15.808,1.3379,1.33788,1,1.88
12-08-2014,00:55:16.314,1.33789,1.33788,1,1.5
12-08-2014,00:55:18.872,1.3379,1.33788,1.5,1
12-08-2014,00:55:19.413,1.3379,1.33787,2.25,1
12-08-2014,00:55:20.892,1.33789,1.33786,1,10.32
12-08-2014,00:55:21.144,1.33788,1.33786,1,2.63
12-08-2014,00:55:22.237,1.33788,1.33786,1,2.07
12-08-2014,00:55:25.212,1.33788,1.33787,1,1
12-08-2014,00:55:25.364,1.3379,1.33787,2.82,1.5
12-08-2014,00:55:30.852,1.3379,1.33788,1.69,1.5
12-08-2014,00:55:38.433,1.33789,1.33788,1,1.88
12-08-2014,00:55:44.688,1.3379,1.33788,1.5,1.5
12-08-2014,00:55:50.431,1.33789,1.33787,1,2.07
12-08-2014,00:55:51.239,1.33788,1.33787,1.5,1
12-08-2014,00:55:52.599,1.33788,1.33786,1,1
12-08-2014,00:56:13.499,1.33788,1.33787,1,1
12-08-2014,00:56:15.480,1.33787,1.33786,1,1.13
12-08-2014,00:56:35.644,1.33789,1.33787,2.44,1
12-08-2014,00:56:36.654,1.33788,1.33785,1,12.23
12-08-2014,00:57:08.299,1.33789,1.33786,2.25,1.88
12-08-2014,00:57:09.394,1.33787,1.33785,1.5,6.19
12-08-2014,00:57:11.489,1.33785,1.33783,1,5.37
12-08-2014,00:57:14.454,1.33785,1.33783,1,5.37
12-08-2014,00:57:17.428,1.33785,1.33783,1,5.74
12-08-2014,00:57:22.520,1.33786,1.33785,1,1
12-08-2014,00:57:36.340,1.33787,1.33786,1.5,1.35
12-08-2014,00:57:36.847,1.33787,1.33785,1,2.25
12-08-2014,00:57:37.822,1.33788,1.33786,1,1
12-08-2014,00:57:37.974,1.33788,1.33786,1,1
12-08-2014,00:57:38.479,1.33789,1.33787,1,1.69
12-08-2014,00:57:40.280,1.33789,1.33787,1.3,1.25
12-08-2014,00:57:41.338,1.33788,1.33786,1.28,3.57
12-08-2014,00:57:44.049,1.33788,1.33787,1,1
12-08-2014,00:58:02.879,1.33788,1.33786,1,4.13
12-08-2014,00:58:03.432,1.33789,1.33787,1,1.69
12-08-2014,00:58:11.004,1.33788,1.33786,1,1.88
12-08-2014,00:58:24.414,1.33789,1.33787,1,4.54
12-08-2014,00:58:24.941,1.3379,1.33788,1,1.5
12-08-2014,00:58:30.007,1.3379,1.33787,2.25,1.69
12-08-2014,00:58:30.159,1.33788,1.33786,1,7.5
12-08-2014,00:58:30.665,1.33788,1.33787,1,1.69
12-08-2014,00:58:33.016,1.3379,1.33787,1.54,1.69
12-08-2014,00:58:38.026,1.33791,1.33788,5.1,1
12-08-2014,00:58:38.077,1.3379,1.33788,1,1.25
12-08-2014,00:58:38.914,1.3379,1.33789,1,1
12-08-2014,00:58:44.974,1.33791,1.33789,1.5,1
12-08-2014,00:58:45.327,1.33792,1.33791,1.5,1
12-08-2014,00:58:45.580,1.33791,1.33789,1,3.38
12-08-2014,00:58:46.122,1.33792,1.33789,2.44,2.25
12-08-2014,00:58:58.801,1.33792,1.33789,2.63,2.25
12-08-2014,00:59:03.046,1.33789,1.33787,1,3.38
12-08-2014,00:59:07.759,1.33791,1.33789,3.57,1
12-08-2014,00:59:14.156,1.3379,1.33789,1,1
12-08-2014,00:59:14.685,1.3379,1.33788,1,1.25
12-08-2014,00:59:17.337,1.33789,1.33787,1,5.07
12-08-2014,00:59:20.619,1.33789,1.33787,2.07,3
12-08-2014,00:59:21.135,1.33787,1.33785,1,1.5
12-08-2014,00:59:27.216,1.33786,1.33785,1,3
12-08-2014,00:59:27.764,1.33787,1.33786,1,1
12-08-2014,00:59:28.903,1.33789,1.33786,3.94,1
12-08-2014,00:59:48.770,1.33788,1.33786,1.13,1
12-08-2014,00:59:49.023,1.33786,1.33784,1,2.55
12-08-2014,00:59:54.230,1.33786,1.33785,1,1
12-08-2014,00:59:54.823,1.33786,1.33784,1,2.74
12-08-2014,00:59:55.334,1.33786,1.33784,1,2.74
12-08-2014,00:59:57.526,1.33787,1.33785,1.13,1
12-08-2014,00:59:58.971,1.33787,1.33784,2.13,1.99
12-08-2014,01:00:01.442,1.33787,1.33785,1,1
12-08-2014,01:00:01.948,1.33788,1.33785,1.69,1
12-08-2014,01:00:03.454,1.33787,1.33786,1.5,1
12-08-2014,01:00:03.759,1.3379,1.33788,1,2.5
12-08-2014,01:00:04.295,1.3379,1.33789,1.5,1
12-08-2014,01:00:06.074,1.3379,1.33788,1,2.25
12-08-2014,01:00:08.374,1.33789,1.33788,1,2.25
12-08-2014,01:00:22.808,1.33789,1.33787,1,1.5
12-08-2014,01:00:27.830,1.33789,1.33787,1,2.44
12-08-2014,01:00:28.135,1.33792,1.3379,1.5,6.1
12-08-2014,01:00:33.668,1.33792,1.33791,1.5,1
12-08-2014,01:00:36.311,1.33792,1.33791,1.5,1
12-08-2014,01:00:36.823,1.33792,1.33791,1.5,1
12-08-2014,01:00:38.128,1.33792,1.3379,1.5,1
12-08-2014,01:00:40.707,1.33792,1.3379,1.5,1.88
12-08-2014,01:00:41.336,1.33792,1.33789,1.5,5.44
12-08-2014,01:00:41.846,1.33792,1.3379,1.5,1.5
12-08-2014,01:00:43.882,1.33792,1.3379,1.5,1
12-08-2014,01:00:45.513,1.33792,1.33791,1.5,1
12-08-2014,01:00:46.243,1.33792,1.3379,1.5,3.79
12-08-2014,01:00:46.728,1.33792,1.3379,1.5,3
12-08-2014,01:00:48.711,1.33792,1.33791,1.5,1
12-08-2014,01:00:49.982,1.33792,1.33791,1.5,1.5
12-08-2014,01:00:50.135,1.3379,1.33788,1,1
12-08-2014,01:00:57.113,1.3379,1.33788,3.19,1
12-08-2014,01:00:57.214,1.33789,1.33788,1,2.1
12-08-2014,01:00:59.272,1.3379,1.33789,1,1
12-08-2014,01:01:01.167,1.3379,1.33788,1,2.44
12-08-2014,01:01:01.672,1.33789,1.33787,1,3.38
12-08-2014,01:01:02.243,1.33788,1.33787,1,1.5
12-08-2014,01:01:03.665,1.3379,1.33788,4.02,1
12-08-2014,01:01:04.177,1.33789,1.33787,1,2.63
12-08-2014,01:01:04.689,1.3379,1.33787,3.83,1.77
12-08-2014,01:01:04.943,1.33789,1.33787,1,1.69
12-08-2014,01:01:05.606,1.33789,1.33787,1,1.59
12-08-2014,01:01:06.716,1.33789,1.33787,1,1.59
12-08-2014,01:01:07.406,1.33789,1.33787,1,1.59
12-08-2014,01:01:08.137,1.33789,1.33787,1,1.59
12-08-2014,01:01:08.638,1.33789,1.33787,1,1.59
12-08-2014,01:01:09.466,1.33789,1.33787,1,1.59
12-08-2014,01:01:10.015,1.33789,1.33787,1,1.59
12-08-2014,01:01:10.523,1.33789,1.33787,1,1.59
12-08-2014,01:01:10.885,1.33788,1.33785,3,7.77
12-08-2014,01:01:10.936,1.33788,1.33786,1.5,1
12-08-2014,01:01:11.290,1.33787,1.33784,1,4.69
12-08-2014,01:01:11.392,1.33785,1.33781,3,11.1
12-08-2014,01:01:11.898,1.33783,1.33781,1.5,1.32
12-08-2014,01:01:13.276,1.33782,1.3378,1,5.67
12-08-2014,01:01:16.273,1.33781,1.33779,1,4.32
12-08-2014,01:01:21.186,1.33781,1.3378,1.69,1.5
12-08-2014,01:01:21.698,1.33779,1.33776,1,4.5
12-08-2014,01:01:22.108,1.33777,1.33776,1,3
12-08-2014,01:01:24.921,1.33777,1.33775,1.5,3
12-08-2014,01:01:25.183,1.33777,1.33774,1,1.99
12-08-2014,01:01:26.657,1.33776,1.33774,1.25,1.8
12-08-2014,01:01:26.809,1.33774,1.33772,1.5,4.54
12-08-2014,01:01:29.583,1.33773,1.33771,1,4.88
12-08-2014,01:01:29.836,1.3377,1.33768,1.5,2.25
12-08-2014,01:01:30.353,1.3377,1.33768,1,4.13
12-08-2014,01:01:30.404,1.3377,1.33769,1,1.13
12-08-2014,01:01:30.923,1.33771,1.3377,1,2.1
12-08-2014,01:01:32.553,1.33771,1.3377,1,1
12-08-2014,01:01:32.857,1.3377,1.33768,1,2.82
12-08-2014,01:01:33.423,1.33769,1.33767,1.5,2.82
12-08-2014,01:01:33.525,1.33769,1.33767,3,1.69
12-08-2014,01:01:33.727,1.3376,1.33758,1,2.82
12-08-2014,01:01:33.980,1.3376,1.33757,1.5,4.69
12-08-2014,01:01:34.334,1.33758,1.33757,1,3.19
12-08-2014,01:01:34.637,1.33757,1.33755,1,2.1
12-08-2014,01:01:35.142,1.33755,1.33754,1,1
12-08-2014,01:01:35.445,1.33746,1.33744,1,1
12-08-2014,01:01:35.496,1.33745,1.33742,1,5.03
12-08-2014,01:01:36.023,1.33746,1.33744,3.57,1
12-08-2014,01:01:36.250,1.33747,1.33745,1.5,1
12-08-2014,01:01:36.402,1.33746,1.33743,1.6,4.54
12-08-2014,01:01:36.453,1.33747,1.33744,1.6,3.04
12-08-2014,01:01:37.160,1.33746,1.33744,1,1.25
12-08-2014,01:01:37.262,1.33744,1.33743,1.5,3.79
12-08-2014,01:01:37.415,1.33744,1.33741,10.99,1
12-08-2014,01:01:37.592,1.33742,1.3374,1,3.75
12-08-2014,01:01:37.947,1.33741,1.33739,1,3.04
12-08-2014,01:01:38.150,1.33742,1.3374,2.63,1
12-08-2014,01:01:38.251,1.33741,1.33739,1,1.5
12-08-2014,01:01:38.555,1.33741,1.3374,1,1.5
12-08-2014,01:01:38.707,1.33742,1.3374,2.37,3.23
12-08-2014,01:01:38.859,1.3374,1.33738,1,3.19
12-08-2014,01:01:39.379,1.33739,1.33738,1,1.69
12-08-2014,01:01:39.637,1.33738,1.33736,1,2.25
12-08-2014,01:01:40.156,1.33738,1.33735,1,2.07
12-08-2014,01:01:41.226,1.33738,1.33735,1,1
12-08-2014,01:01:41.327,1.33738,1.33735,1,1.25
12-08-2014,01:01:42.405,1.33739,1.33734,2.07,2.82
12-08-2014,01:01:43.380,1.33739,1.33735,2.69,1.69
12-08-2014,01:01:43.431,1.33738,1.33734,3.63,3
12-08-2014,01:01:43.735,1.33737,1.33733,2.5,1.5
12-08-2014,01:01:44.089,1.33737,1.33734,3.25,1
12-08-2014,01:01:44.443,1.33738,1.33735,1.69,3.6
12-08-2014,01:01:44.975,1.33738,1.33736,1.5,5.48
12-08-2014,01:01:46.514,1.33738,1.33736,1,5.67
12-08-2014,01:01:47.022,1.33738,1.33736,1,6.6
12-08-2014,01:01:48.259,1.33738,1.33736,1,6.1
12-08-2014,01:01:49.062,1.33738,1.33736,2.63,4.17
12-08-2014,01:01:49.164,1.33737,1.33736,1.5,1.5
12-08-2014,01:01:49.265,1.33735,1.33733,2.25,1.5
12-08-2014,01:01:49.316,1.33735,1.33733,2.25,1.5
12-08-2014,01:01:50.587,1.33735,1.33732,1.6,4.24
12-08-2014,01:01:55.961,1.33735,1.33731,6.19,5.55
12-08-2014,01:01:56.215,1.33732,1.33729,3.25,2.07
12-08-2014,01:01:57.174,1.33732,1.33729,2.82,1
12-08-2014,01:01:57.730,1.33732,1.33728,3.38,4.28
12-08-2014,01:01:58.488,1.33732,1.33729,2.63,1
12-08-2014,01:01:58.950,1.33733,1.33731,4.69,2.1
12-08-2014,01:01:59.254,1.33733,1.33728,6.19,4.62
12-08-2014,01:01:59.759,1.33733,1.33729,3.19,6.98
12-08-2014,01:02:00.282,1.3373,1.33728,1,1
12-08-2014,01:02:00.799,1.3373,1.33727,1.5,4.35
12-08-2014,01:02:01.306,1.33731,1.33727,2.25,11.3
12-08-2014,01:02:01.609,1.3373,1.33727,2.5,5.07
12-08-2014,01:02:02.136,1.3373,1.33727,2.82,3.6
12-08-2014,01:02:02.662,1.33729,1.33727,1,3
12-08-2014,01:02:03.210,1.3373,1.33727,4.13,3.6
12-08-2014,01:02:03.363,1.3373,1.33727,2.63,3.6
12-08-2014,01:02:03.877,1.3373,1.33727,4.69,1.5
12-08-2014,01:02:05.885,1.33728,1.33727,1,1.5
12-08-2014,01:02:06.441,1.33729,1.33727,1,1.5
12-08-2014,01:02:06.946,1.33728,1.33726,1,1
12-08-2014,01:02:07.148,1.33727,1.33725,1,2.25
12-08-2014,01:02:08.159,1.33728,1.33725,2.25,1.5
12-08-2014,01:02:08.515,1.33726,1.33725,1.5,1.5
12-08-2014,01:02:08.566,1.33725,1.33723,2.63,1.5
12-08-2014,01:02:08.718,1.33725,1.33722,4.13,2.1
12-08-2014,01:02:08.920,1.33725,1.33723,3,1.5
12-08-2014,01:02:09.375,1.33727,1.33724,1.25,1.5
12-08-2014,01:02:09.880,1.33728,1.33724,3.19,1.5
12-08-2014,01:02:11.582,1.33727,1.33724,1,1.5
12-08-2014,01:02:12.262,1.33728,1.33724,4.13,1.5
12-08-2014,01:02:12.773,1.33728,1.33724,5.07,1.5
12-08-2014,01:02:16.192,1.33728,1.33724,4.32,3.19
12-08-2014,01:02:17.748,1.33728,1.33724,3.19,4.94
12-08-2014,01:02:19.149,1.33728,1.33724,1.69,3.94
12-08-2014,01:02:20.016,1.33728,1.33726,2.44,1
12-08-2014,01:02:20.522,1.33729,1.33726,1.25,3.75
12-08-2014,01:02:20.926,1.33727,1.33726,1,3
12-08-2014,01:02:21.230,1.33727,1.33724,1,3.19
12-08-2014,01:02:21.762,1.33726,1.33725,1,1.5
12-08-2014,01:02:23.141,1.33727,1.33725,1,1.5
12-08-2014,01:02:25.188,1.33727,1.33726,1,1
12-08-2014,01:02:25.239,1.33729,1.33726,2.44,2.25
12-08-2014,01:02:25.749,1.33729,1.33727,1.5,3
12-08-2014,01:02:28.655,1.3373,1.33727,2.07,3
12-08-2014,01:02:29.164,1.33731,1.33729,10.32,1
12-08-2014,01:02:29.683,1.33731,1.33729,1.69,2.25
12-08-2014,01:02:32.982,1.33731,1.33728,6.57,1.5
12-08-2014,01:02:33.499,1.33731,1.33729,2.44,1.5
12-08-2014,01:02:34.217,1.33731,1.33729,8.44,1.5
12-08-2014,01:02:34.722,1.33731,1.33729,6.94,1.5
12-08-2014,01:02:47.240,1.33731,1.3373,5.82,1
12-08-2014,01:02:47.785,1.33732,1.3373,1.69,1.5
12-08-2014,01:02:49.237,1.33733,1.3373,6.94,1.5
12-08-2014,01:02:54.287,1.33733,1.33731,3.19,1
12-08-2014,01:02:55.782,1.33733,1.3373,3.19,2.25
12-08-2014,01:02:57.109,1.33733,1.33731,2.82,1.5
12-08-2014,01:02:57.615,1.33733,1.3373,2.82,4.5
12-08-2014,01:03:02.285,1.33733,1.33731,3.57,1
12-08-2014,01:03:03.252,1.33734,1.33732,6.94,1
12-08-2014,01:03:03.609,1.33733,1.3373,3,5.82
12-08-2014,01:03:04.330,1.33733,1.33731,5.25,1
12-08-2014,01:03:04.838,1.33733,1.33732,1.5,2.25
12-08-2014,01:03:05.452,1.33734,1.33732,2.63,1
12-08-2014,01:03:06.047,1.33733,1.33732,1.5,1
12-08-2014,01:03:06.655,1.33734,1.33732,2.63,1
12-08-2014,01:03:07.171,1.33733,1.33732,2.25,1
12-08-2014,01:03:07.223,1.33733,1.3373,3.75,4.32
12-08-2014,01:03:09.512,1.33733,1.33731,2.25,2.25
12-08-2014,01:03:10.024,1.33734,1.33731,3.49,3.75
12-08-2014,01:03:10.560,1.33734,1.33732,3.12,1
12-08-2014,01:03:11.066,1.33733,1.33732,1.5,1
12-08-2014,01:03:11.580,1.33734,1.33732,3.19,1
12-08-2014,01:03:12.128,1.33733,1.33732,1.5,1
12-08-2014,01:03:12.639,1.33734,1.33732,3,1
12-08-2014,01:03:13.149,1.33733,1.33732,1.5,1
12-08-2014,01:03:13.659,1.33734,1.33732,9.08,1.5
12-08-2014,01:03:14.997,1.33734,1.33733,9.38,1.5
12-08-2014,01:03:16.073,1.33735,1.33733,6.75,1.5
12-08-2014,01:03:16.582,1.33735,1.33733,4.13,2.5
12-08-2014,01:03:17.087,1.33736,1.33734,1,3.44
12-08-2014,01:03:17.744,1.33736,1.33734,1.5,3.19
12-08-2014,01:03:18.098,1.33735,1.33732,5.5,6.75
12-08-2014,01:03:18.488,1.33733,1.33731,1,7.69
12-08-2014,01:03:18.842,1.33735,1.33732,8.07,2.25
12-08-2014,01:03:19.418,1.33734,1.33733,1.5,1.5
12-08-2014,01:03:20.699,1.33735,1.33734,1,1.5
12-08-2014,01:03:21.217,1.33736,1.33734,1,1.5
12-08-2014,01:03:21.732,1.33735,1.33733,4.13,3.19
12-08-2014,01:03:22.592,1.33735,1.33732,4.13,5.07
12-08-2014,01:03:22.693,1.33735,1.33734,1.88,1
12-08-2014,01:03:22.946,1.33737,1.33734,5.07,2.25
12-08-2014,01:03:23.474,1.33736,1.33734,1,2.25
12-08-2014,01:03:24.087,1.33737,1.33734,3.75,1.69
12-08-2014,01:03:24.602,1.33736,1.33734,1,1.69
12-08-2014,01:03:25.245,1.33736,1.33735,1,1
12-08-2014,01:03:26.097,1.33737,1.33735,3.75,1
12-08-2014,01:03:26.959,1.33736,1.33735,1,1
12-08-2014,01:03:30.797,1.33737,1.33735,4.5,1
12-08-2014,01:03:31.346,1.33736,1.33735,1,1
12-08-2014,01:03:32.321,1.33737,1.33735,3.75,1
12-08-2014,01:03:32.856,1.33736,1.33735,1.5,1
12-08-2014,01:03:34.065,1.33735,1.33733,1,3.19
12-08-2014,01:03:34.573,1.33734,1.33733,1.88,1.69
12-08-2014,01:03:35.104,1.33735,1.33734,1.13,1
12-08-2014,01:03:35.357,1.33737,1.33735,3,1.5
12-08-2014,01:03:37.628,1.33736,1.33735,1.5,1
12-08-2014,01:03:37.679,1.33734,1.33732,3.25,4.69
12-08-2014,01:03:38.189,1.33733,1.33732,3,1.25
12-08-2014,01:03:45.103,1.33733,1.33731,3,2.44
12-08-2014,01:03:45.406,1.33734,1.33733,1,1.69
12-08-2014,01:03:46.552,1.33736,1.33734,3,1
12-08-2014,01:03:47.109,1.33734,1.33733,1,1
12-08-2014,01:03:47.412,1.33733,1.33731,6.25,1.32
12-08-2014,01:03:47.930,1.33733,1.33732,1.5,1.5
12-08-2014,01:03:50.689,1.33733,1.33732,2.25,1
12-08-2014,01:03:50.942,1.33735,1.33733,1,1.5
12-08-2014,01:03:50.993,1.33736,1.33734,4.35,1
12-08-2014,01:03:51.505,1.33737,1.33735,1.5,1
12-08-2014,01:03:52.026,1.33738,1.33736,1.25,1.5
12-08-2014,01:03:53.674,1.33737,1.33734,1,5.18
12-08-2014,01:04:01.902,1.33738,1.33736,1.25,1.5
12-08-2014,01:04:02.407,1.33738,1.33736,1.25,1
12-08-2014,01:04:05.219,1.33738,1.33736,1.25,1.5
12-08-2014,01:04:06.057,1.33736,1.33733,6.75,3.94
12-08-2014,01:04:06.159,1.33734,1.33732,1.13,4.32
12-08-2014,01:04:06.210,1.33735,1.33733,5.25,1.5
12-08-2014,01:04:06.513,1.33735,1.33733,3.38,1
12-08-2014,01:04:06.614,1.33735,1.33733,1.5,1.5
12-08-2014,01:04:06.766,1.33736,1.33735,1.5,1.5
12-08-2014,01:04:07.271,1.33738,1.33735,1.19,1.5
12-08-2014,01:04:12.369,1.33737,1.33736,1.47,1.5
12-08-2014,01:04:13.763,1.33738,1.33735,5.4,1.99
12-08-2014,01:04:14.741,1.33737,1.33736,1.47,1.5
12-08-2014,01:04:15.261,1.33738,1.33736,3.15,1.5
12-08-2014,01:04:17.007,1.33737,1.33734,1,2.93
12-08-2014,01:04:17.512,1.33737,1.33736,1.47,1.5
12-08-2014,01:04:19.957,1.33736,1.33735,1,1
12-08-2014,01:04:20.477,1.33738,1.33736,2.4,1.5
12-08-2014,01:04:20.996,1.33737,1.33736,1.47,1.5
12-08-2014,01:04:25.233,1.33738,1.33736,1.5,1.5
12-08-2014,01:04:25.754,1.33738,1.33736,1.5,1
12-08-2014,01:04:29.049,1.33738,1.33736,1.5,1.5
12-08-2014,01:04:29.567,1.33737,1.33736,1,1.5
12-08-2014,01:04:30.112,1.33738,1.33736,1.5,1.5
12-08-2014,01:04:31.101,1.33737,1.33735,1.88,1.5
12-08-2014,01:04:31.405,1.33738,1.33736,2.07,1
12-08-2014,01:04:32.385,1.33737,1.33736,1,1
12-08-2014,01:04:33.017,1.33738,1.33736,1.69,1
12-08-2014,01:04:34.281,1.33736,1.33735,1.88,2.25
12-08-2014,01:04:34.791,1.33735,1.33734,1,2.25
12-08-2014,01:04:35.094,1.33737,1.33735,1.69,1.5
12-08-2014,01:04:35.457,1.33738,1.33736,2.44,1.5
12-08-2014,01:04:36.172,1.33738,1.33735,3.94,1.99
12-08-2014,01:04:36.785,1.33738,1.33736,2.25,1
12-08-2014,01:04:39.902,1.33738,1.33736,2.25,1
12-08-2014,01:04:47.962,1.33738,1.33736,1,3
12-08-2014,01:04:54.710,1.33739,1.33736,4.69,2.25
12-08-2014,01:04:56.896,1.33737,1.33736,1,1.5
12-08-2014,01:04:57.200,1.33735,1.33731,14.82,2.07
12-08-2014,01:04:57.554,1.33732,1.33731,1.5,2.82
12-08-2014,01:04:58.512,1.33734,1.33732,4.32,1
12-08-2014,01:04:59.322,1.33733,1.33732,1.5,1
12-08-2014,01:05:00.381,1.33733,1.33731,3,1.25
12-08-2014,01:05:00.920,1.33732,1.33731,1,1
12-08-2014,01:05:01.245,1.33735,1.33733,3,1
12-08-2014,01:05:01.397,1.33737,1.33735,1,4.73
12-08-2014,01:05:01.499,1.33738,1.33736,1.69,1
12-08-2014,01:05:01.855,1.33737,1.33735,1,1.84
12-08-2014,01:05:02.058,1.33736,1.33735,1,1.88
12-08-2014,01:05:03.634,1.33737,1.33735,1.5,1.5
12-08-2014,01:05:05.726,1.33738,1.33735,2.25,2.63
12-08-2014,01:05:06.231,1.33739,1.33735,1.8,13.73
12-08-2014,01:05:07.346,1.33739,1.33736,1.8,2.44
12-08-2014,01:05:07.951,1.33739,1.33736,1.8,1
12-08-2014,01:05:08.463,1.33739,1.33735,1.69,5.29
12-08-2014,01:05:08.977,1.33739,1.33736,1.69,1
12-08-2014,01:05:09.692,1.33739,1.33735,1.25,12.42
12-08-2014,01:05:10.215,1.33739,1.33736,1.25,1
12-08-2014,01:05:10.775,1.33739,1.33737,1.25,1
12-08-2014,01:05:13.950,1.33738,1.33735,1,6.98
12-08-2014,01:05:14.455,1.33737,1.33735,1,2.25
12-08-2014,01:05:15.589,1.33736,1.33735,1,1
12-08-2014,01:05:16.297,1.33737,1.33735,3,1
12-08-2014,01:05:19.227,1.33737,1.33734,3,1.88
12-08-2014,01:05:22.668,1.33736,1.33734,1.5,1.13
12-08-2014,01:05:23.746,1.33736,1.33733,1.5,5.44
12-08-2014,01:05:25.502,1.33736,1.33733,3.25,4.69
12-08-2014,01:05:26.008,1.33734,1.33732,3.38,3.38
12-08-2014,01:05:26.513,1.33734,1.33732,6.38,1
12-08-2014,01:05:34.429,1.33733,1.33731,3.75,1
12-08-2014,01:05:40.787,1.33732,1.3373,1,4.13
12-08-2014,01:05:43.678,1.33733,1.33731,3.75,1
12-08-2014,01:05:46.248,1.33733,1.3373,2.44,4.13
12-08-2014,01:05:46.400,1.33731,1.3373,1.5,1
12-08-2014,01:05:46.552,1.33731,1.33728,2.25,4.62
12-08-2014,01:05:46.856,1.3373,1.33728,1,4.62
12-08-2014,01:05:47.058,1.33731,1.33728,2.25,4.62
12-08-2014,01:05:47.109,1.33731,1.3373,1,1.5
12-08-2014,01:05:47.614,1.33732,1.3373,1,4.13
12-08-2014,01:05:48.673,1.33732,1.33731,1,1
12-08-2014,01:05:49.582,1.33732,1.3373,1,3.75
12-08-2014,01:05:54.553,1.33732,1.33731,1,3.38
12-08-2014,01:05:57.732,1.33733,1.33731,2.25,2.63
12-08-2014,01:05:58.241,1.33733,1.3373,3,7.5
12-08-2014,01:05:58.545,1.33733,1.33732,1,1.25
12-08-2014,01:06:00.139,1.33734,1.33733,1.5,1
12-08-2014,01:06:00.645,1.33734,1.33733,1.5,1
12-08-2014,01:06:01.466,1.33735,1.33734,1.69,1
12-08-2014,01:06:01.719,1.33736,1.33734,6.08,1
12-08-2014,01:06:02.299,1.33735,1.33734,1,1
12-08-2014,01:06:03.065,1.33735,1.33734,2.63,2.25
12-08-2014,01:06:03.166,1.33734,1.33732,2.5,5.82
12-08-2014,01:06:03.730,1.33732,1.33731,1,1.25
12-08-2014,01:06:04.235,1.33733,1.33732,1,1
12-08-2014,01:06:04.649,1.33734,1.33733,4.13,1
12-08-2014,01:06:05.155,1.33735,1.33734,1.5,1
12-08-2014,01:06:05.660,1.33736,1.33734,2.44,1
12-08-2014,01:06:08.214,1.33736,1.33733,4.5,1.69
12-08-2014,01:06:08.718,1.33736,1.33734,4.5,1
12-08-2014,01:06:08.870,1.33735,1.33733,5.25,1
12-08-2014,01:06:09.376,1.33732,1.3373,1,3.23
12-08-2014,01:06:09.477,1.33732,1.33731,1.5,3.94
12-08-2014,01:06:10.174,1.33732,1.3373,2.5,1.69
12-08-2014,01:06:10.376,1.33731,1.33729,2.25,1.5
12-08-2014,01:06:13.172,1.33729,1.33728,1.88,1.25
12-08-2014,01:06:13.678,1.33728,1.33727,1,2.25
12-08-2014,01:06:14.256,1.33728,1.33727,1,2.63
12-08-2014,01:06:15.976,1.33729,1.33728,2.63,1
12-08-2014,01:06:16.659,1.33729,1.33728,3.3,1
12-08-2014,01:06:17.647,1.33728,1.33727,1,1.88
12-08-2014,01:06:19.339,1.33728,1.33727,1,1.88
12-08-2014,01:06:20.103,1.33729,1.33727,3.38,1.88
12-08-2014,01:06:26.460,1.33729,1.33727,3.38,3.3
12-08-2014,01:06:28.195,1.33731,1.33728,3,2.63
12-08-2014,01:06:28.713,1.33731,1.33729,1,1.88
12-08-2014,01:06:29.274,1.33731,1.3373,1,1
12-08-2014,01:06:30.278,1.33731,1.33729,1,2.63
12-08-2014,01:06:32.635,1.33731,1.33728,2.44,2.25
12-08-2014,01:06:33.348,1.3373,1.33728,1,1.5
12-08-2014,01:06:38.108,1.3373,1.33727,1.5,5.74
12-08-2014,01:06:39.695,1.33729,1.33727,1,3.94
12-08-2014,01:06:39.847,1.33728,1.33726,1,2.07
12-08-2014,01:06:40.179,1.33726,1.33725,1,4.32
12-08-2014,01:06:40.446,1.33726,1.33722,6,7.5
12-08-2014,01:06:40.851,1.33722,1.33721,1,1.5
12-08-2014,01:06:42.562,1.33723,1.33721,3,3.6
12-08-2014,01:06:45.982,1.33722,1.33721,1,2.25
12-08-2014,01:06:46.616,1.33723,1.33721,4.5,2.25
12-08-2014,01:06:47.949,1.33725,1.33722,6.57,1
12-08-2014,01:06:48.454,1.33724,1.33723,1,1.5
12-08-2014,01:06:48.977,1.33725,1.33723,2.63,1
12-08-2014,01:06:49.955,1.33725,1.33723,1,2.25
12-08-2014,01:06:54.758,1.33725,1.33723,1.5,1
12-08-2014,01:06:55.267,1.33723,1.33722,3.75,1
12-08-2014,01:06:57.120,1.33723,1.33721,3,2.25
12-08-2014,01:06:57.625,1.33724,1.33721,6.19,3.75
12-08-2014,01:06:58.181,1.33723,1.33721,1.5,1.5
12-08-2014,01:06:58.698,1.33724,1.33721,6.19,2.25
12-08-2014,01:07:00.740,1.33723,1.33721,1,2.25
12-08-2014,01:07:01.679,1.33723,1.33722,1.5,1
12-08-2014,01:07:03.837,1.33723,1.33721,1.5,3
12-08-2014,01:07:04.342,1.33723,1.33722,2.25,1
12-08-2014,01:07:04.973,1.33723,1.33721,2.25,3
12-08-2014,01:07:05.492,1.33723,1.33722,2.25,1
12-08-2014,01:07:06.204,1.33723,1.33721,2.25,3
12-08-2014,01:07:06.507,1.33724,1.33722,1.88,1
12-08-2014,01:07:08.096,1.33723,1.33721,2.25,2.25
12-08-2014,01:07:08.249,1.33722,1.3372,1,3
12-08-2014,01:07:08.553,1.3372,1.33719,3,1.5
12-08-2014,01:07:09.059,1.3372,1.33718,4.43,1.5
12-08-2014,01:07:09.594,1.3372,1.33718,4.84,2.5
12-08-2014,01:07:11.227,1.33719,1.33718,1.5,1
12-08-2014,01:07:11.329,1.33719,1.33717,2.5,3
12-08-2014,01:07:14.118,1.33719,1.33718,1.69,3.6
12-08-2014,01:07:14.272,1.3372,1.33719,1.43,3.6
12-08-2014,01:07:14.474,1.33723,1.33721,2.25,6.6
12-08-2014,01:07:15.416,1.33723,1.33721,1.5,6.6
12-08-2014,01:07:15.467,1.33724,1.33722,5.44,1
12-08-2014,01:07:15.670,1.33723,1.33721,1,5.63
12-08-2014,01:07:15.771,1.33722,1.3372,1,3.94
12-08-2014,01:07:18.222,1.33722,1.3372,1,3
12-08-2014,01:07:20.566,1.33722,1.3372,1,2.25
12-08-2014,01:07:21.346,1.33723,1.3372,6.87,2.25
12-08-2014,01:07:21.857,1.33722,1.33719,2.25,4.69
12-08-2014,01:07:22.984,1.33721,1.33719,1,3.75
12-08-2014,01:07:25.795,1.33721,1.3372,1.5,1
12-08-2014,01:07:25.897,1.33723,1.33721,5.44,1
12-08-2014,01:07:26.049,1.33722,1.33719,2.25,3.19
12-08-2014,01:07:26.554,1.33721,1.33719,1.5,2.44
12-08-2014,01:07:28.313,1.33723,1.3372,6.68,1
12-08-2014,01:07:28.566,1.33722,1.3372,2.25,1
12-08-2014,01:07:29.121,1.33721,1.3372,1,1
12-08-2014,01:07:29.425,1.33719,1.33718,1.88,1
12-08-2014,01:07:30.184,1.33718,1.33717,1,1
12-08-2014,01:07:31.693,1.33719,1.33718,4.32,1
12-08-2014,01:07:35.024,1.33719,1.33717,2.89,1
12-08-2014,01:07:35.540,1.33718,1.33717,2.25,1
12-08-2014,01:07:42.556,1.33718,1.33716,1,2.25
12-08-2014,01:07:44.186,1.33718,1.33715,2.25,5.44
12-08-2014,01:07:45.791,1.33718,1.33716,1.5,1
12-08-2014,01:07:46.310,1.33718,1.33715,1.5,6.19
12-08-2014,01:07:46.816,1.33718,1.33716,1.5,1
12-08-2014,01:07:47.621,1.33718,1.33715,1.5,6.19
12-08-2014,01:07:48.158,1.33718,1.33716,1.5,2.25
12-08-2014,01:07:49.324,1.33718,1.33715,2.25,6.94
12-08-2014,01:07:49.989,1.33718,1.33716,3,1
12-08-2014,01:07:51.273,1.33718,1.33715,2.25,6.57
12-08-2014,01:07:51.784,1.33718,1.33716,3,1
12-08-2014,01:07:52.837,1.33718,1.33715,2.25,5.44
12-08-2014,01:07:53.369,1.33718,1.33716,3,1
12-08-2014,01:07:53.881,1.33717,1.33716,1,1
12-08-2014,01:07:54.421,1.33718,1.33716,1.5,1
12-08-2014,01:07:55.390,1.33718,1.33715,1,5.07
12-08-2014,01:07:56.005,1.33718,1.33716,1.5,1
12-08-2014,01:07:56.619,1.33718,1.33715,1,3.94
12-08-2014,01:07:57.184,1.33718,1.33716,1,1
12-08-2014,01:07:58.448,1.33718,1.33715,1,5.44
12-08-2014,01:07:58.999,1.33718,1.33716,1,1
12-08-2014,01:08:00.091,1.33718,1.33715,1,5.82
12-08-2014,01:08:00.636,1.33718,1.33716,1,1.5
12-08-2014,01:08:01.514,1.33719,1.33716,5.44,2.25
12-08-2014,01:08:02.620,1.33718,1.33716,1.5,2.25
12-08-2014,01:08:03.126,1.33718,1.33715,3.75,2.25
12-08-2014,01:08:04.063,1.33717,1.33715,1,1
12-08-2014,01:08:04.568,1.33715,1.33714,1,1
12-08-2014,01:08:06.740,1.33715,1.33712,1.5,4.5
12-08-2014,01:08:08.171,1.33715,1.33713,1.88,1
12-08-2014,01:08:13.299,1.33715,1.33712,1.88,4.8
12-08-2014,01:08:20.572,1.33715,1.33713,2.07,1
12-08-2014,01:08:20.673,1.33716,1.33715,1,2.25
12-08-2014,01:08:20.775,1.33717,1.33716,3.38,1.5
12-08-2014,01:08:20.876,1.33719,1.33716,3.94,1.5
12-08-2014,01:08:21.425,1.33718,1.33716,1,1.5
12-08-2014,01:08:26.943,1.33719,1.33717,4.5,1
12-08-2014,01:08:27.448,1.33719,1.33718,1.5,1
12-08-2014,01:08:27.953,1.3372,1.33718,2.63,1.38
12-08-2014,01:08:29.346,1.33721,1.33719,6.75,1
12-08-2014,01:08:30.428,1.33721,1.3372,2.25,1
12-08-2014,01:08:31.495,1.33722,1.3372,2.74,1
12-08-2014,01:08:32.544,1.33722,1.33719,2.74,2.25
12-08-2014,01:08:40.668,1.33722,1.33719,2.55,7.88
12-08-2014,01:08:40.870,1.33723,1.33721,6.87,1
12-08-2014,01:08:41.394,1.33723,1.33722,1.5,1
12-08-2014,01:08:42.530,1.33722,1.3372,1.5,3.19
12-08-2014,01:08:43.042,1.33722,1.33719,1.5,4.69
12-08-2014,01:08:52.256,1.33722,1.3372,1.69,1.5
12-08-2014,01:09:03.662,1.33723,1.33721,2.74,1
12-08-2014,01:09:04.184,1.33723,1.3372,2.44,4.88
12-08-2014,01:09:04.645,1.33723,1.33722,1.5,1
12-08-2014,01:09:05.731,1.33723,1.3372,2.55,7.13
12-08-2014,01:09:05.883,1.33723,1.33722,1.5,1
12-08-2014,01:09:06.388,1.33723,1.33721,1.5,1
12-08-2014,01:09:06.895,1.33722,1.33721,1,1.13
12-08-2014,01:09:08.956,1.33723,1.33721,1.69,1
12-08-2014,01:09:11.048,1.33722,1.33721,1,1
12-08-2014,01:09:12.787,1.33722,1.3372,1,3.94
12-08-2014,01:09:13.141,1.3372,1.33718,1.5,5.85
12-08-2014,01:09:13.465,1.3372,1.33718,1.5,3.6
12-08-2014,01:09:14.326,1.3372,1.33718,1,4
12-08-2014,01:09:19.282,1.33721,1.33719,1,2.25
12-08-2014,01:09:19.854,1.33721,1.3372,1,1
12-08-2014,01:09:20.375,1.33721,1.33719,1,1.5
12-08-2014,01:09:20.883,1.33721,1.3372,1,1
12-08-2014,01:09:25.221,1.33721,1.33719,1,2.25
12-08-2014,01:09:25.754,1.3372,1.33719,1,1.5
12-08-2014,01:09:27.883,1.3372,1.33718,1,3.94
12-08-2014,01:09:28.842,1.33721,1.33718,1.5,3.94
12-08-2014,01:09:29.349,1.33721,1.33719,1.5,1
12-08-2014,01:09:31.274,1.33721,1.33718,1.5,4.69
12-08-2014,01:09:31.790,1.3372,1.33718,3,1.69
12-08-2014,01:09:35.055,1.3372,1.33718,4.65,1.5
12-08-2014,01:09:35.864,1.3372,1.33718,2.74,1.5
12-08-2014,01:09:36.390,1.3372,1.33718,4.99,1.5
12-08-2014,01:09:37.104,1.3372,1.33718,4.77,1.5
12-08-2014,01:09:37.619,1.3372,1.33718,3.64,1.5
12-08-2014,01:09:40.794,1.3372,1.33718,3.75,1.5
12-08-2014,01:09:41.400,1.33719,1.33718,1,1.5
12-08-2014,01:09:42.236,1.3372,1.33718,3,1.5
12-08-2014,01:09:42.759,1.33719,1.33718,1,1.5
12-08-2014,01:09:43.287,1.3372,1.33718,4.13,1.5
12-08-2014,01:09:43.792,1.33719,1.33718,1,1.5
12-08-2014,01:09:44.443,1.3372,1.33718,2.25,1.5
12-08-2014,01:09:44.992,1.33719,1.33718,1,1.5
12-08-2014,01:09:45.525,1.3372,1.33718,4.13,1.5
12-08-2014,01:09:46.034,1.33719,1.33718,1.5,1.5
12-08-2014,01:09:46.652,1.33721,1.33719,2.18,1.5
12-08-2014,01:09:50.058,1.33721,1.3372,1.69,1
12-08-2014,01:09:51.303,1.33722,1.3372,3,1
12-08-2014,01:09:51.808,1.33721,1.3372,1.5,1
12-08-2014,01:09:58.667,1.33722,1.3372,3.94,1
12-08-2014,01:10:04.203,1.33721,1.3372,1,1.5
12-08-2014,01:10:04.355,1.3372,1.33718,2.5,1.5
12-08-2014,01:10:04.406,1.33718,1.33717,1,3.57
12-08-2014,01:10:05.225,1.33718,1.33716,1.5,2.63
12-08-2014,01:10:08.451,1.33717,1.33716,1,1.88
12-08-2014,01:10:08.675,1.33717,1.33712,11.85,2.25
12-08-2014,01:10:09.181,1.33713,1.33712,2.25,1.5
12-08-2014,01:10:09.686,1.33712,1.3371,1,2.82
12-08-2014,01:10:09.955,1.33714,1.33712,1.69,1.5
12-08-2014,01:10:10.641,1.33713,1.33712,1,1.5
12-08-2014,01:10:11.621,1.33714,1.33712,2.44,1.5
12-08-2014,01:10:12.126,1.33713,1.33712,1.5,1.5
12-08-2014,01:10:12.177,1.33712,1.3371,1.5,1.5
12-08-2014,01:10:12.322,1.33711,1.33709,6.75,1.5
12-08-2014,01:10:12.398,1.3371,1.33708,1,2.63
12-08-2014,01:10:12.651,1.33712,1.33708,3.19,2.07
12-08-2014,01:10:13.159,1.33711,1.33708,1,1.69
12-08-2014,01:10:13.311,1.33709,1.33708,1,1
12-08-2014,01:10:13.362,1.33709,1.33706,1.5,3.57
12-08-2014,01:10:13.413,1.33709,1.33708,1.5,1
12-08-2014,01:10:13.918,1.3371,1.33708,1.5,1
12-08-2014,01:10:14.423,1.3371,1.33708,1.5,1
12-08-2014,01:10:15.231,1.33709,1.33708,1,1
12-08-2014,01:10:15.938,1.3371,1.33708,4.05,1
12-08-2014,01:10:16.469,1.3371,1.33708,2.55,1
12-08-2014,01:10:17.801,1.33708,1.33706,4.36,3
12-08-2014,01:10:18.317,1.33707,1.33706,1.88,1
12-08-2014,01:10:18.830,1.33707,1.33705,3.38,2.25
12-08-2014,01:10:19.966,1.33707,1.33704,3,3.19
12-08-2014,01:10:20.556,1.33707,1.33705,3,1.5
12-08-2014,01:10:21.395,1.33706,1.33705,1,1.43
12-08-2014,01:10:22.571,1.33705,1.33703,1.35,4.58
12-08-2014,01:10:23.089,1.33705,1.33704,3.6,1.58
12-08-2014,01:10:26.335,1.33705,1.33702,3.25,3.57
12-08-2014,01:10:26.639,1.33703,1.33701,3.25,1.5
