Date,Time,Ask,Bid,AskVolume,BidVolume
12-08-2014,00:00:01.314,1.67818,1.67809,1,2.03
12-08-2014,00:00:05.040,1.67818,1.67808,1.19,1.2
12-08-2014,00:00:05.192,1.67814,1.67805,1.13,1.1
12-08-2014,00:00:05.705,1.67813,1.67802,1,1.5
12-08-2014,00:00:06.967,1.67813,1.67804,1,1.77
12-08-2014,00:00:07.018,1.67816,1.67804,1.13,1.77
12-08-2014,00:00:07.271,1.67818,1.67805,1.32,2.03
12-08-2014,00:00:07.422,1.67818,1.67808,1.32,1
12-08-2014,00:00:07.934,1.67819,1.67808,1.19,1.08
12-08-2014,00:00:08.458,1.6782,1.67808,2.07,1.18
12-08-2014,00:00:14.066,1.6782,1.67808,1.69,1.18
12-08-2014,00:00:15.458,1.6782,1.67807,1.69,1.58
12-08-2014,00:00:16.076,1.6782,1.67808,1.5,1.93
12-08-2014,00:00:16.581,1.6782,1.67809,1.5,2.7
12-08-2014,00:00:22.087,1.6782,1.67807,1.5,4.58
12-08-2014,00:00:22.625,1.6782,1.67807,1.5,2.7
12-08-2014,00:00:22.984,1.67818,1.67807,1,2.7
12-08-2014,00:00:24.877,1.67818,1.67809,1,1.08
12-08-2014,00:00:27.959,1.67818,1.67807,1,1.65
12-08-2014,00:00:29.607,1.67818,1.67807,1,1
12-08-2014,00:00:30.123,1.67819,1.67807,1.2,1
12-08-2014,00:00:30.635,1.67819,1.67807,1.09,1.19
12-08-2014,00:00:31.815,1.67819,1.67805,1.39,2.59
12-08-2014,00:00:35.835,1.67812,1.67805,1,1.95
12-08-2014,00:00:35.885,1.67812,1.67803,1,3.19
12-08-2014,00:00:35.936,1.67812,1.67803,1,1.5
12-08-2014,00:00:36.441,1.67812,1.67804,1,1
12-08-2014,00:00:36.948,1.67812,1.67802,1.25,1.02
12-08-2014,00:00:38.067,1.67812,1.67805,1.25,1
12-08-2014,00:00:38.269,1.67818,1.67808,1.39,1.25
12-08-2014,00:00:38.320,1.6782,1.67808,3.83,1.69
12-08-2014,00:00:38.422,1.67821,1.67811,1,1.57
12-08-2014,00:00:38.523,1.67823,1.67812,1.13,1.39
12-08-2014,00:00:38.725,1.67825,1.67813,1.02,1.02
12-08-2014,00:00:38.827,1.67825,1.67814,1.1,1.32
12-08-2014,00:00:39.231,1.67827,1.67816,2.52,2.44
12-08-2014,00:00:39.636,1.67828,1.67817,1.29,1.19
12-08-2014,00:00:40.446,1.6783,1.67816,2.89,2.44
12-08-2014,00:00:40.648,1.67831,1.67818,4.02,1.19
12-08-2014,00:00:40.952,1.67829,1.67821,1.1,1.19
12-08-2014,00:00:41.520,1.67831,1.67818,3.27,1.69
12-08-2014,00:00:42.339,1.67831,1.67826,1.18,1
12-08-2014,00:00:42.440,1.67834,1.67826,1.58,1.69
12-08-2014,00:00:42.491,1.67835,1.67827,1,1.18
12-08-2014,00:00:42.593,1.67841,1.67827,3.34,1.84
12-08-2014,00:00:42.797,1.67841,1.67827,1.37,1.84
12-08-2014,00:00:43.818,1.67841,1.67827,1.47,1.37
12-08-2014,00:00:46.138,1.67841,1.67828,2.22,1.29
12-08-2014,00:00:52.746,1.6784,1.67827,1.29,1.84
12-08-2014,00:00:58.541,1.67841,1.67828,1.32,2.59
12-08-2014,00:01:00.880,1.67842,1.67827,1.69,3.27
12-08-2014,00:01:03.199,1.67841,1.67828,1.19,1.37
12-08-2014,00:01:04.680,1.67841,1.67827,1.19,2.52
12-08-2014,00:01:05.657,1.67842,1.67827,3.19,3.27
12-08-2014,00:01:07.871,1.67841,1.67828,1.69,1.37
12-08-2014,00:01:08.903,1.67842,1.67827,6.94,2.52
12-08-2014,00:01:09.869,1.67841,1.67828,1.84,1.19
12-08-2014,00:01:22.922,1.67841,1.67827,1.09,1.39
12-08-2014,00:01:26.610,1.67841,1.67828,2.14,1.19
12-08-2014,00:01:31.321,1.67842,1.67828,1.27,1.77
12-08-2014,00:01:31.896,1.67842,1.67828,1.77,1.77
12-08-2014,00:01:32.453,1.67841,1.67828,1.27,1.77
12-08-2014,00:01:36.455,1.67842,1.67829,1.29,1.27
12-08-2014,00:01:37.536,1.67842,1.6783,1.02,1.29
12-08-2014,00:01:38.724,1.67844,1.67831,2.52,1.69
12-08-2014,00:01:43.848,1.67844,1.67831,2.52,1.25
12-08-2014,00:01:45.281,1.67843,1.67831,1.33,1.19
12-08-2014,00:01:46.250,1.67843,1.67831,1.27,1.69
12-08-2014,00:01:47.376,1.67843,1.67831,1.33,1.19
12-08-2014,00:01:52.672,1.67843,1.67831,1.27,1.69
12-08-2014,00:01:54.886,1.67843,1.67831,1.33,1.19
12-08-2014,00:02:02.999,1.67843,1.67831,1.27,1.69
12-08-2014,00:02:08.788,1.67843,1.67831,1.27,1.25
12-08-2014,00:02:13.927,1.67843,1.67831,1.33,1.19
12-08-2014,00:02:15.407,1.67843,1.67831,1.77,1.19
12-08-2014,00:02:17.443,1.67843,1.67831,2.52,1
12-08-2014,00:02:17.949,1.67843,1.6783,1.77,1.29
12-08-2014,00:02:18.924,1.67843,1.6783,1.58,1.77
12-08-2014,00:02:19.814,1.67843,1.67833,1.2,1.19
12-08-2014,00:02:20.167,1.67847,1.67833,1.29,1.67
12-08-2014,00:02:20.218,1.67847,1.67835,1.1,1.19
12-08-2014,00:02:20.522,1.67848,1.67837,1.25,2.07
12-08-2014,00:02:24.736,1.67849,1.67837,1.84,1.25
12-08-2014,00:02:26.766,1.6785,1.67837,4.02,1.69
12-08-2014,00:02:27.838,1.6785,1.67837,1.02,1.19
12-08-2014,00:02:32.334,1.67851,1.67838,2.82,1.19
12-08-2014,00:02:34.901,1.6785,1.6784,1.77,1
12-08-2014,00:03:04.493,1.67849,1.6784,1.27,1
12-08-2014,00:03:04.998,1.6785,1.67839,2.14,1.25
12-08-2014,00:03:29.528,1.6785,1.67839,1.33,1.25
12-08-2014,00:03:30.066,1.6785,1.6784,1.33,1
12-08-2014,00:03:39.950,1.6785,1.67841,2.14,1
12-08-2014,00:03:40.456,1.6785,1.67842,2.07,1
12-08-2014,00:03:41.096,1.6785,1.67842,1.32,1
12-08-2014,00:03:44.179,1.6785,1.67842,1.32,1
12-08-2014,00:03:54.613,1.67851,1.67842,1.39,1
12-08-2014,00:03:56.391,1.67852,1.67842,2.52,1
12-08-2014,00:03:57.394,1.6785,1.67842,1.19,1
12-08-2014,00:04:00.317,1.67852,1.67842,1.64,1
12-08-2014,00:04:01.299,1.67851,1.67842,1.67,1
12-08-2014,00:04:04.595,1.67851,1.67842,1.67,1
12-08-2014,00:04:06.244,1.67851,1.67842,2.14,1
12-08-2014,00:04:15.924,1.6785,1.67842,4.77,1
12-08-2014,00:04:33.052,1.6785,1.6784,2.89,1
12-08-2014,00:04:36.486,1.6785,1.6784,1.37,1.25
12-08-2014,00:04:36.995,1.6785,1.6784,1.37,1
12-08-2014,00:04:39.367,1.6785,1.6784,1.09,1
12-08-2014,00:04:39.874,1.6785,1.67841,1.09,1
12-08-2014,00:04:45.595,1.6785,1.67839,1.29,1.19
12-08-2014,00:04:46.194,1.67849,1.67839,1.3,1.19
12-08-2014,00:04:47.049,1.6785,1.67839,1.02,1.19
12-08-2014,00:04:47.718,1.6785,1.67839,1.02,1
12-08-2014,00:04:56.609,1.67851,1.6784,1.88,1.19
12-08-2014,00:04:56.711,1.67852,1.67843,1.58,1
12-08-2014,00:04:57.963,1.67852,1.67843,1.28,1
12-08-2014,00:04:58.166,1.6785,1.67843,1,1.5
12-08-2014,00:04:59.845,1.6785,1.67847,1,1
12-08-2014,00:04:59.946,1.67856,1.67847,3.75,1.69
12-08-2014,00:04:59.997,1.67855,1.67847,1,1.69
12-08-2014,00:05:00.150,1.67852,1.67846,1,1
12-08-2014,00:05:00.655,1.67852,1.67845,1.25,1
12-08-2014,00:05:00.706,1.67852,1.67842,1.25,1.77
12-08-2014,00:05:00.913,1.6785,1.67842,1,1.19
12-08-2014,00:05:02.057,1.6785,1.67842,1,1.25
12-08-2014,00:05:03.016,1.6785,1.67841,1.25,1.25
12-08-2014,00:05:19.840,1.67852,1.67843,1.29,1
12-08-2014,00:05:19.992,1.67853,1.67843,2.97,1
12-08-2014,00:05:20.557,1.67853,1.67843,2.97,1
12-08-2014,00:05:20.720,1.67852,1.6784,1.29,1.02
12-08-2014,00:05:21.895,1.67851,1.6784,1.29,1.25
12-08-2014,00:05:23.117,1.67851,1.67841,1.29,1
12-08-2014,00:05:31.350,1.6785,1.67839,1.32,1.29
12-08-2014,00:05:31.653,1.67846,1.67839,1.25,1
12-08-2014,00:05:32.158,1.67846,1.67838,1.25,1
12-08-2014,00:05:32.810,1.67846,1.67838,1.19,1
12-08-2014,00:05:43.610,1.67848,1.67838,1.47,1
12-08-2014,00:05:45.409,1.67845,1.67838,1,1
12-08-2014,00:05:49.338,1.67847,1.67838,1.25,1
12-08-2014,00:05:49.592,1.67845,1.67838,1,1
12-08-2014,00:05:49.803,1.67847,1.67838,1.25,1
12-08-2014,00:05:50.263,1.67847,1.67836,1.25,1.25
12-08-2014,00:05:50.314,1.67841,1.67836,1.13,1.25
12-08-2014,00:05:50.415,1.67842,1.67834,2.33,1
12-08-2014,00:05:50.921,1.67843,1.67835,1.3,1
12-08-2014,00:05:50.972,1.67844,1.67835,1.39,1
12-08-2014,00:05:51.646,1.67844,1.67835,1.2,1
12-08-2014,00:05:52.362,1.67846,1.67836,2.14,1
12-08-2014,00:05:52.667,1.67846,1.67835,1.09,1.25
12-08-2014,00:05:53.181,1.67846,1.67836,1.09,1
12-08-2014,00:05:53.695,1.67845,1.67836,1,1
12-08-2014,00:05:54.664,1.67844,1.67836,1,1
12-08-2014,00:06:00.187,1.67846,1.67837,1.84,1
12-08-2014,00:06:00.855,1.67846,1.67836,1.84,1
12-08-2014,00:06:07.691,1.67846,1.67836,1.09,1
12-08-2014,00:06:08.207,1.67846,1.67833,1.09,1.19
12-08-2014,00:06:10.951,1.67847,1.67833,1.47,1.69
12-08-2014,00:06:15.456,1.67847,1.67833,2.14,2.52
12-08-2014,00:06:16.978,1.67846,1.67833,1.19,1.77
12-08-2014,00:06:25.800,1.67844,1.67833,1,1.29
12-08-2014,00:06:26.306,1.67847,1.67833,3.64,1.29
12-08-2014,00:06:30.417,1.67845,1.67832,1.19,1.37
12-08-2014,00:06:31.491,1.67843,1.67832,1.19,1.69
12-08-2014,00:06:35.481,1.6784,1.67831,1,1.19
12-08-2014,00:06:35.532,1.6784,1.67831,1.5,1
12-08-2014,00:06:35.734,1.67838,1.67829,1.19,1
12-08-2014,00:06:36.244,1.67838,1.67827,1.19,2.14
12-08-2014,00:06:41.734,1.67838,1.67827,1.77,1.13
12-08-2014,00:06:45.624,1.67838,1.67827,1.25,1.47
12-08-2014,00:06:46.137,1.67832,1.67827,1.5,1.1
12-08-2014,00:06:46.339,1.67832,1.67823,6.57,2.63
12-08-2014,00:06:46.391,1.67831,1.6782,1.13,2.03
12-08-2014,00:06:46.442,1.67829,1.6782,1.32,1.95
12-08-2014,00:06:46.543,1.67827,1.67817,1.32,1.58
12-08-2014,00:06:47.048,1.67827,1.67816,1.19,1.02
12-08-2014,00:06:49.564,1.67828,1.67816,2.52,1.1
12-08-2014,00:06:50.070,1.67828,1.67817,1.77,1
12-08-2014,00:06:53.513,1.67828,1.67817,1.77,1.38
12-08-2014,00:06:53.564,1.67828,1.67817,1.1,1.57
12-08-2014,00:06:54.126,1.6783,1.67817,1.84,1.64
12-08-2014,00:06:54.329,1.67831,1.67818,1.19,2.07
12-08-2014,00:06:54.380,1.67833,1.67819,1.15,4.39
12-08-2014,00:06:54.431,1.67833,1.67821,1.29,1.32
12-08-2014,00:06:54.835,1.67836,1.67826,1.69,1
12-08-2014,00:06:55.038,1.67838,1.67826,1.19,1.69
12-08-2014,00:06:56.262,1.6784,1.67827,1.02,4.84
12-08-2014,00:06:57.356,1.6784,1.67828,1.77,1.39
12-08-2014,00:06:58.843,1.6784,1.67828,1.29,1.39
12-08-2014,00:06:59.371,1.67842,1.67831,2.89,1.32
12-08-2014,00:06:59.674,1.67842,1.67831,1.69,1.32
12-08-2014,00:07:01.105,1.67841,1.67831,1,1.77
12-08-2014,00:07:01.615,1.67843,1.67831,1.19,1.77
12-08-2014,00:07:03.151,1.67844,1.67832,1.69,1.19
12-08-2014,00:07:05.882,1.67844,1.67832,1.69,1.69
12-08-2014,00:07:06.389,1.67843,1.67833,1.25,1.19
12-08-2014,00:07:07.263,1.67846,1.67833,1.77,1.84
12-08-2014,00:07:09.110,1.67847,1.67835,1.02,1.19
12-08-2014,00:07:10.324,1.67849,1.67836,1.39,1.32
12-08-2014,00:07:10.375,1.6785,1.67838,1.84,1.19
12-08-2014,00:07:10.578,1.67851,1.67841,1.69,1
12-08-2014,00:07:10.629,1.67852,1.67841,1.39,1
12-08-2014,00:07:11.140,1.67852,1.6784,1.27,4.32
12-08-2014,00:07:12.976,1.67851,1.67839,1.29,1.29
12-08-2014,00:07:14.980,1.67853,1.67839,3.64,1.29
12-08-2014,00:07:22.440,1.67851,1.67838,1.29,2.14
12-08-2014,00:07:22.692,1.67855,1.67841,3.34,1.19
12-08-2014,00:07:23.197,1.67855,1.67842,1.77,1.84
12-08-2014,00:07:24.900,1.67856,1.67843,1.84,1.29
12-08-2014,00:07:25.215,1.67854,1.67842,1.19,1.37
12-08-2014,00:07:37.646,1.67853,1.67841,1.19,1.77
12-08-2014,00:07:41.694,1.67853,1.67841,1.29,1.02
12-08-2014,00:07:42.473,1.67852,1.67841,1.19,1.02
12-08-2014,00:07:43.441,1.67853,1.6784,1.29,1.77
12-08-2014,00:07:44.463,1.67854,1.6784,1.27,1.02
12-08-2014,00:07:53.773,1.67853,1.6784,1.29,1.77
12-08-2014,00:07:56.476,1.67855,1.67842,1.5,1.19
12-08-2014,00:07:56.527,1.67855,1.67842,1.1,1.39
12-08-2014,00:07:57.032,1.67857,1.67844,1.77,1.25
12-08-2014,00:07:57.295,1.67857,1.67845,1.77,3.75
12-08-2014,00:08:00.551,1.67858,1.67846,1.84,1.13
12-08-2014,00:08:01.705,1.67858,1.67845,1.39,3.94
12-08-2014,00:08:04.690,1.67858,1.67846,1.39,4.69
12-08-2014,00:08:05.610,1.67859,1.67846,1.4,2.07
12-08-2014,00:08:10.631,1.67858,1.67848,1.39,1
12-08-2014,00:08:15.596,1.67859,1.67848,1.84,1
12-08-2014,00:08:18.863,1.67859,1.67846,1.84,2.44
12-08-2014,00:08:19.371,1.67859,1.67846,1.84,2.82
12-08-2014,00:08:19.883,1.67859,1.67848,1.84,1
12-08-2014,00:08:35.655,1.67858,1.67848,1.19,1
12-08-2014,00:08:51.436,1.67858,1.67847,1.19,1.32
12-08-2014,00:08:52.176,1.67858,1.67846,1.19,4.77
12-08-2014,00:08:52.682,1.67859,1.67846,2.44,5.52
12-08-2014,00:08:53.694,1.67858,1.67846,1.19,4.77
12-08-2014,00:08:54.379,1.67858,1.67846,1.19,4.77
12-08-2014,00:09:02.009,1.67859,1.67847,1.69,4.32
12-08-2014,00:09:10.127,1.6786,1.67848,1.29,4.69
12-08-2014,00:09:10.330,1.67863,1.6785,2.59,2.07
12-08-2014,00:09:11.528,1.67865,1.67851,1.39,4.47
12-08-2014,00:09:11.730,1.67868,1.67855,1.69,1.23
12-08-2014,00:09:12.329,1.67865,1.67855,1,1.33
12-08-2014,00:09:21.926,1.67868,1.67855,1.19,1.27
12-08-2014,00:09:23.102,1.67866,1.67855,1,1.27
12-08-2014,00:09:23.716,1.67866,1.67855,1.19,1.64
12-08-2014,00:09:46.192,1.67865,1.67855,1.25,1.29
12-08-2014,00:09:48.879,1.67866,1.67854,1.19,4.95
12-08-2014,00:09:49.182,1.67862,1.67849,1.77,1.69
12-08-2014,00:09:50.397,1.67862,1.67848,2.52,6.64
12-08-2014,00:09:59.778,1.67861,1.67849,1.84,4.32
12-08-2014,00:10:00.802,1.67859,1.67849,1.19,4.13
12-08-2014,00:10:00.853,1.67859,1.67848,1.19,5.14
12-08-2014,00:10:01.358,1.67858,1.67848,1.29,3.75
12-08-2014,00:10:01.883,1.67858,1.67846,1.29,1.2
12-08-2014,00:10:02.895,1.67857,1.67846,1.19,1.39
12-08-2014,00:10:05.199,1.67856,1.67844,1.69,1.5
12-08-2014,00:10:05.250,1.67854,1.67841,1.33,4.69
12-08-2014,00:10:05.300,1.67848,1.67841,1.19,4.13
12-08-2014,00:10:05.503,1.67848,1.67838,1.19,1.1
12-08-2014,00:10:07.336,1.67849,1.67838,1.69,1.02
12-08-2014,00:10:10.761,1.67849,1.67838,1.69,1.09
12-08-2014,00:10:10.813,1.67849,1.67839,1.69,1.08
12-08-2014,00:10:15.130,1.67849,1.67838,1.69,1.09
12-08-2014,00:10:15.636,1.67849,1.67838,1.69,1.09
12-08-2014,00:10:16.321,1.67848,1.67838,1.19,1.2
12-08-2014,00:10:19.331,1.67849,1.67838,3.94,1.09
12-08-2014,00:10:28.142,1.67849,1.67838,1.19,1.2
12-08-2014,00:10:29.381,1.67849,1.67838,1.69,1.09
12-08-2014,00:10:34.480,1.67848,1.67836,1.19,7.32
12-08-2014,00:10:35.473,1.67849,1.67836,1.69,7.32
12-08-2014,00:10:36.490,1.67849,1.67836,1.19,5.97
12-08-2014,00:10:43.518,1.67849,1.67836,1.69,6.72
12-08-2014,00:10:56.540,1.67849,1.67836,1.19,5.89
12-08-2014,00:11:01.835,1.67848,1.67836,1.19,5.7
12-08-2014,00:11:02.138,1.67848,1.67839,1.19,1
12-08-2014,00:11:15.063,1.6785,1.67839,1.29,1
12-08-2014,00:11:27.182,1.67848,1.67839,1.19,1.1
12-08-2014,00:11:29.600,1.67848,1.6784,1.19,1
12-08-2014,00:11:40.117,1.6785,1.6784,1.19,1
12-08-2014,00:11:48.105,1.67848,1.6784,1.19,1
12-08-2014,00:11:55.208,1.6785,1.6784,3.19,1
12-08-2014,00:12:05.537,1.67848,1.6784,1.32,1
12-08-2014,00:12:06.764,1.67849,1.6784,1.69,1
12-08-2014,00:12:08.736,1.67848,1.6784,1.32,1
12-08-2014,00:12:09.319,1.67848,1.67841,1.32,1
12-08-2014,00:12:10.631,1.67848,1.67839,1.32,1.1
12-08-2014,00:12:11.194,1.67849,1.67839,1.69,1.1
12-08-2014,00:12:18.579,1.67849,1.67841,3.19,1
12-08-2014,00:12:18.883,1.67852,1.67846,1,1.13
12-08-2014,00:12:19.238,1.67852,1.67846,1,2.82
12-08-2014,00:12:19.390,1.67862,1.67849,4.09,1.19
12-08-2014,00:12:19.766,1.67861,1.67848,1.69,1.09
12-08-2014,00:12:21.150,1.67862,1.67848,4.09,1.39
12-08-2014,00:12:22.391,1.67861,1.67848,1.32,1.84
12-08-2014,00:12:22.982,1.67861,1.67852,1.32,1
12-08-2014,00:12:23.387,1.67863,1.67853,2.25,1.09
12-08-2014,00:12:23.488,1.67866,1.67854,1.19,1.02
12-08-2014,00:12:23.589,1.67867,1.67855,2.07,1.37
12-08-2014,00:12:24.212,1.67868,1.67858,1.77,1
12-08-2014,00:12:35.094,1.67868,1.67856,2.52,1.13
12-08-2014,00:12:35.600,1.67868,1.67855,2.52,1.69
12-08-2014,00:12:36.581,1.67867,1.67855,2.22,1
12-08-2014,00:12:37.093,1.67866,1.67854,1.29,1.25
12-08-2014,00:12:37.599,1.67865,1.67852,1.69,1.77
12-08-2014,00:12:44.608,1.67865,1.67853,1.69,1.19
12-08-2014,00:12:45.386,1.67865,1.67853,1.32,1.32
12-08-2014,00:12:49.323,1.67865,1.67853,1.19,1.25
12-08-2014,00:12:53.195,1.67865,1.67852,1.94,1.29
12-08-2014,00:12:55.339,1.67865,1.67852,2.44,1.02
12-08-2014,00:12:58.617,1.67865,1.67852,2.04,1.69
12-08-2014,00:13:00.618,1.67865,1.67852,1.02,1.19
12-08-2014,00:13:07.643,1.67864,1.67852,1.32,1.19
12-08-2014,00:13:10.839,1.67863,1.67852,1.19,1.25
12-08-2014,00:13:10.991,1.67862,1.67848,1.39,2.52
12-08-2014,00:13:11.042,1.67858,1.67848,1.19,2.33
12-08-2014,00:13:11.195,1.67858,1.67848,2.07,1
12-08-2014,00:13:11.739,1.67857,1.67846,1.19,1.67
12-08-2014,00:13:12.689,1.67856,1.67845,1.13,1.84
12-08-2014,00:13:13.124,1.67854,1.67845,1,1.84
12-08-2014,00:13:13.358,1.67857,1.67845,1.69,1.84
12-08-2014,00:13:14.044,1.67857,1.67845,2.44,1.84
12-08-2014,00:13:14.885,1.67855,1.67842,1.29,1.39
12-08-2014,00:13:15.390,1.67854,1.67842,1.19,1.33
12-08-2014,00:13:15.962,1.67853,1.67841,1.19,1.27
12-08-2014,00:13:16.969,1.67854,1.67841,2.82,1.33
12-08-2014,00:13:17.917,1.67854,1.6784,2.97,2.22
12-08-2014,00:13:17.968,1.67852,1.6784,1.19,2.22
12-08-2014,00:13:29.187,1.67851,1.6784,1.19,1.74
12-08-2014,00:13:29.694,1.67851,1.6784,1.19,1.57
12-08-2014,00:13:31.023,1.67851,1.67839,1.69,1.57
12-08-2014,00:13:32.917,1.67851,1.67839,1.32,1.57
12-08-2014,00:13:33.432,1.67852,1.67839,1.84,1.63
12-08-2014,00:13:34.091,1.67853,1.67842,2.33,1.69
12-08-2014,00:13:34.192,1.6786,1.67847,3.27,2.44
12-08-2014,00:13:34.445,1.67858,1.67845,1.39,2.22
12-08-2014,00:13:35.412,1.67857,1.67845,1.69,1.02
12-08-2014,00:13:36.119,1.67855,1.67843,1,2.14
12-08-2014,00:13:36.624,1.67855,1.67843,1.19,1.77
12-08-2014,00:13:38.387,1.67855,1.67843,1.77,1.19
12-08-2014,00:13:40.399,1.67855,1.67843,1.02,1.19
12-08-2014,00:13:46.950,1.67855,1.67843,1.39,1
12-08-2014,00:13:48.943,1.67855,1.67843,1.39,1.19
12-08-2014,00:13:54.919,1.67855,1.67842,1.39,1.77
12-08-2014,00:13:55.950,1.67855,1.67842,1.39,2.52
12-08-2014,00:13:58.976,1.67855,1.67842,1.77,1.77
12-08-2014,00:13:59.959,1.67855,1.67842,1.77,2.52
12-08-2014,00:14:05.379,1.67853,1.67842,1.19,1.77
12-08-2014,00:14:06.343,1.67854,1.67842,1.39,1.77
12-08-2014,00:14:07.361,1.67855,1.67842,2.52,1.77
12-08-2014,00:14:08.372,1.67855,1.67842,2.52,2.52
12-08-2014,00:14:09.383,1.67855,1.67842,1.77,1.77
12-08-2014,00:14:10.049,1.67855,1.67845,1.58,1.19
12-08-2014,00:14:10.201,1.67858,1.67846,1,2.97
12-08-2014,00:14:10.404,1.67856,1.67846,1,1.09
12-08-2014,00:14:11.790,1.67856,1.67845,1.25,1.02
12-08-2014,00:14:12.406,1.67855,1.67843,1,2.89
12-08-2014,00:14:12.932,1.67854,1.67843,1.25,2.07
12-08-2014,00:14:13.492,1.67854,1.67843,1.13,1.19
12-08-2014,00:14:14.488,1.67854,1.67843,1.32,1.25
12-08-2014,00:14:18.067,1.67855,1.67843,1.39,1.19
12-08-2014,00:14:20.100,1.67858,1.67844,3.38,2.44
12-08-2014,00:14:20.151,1.67859,1.67846,1.32,1.39
12-08-2014,00:14:20.202,1.67859,1.67847,1.32,1.19
12-08-2014,00:14:20.505,1.67855,1.67845,1,1.74
12-08-2014,00:14:21.010,1.67854,1.67845,1,1.19
12-08-2014,00:14:21.111,1.67855,1.67842,1.19,2.89
12-08-2014,00:14:21.970,1.67854,1.67841,2.44,1.39
12-08-2014,00:14:22.474,1.67854,1.6784,2.44,1.84
12-08-2014,00:14:23.078,1.67853,1.6784,1.19,1.84
12-08-2014,00:14:23.584,1.67853,1.6784,1.69,1.47
12-08-2014,00:14:24.106,1.67853,1.6784,1.69,2.22
12-08-2014,00:14:26.132,1.67852,1.6784,1.19,1.74
12-08-2014,00:14:30.036,1.67852,1.67845,1.69,1
12-08-2014,00:14:30.137,1.67858,1.67846,1.58,1.29
12-08-2014,00:14:30.238,1.67858,1.67848,1.1,1.69
12-08-2014,00:14:30.441,1.67856,1.67845,1.25,1.39
12-08-2014,00:14:31.401,1.67857,1.67846,2.07,1.02
12-08-2014,00:14:32.437,1.67856,1.67843,1.77,4.09
12-08-2014,00:14:34.425,1.67857,1.67844,1.47,1.02
12-08-2014,00:14:35.520,1.67855,1.67843,1.09,1.19
12-08-2014,00:14:36.435,1.67855,1.67843,1.09,1.25
12-08-2014,00:14:39.429,1.67854,1.67843,1.32,1
12-08-2014,00:14:40.083,1.67854,1.67846,1.32,1.1
12-08-2014,00:14:40.134,1.67858,1.67846,5.07,2.22
12-08-2014,00:14:41.110,1.6786,1.67847,1.47,1.39
12-08-2014,00:14:42.133,1.67861,1.67848,4.02,1.69
12-08-2014,00:14:42.680,1.6786,1.67848,1.09,1.69
12-08-2014,00:15:08.168,1.6786,1.67849,1.02,1
12-08-2014,00:15:10.791,1.67861,1.67849,1.74,1
12-08-2014,00:15:19.484,1.6786,1.67846,1.39,3.27
12-08-2014,00:15:20.098,1.6786,1.67847,1.77,1.84
12-08-2014,00:15:28.232,1.6786,1.67847,3.27,1.09
12-08-2014,00:15:39.795,1.67861,1.67849,2.59,1
12-08-2014,00:15:40.317,1.67861,1.67848,1.84,1.02
12-08-2014,00:15:40.938,1.67861,1.67847,1.09,1.47
12-08-2014,00:15:41.478,1.67861,1.67847,1.77,1.39
12-08-2014,00:15:47.159,1.6786,1.67848,1.57,1.47
12-08-2014,00:15:58.580,1.67861,1.6785,2.52,1.69
12-08-2014,00:16:04.362,1.67863,1.67851,2.14,1.69
12-08-2014,00:16:05.585,1.67863,1.67852,1.2,1.19
12-08-2014,00:16:06.142,1.67864,1.67854,1.98,1.5
12-08-2014,00:16:06.193,1.67866,1.67854,3.27,1.5
12-08-2014,00:16:09.582,1.67864,1.67854,1.29,1
12-08-2014,00:16:10.108,1.67864,1.67853,1.29,1.25
12-08-2014,00:16:11.630,1.67863,1.67853,1.32,1
12-08-2014,00:16:11.936,1.67863,1.67855,1.32,1
12-08-2014,00:16:12.092,1.67863,1.67853,1.32,1
12-08-2014,00:16:12.592,1.67864,1.67853,1.02,1
12-08-2014,00:16:20.327,1.67865,1.67853,2.59,1.19
12-08-2014,00:16:21.338,1.67864,1.67853,1.39,1.25
12-08-2014,00:16:23.340,1.67865,1.67853,3.34,1.19
12-08-2014,00:16:26.319,1.67865,1.67853,1.09,1.19
12-08-2014,00:16:26.885,1.67865,1.67853,1.09,1.19
12-08-2014,00:16:28.011,1.67865,1.67853,1.84,1.19
12-08-2014,00:16:28.532,1.67865,1.67853,2.59,1.19
12-08-2014,00:16:29.354,1.67865,1.67853,1.84,1.25
12-08-2014,00:16:30.356,1.67865,1.67853,2.59,1.19
12-08-2014,00:16:31.325,1.67866,1.67853,1.84,1.69
12-08-2014,00:16:32.327,1.67866,1.67853,1.34,1.19
12-08-2014,00:16:33.360,1.67866,1.67853,1.84,1.69
12-08-2014,00:16:35.203,1.67865,1.67853,2.59,1.69
12-08-2014,00:16:35.304,1.67864,1.67853,1.69,1.25
12-08-2014,00:16:35.820,1.67864,1.67854,1.69,1
12-08-2014,00:16:36.328,1.67865,1.67854,2.59,1.25
12-08-2014,00:16:37.949,1.67865,1.67854,1.09,1.25
12-08-2014,00:16:42.299,1.67865,1.67854,1.84,1.25
12-08-2014,00:16:43.274,1.67865,1.67853,1.09,1.19
12-08-2014,00:16:44.282,1.67865,1.67852,1.47,1.69
12-08-2014,00:16:55.113,1.67866,1.67853,2.44,1.29
12-08-2014,00:16:56.387,1.67866,1.67852,2.44,1.84
12-08-2014,00:16:56.977,1.67866,1.67852,2.07,1.84
12-08-2014,00:16:59.488,1.67866,1.67852,2.07,1.37
12-08-2014,00:17:00.500,1.67866,1.67852,1.32,1.84
12-08-2014,00:17:01.522,1.67866,1.67853,2.07,1.29
12-08-2014,00:17:03.515,1.67866,1.67852,2.44,2.22
12-08-2014,00:17:04.492,1.67866,1.67853,3.94,1.29
12-08-2014,00:17:05.510,1.67865,1.67852,1.69,1.47
12-08-2014,00:17:12.165,1.67865,1.67852,1.39,1.19
12-08-2014,00:17:13.551,1.67864,1.67852,1.27,1.19
12-08-2014,00:17:16.534,1.67865,1.6785,4.02,4.02
12-08-2014,00:17:19.364,1.67865,1.67851,3.27,1.27
12-08-2014,00:17:24.328,1.67865,1.67851,3.94,1.02
12-08-2014,00:17:25.528,1.67864,1.67851,1.84,1.19
12-08-2014,00:18:04.920,1.67863,1.6785,1.02,1.84
12-08-2014,00:18:05.479,1.67863,1.6785,1.33,1.84
12-08-2014,00:18:07.946,1.67864,1.67852,3.27,1.19
12-08-2014,00:18:09.015,1.67863,1.67852,1.09,1.25
12-08-2014,00:18:18.008,1.67864,1.67853,2.52,1
12-08-2014,00:18:22.058,1.67863,1.67853,1.37,1
12-08-2014,00:18:25.048,1.67864,1.67853,3.27,1.25
12-08-2014,00:18:26.075,1.67863,1.67853,1.47,1
12-08-2014,00:18:27.556,1.67864,1.67853,3.27,1.25
12-08-2014,00:18:28.591,1.67864,1.67853,2.52,1.19
12-08-2014,00:18:31.555,1.67864,1.67851,2.89,1.69
12-08-2014,00:18:32.592,1.67863,1.67852,1.09,1.25
12-08-2014,00:18:33.451,1.67863,1.67854,1.09,1
12-08-2014,00:18:40.923,1.67864,1.67855,1.77,1
12-08-2014,00:18:43.092,1.67863,1.67854,2.22,1
12-08-2014,00:18:44.112,1.67863,1.67854,1.47,1
12-08-2014,00:18:48.593,1.67863,1.67854,2.15,1
12-08-2014,00:18:50.930,1.67863,1.67853,1.34,1.25
12-08-2014,00:18:56.603,1.67863,1.67853,2.59,1
12-08-2014,00:19:00.111,1.67862,1.67853,1.2,1.25
12-08-2014,00:19:01.153,1.67862,1.67852,1.2,2.44
12-08-2014,00:19:03.151,1.67864,1.67852,2.82,1.69
12-08-2014,00:19:04.153,1.67863,1.67852,1.15,1.69
12-08-2014,00:19:05.123,1.67863,1.67852,1.47,1.69
12-08-2014,00:19:12.026,1.67863,1.67852,1.33,2.44
12-08-2014,00:19:13.073,1.67863,1.67852,1.77,1.69
12-08-2014,00:19:15.353,1.67863,1.67852,2.08,1.69
12-08-2014,00:19:19.287,1.67861,1.67852,1,1.69
12-08-2014,00:19:20.266,1.67861,1.67852,1,1.5
12-08-2014,00:19:21.288,1.67861,1.67852,1,1.69
12-08-2014,00:19:34.282,1.67861,1.67852,1.25,1.69
12-08-2014,00:19:35.296,1.67863,1.67852,1.47,1.69
12-08-2014,00:19:36.082,1.67863,1.67852,1.39,1.69
12-08-2014,00:19:36.593,1.67863,1.67852,1.39,1.69
12-08-2014,00:19:38.282,1.67863,1.67853,1.02,1
12-08-2014,00:19:39.431,1.67863,1.67852,1.02,1.25
12-08-2014,00:19:40.025,1.67863,1.67852,1.39,1.25
12-08-2014,00:19:42.302,1.67863,1.67852,1.47,1.19
12-08-2014,00:19:48.651,1.67863,1.67854,1.47,1
12-08-2014,00:19:55.262,1.67863,1.67855,1.65,1
12-08-2014,00:20:08.937,1.67862,1.67851,1.02,1.69
12-08-2014,00:20:09.865,1.67862,1.67852,1.1,1.19
12-08-2014,00:20:11.882,1.67862,1.67851,1.02,1.69
12-08-2014,00:20:16.876,1.67862,1.67851,1.02,1.25
12-08-2014,00:20:17.390,1.67862,1.67853,1.1,1
12-08-2014,00:20:18.174,1.67862,1.67851,1.1,1.19
12-08-2014,00:20:18.692,1.67862,1.67853,1.1,1
12-08-2014,00:20:22.114,1.67862,1.6785,1.1,2.14
12-08-2014,00:20:22.904,1.67862,1.67854,1.1,1
12-08-2014,00:20:23.430,1.67862,1.67852,1.02,1
12-08-2014,00:20:23.993,1.67862,1.67852,1.02,1.19
12-08-2014,00:20:26.638,1.67862,1.67854,1.02,1
12-08-2014,00:20:27.007,1.67862,1.67851,1.02,1.25
12-08-2014,00:20:27.867,1.67862,1.67851,1.77,1.25
12-08-2014,00:20:28.372,1.67862,1.67852,1.58,1.25
12-08-2014,00:20:29.590,1.67862,1.67853,2.33,1
12-08-2014,00:20:47.001,1.67862,1.67854,3.27,1
12-08-2014,00:20:47.306,1.67862,1.67851,2.52,1.25
12-08-2014,00:20:49.269,1.67862,1.67851,2.52,1.19
12-08-2014,00:20:50.228,1.67862,1.67851,2.89,1.25
12-08-2014,00:20:51.074,1.67863,1.67851,1.02,1.19
12-08-2014,00:20:51.529,1.67863,1.67851,2.44,1.19
12-08-2014,00:20:52.033,1.67862,1.67851,1.3,1.69
12-08-2014,00:20:55.373,1.67862,1.67854,1.77,1
12-08-2014,00:20:55.552,1.67862,1.67848,1.77,4.02
12-08-2014,00:20:56.057,1.67863,1.67848,2.22,2.52
12-08-2014,00:20:56.562,1.67861,1.67848,1.19,2.52
12-08-2014,00:21:00.665,1.6786,1.67847,1.77,3.19
12-08-2014,00:21:04.161,1.67861,1.67848,1.84,1.57
12-08-2014,00:21:13.574,1.67861,1.67847,1.84,1.69
12-08-2014,00:21:14.093,1.67861,1.67847,1.84,1.69
12-08-2014,00:21:14.599,1.6786,1.67848,1.09,1.57
12-08-2014,00:21:15.679,1.6786,1.67847,1.09,2.44
12-08-2014,00:21:16.557,1.67862,1.67847,3.19,2.07
12-08-2014,00:21:28.116,1.67861,1.67848,1.47,2.07
12-08-2014,00:21:29.289,1.67859,1.67848,1.19,1.38
12-08-2014,00:21:29.340,1.67859,1.67847,1.19,1.88
12-08-2014,00:21:29.796,1.67855,1.67845,1,3.19
12-08-2014,00:21:30.308,1.67854,1.67844,1,1.69
12-08-2014,00:21:30.901,1.67853,1.67844,1,1.69
12-08-2014,00:21:31.003,1.67852,1.67844,1.13,1
12-08-2014,00:21:31.053,1.67852,1.67844,1.95,1
12-08-2014,00:21:31.104,1.67852,1.6784,2.89,1
12-08-2014,00:21:31.610,1.67849,1.67839,1,1.25
12-08-2014,00:21:32.288,1.67849,1.67839,1.69,1
12-08-2014,00:21:32.805,1.67848,1.67836,1.19,1.77
12-08-2014,00:21:33.311,1.67847,1.67836,1.19,1.77
12-08-2014,00:21:33.361,1.67847,1.67836,1.19,1.02
12-08-2014,00:21:36.293,1.67848,1.67836,2.14,1.29
12-08-2014,00:21:37.329,1.67848,1.67836,1.39,1.02
12-08-2014,00:21:38.412,1.67848,1.67836,2.14,1.29
12-08-2014,00:21:39.430,1.67848,1.67837,1.39,1.19
12-08-2014,00:21:43.438,1.67848,1.67837,1.77,1.25
12-08-2014,00:21:51.031,1.67847,1.67837,1.29,1
12-08-2014,00:21:53.032,1.67847,1.67837,1.39,1
12-08-2014,00:22:01.573,1.67847,1.67838,1.39,1
12-08-2014,00:22:06.462,1.67847,1.67838,2.14,1
12-08-2014,00:22:07.482,1.67847,1.67838,1.39,1
12-08-2014,00:22:08.449,1.67847,1.67838,1.39,1
12-08-2014,00:22:09.476,1.67847,1.67838,1.39,1
12-08-2014,00:22:10.454,1.67847,1.67838,1.39,1
12-08-2014,00:22:11.503,1.67847,1.67838,1.39,1
12-08-2014,00:22:16.504,1.67847,1.67837,1.39,1
12-08-2014,00:22:17.409,1.67847,1.67837,1.77,1
12-08-2014,00:22:18.283,1.67847,1.67837,2.52,1
12-08-2014,00:22:19.296,1.67847,1.67837,1.77,1
12-08-2014,00:22:26.521,1.67847,1.67837,2.52,1
12-08-2014,00:22:48.466,1.67846,1.67837,1.47,1
12-08-2014,00:22:49.442,1.67847,1.67837,4.02,1
12-08-2014,00:22:58.466,1.67846,1.67837,1.37,1
12-08-2014,00:22:59.483,1.67847,1.67837,2.89,1
12-08-2014,00:23:09.549,1.67847,1.67836,2.52,1.25
12-08-2014,00:23:19.974,1.67845,1.67835,1.3,1.19
12-08-2014,00:23:20.988,1.67845,1.67835,1.02,1.25
12-08-2014,00:23:22.432,1.67844,1.67835,1.37,1
12-08-2014,00:23:22.634,1.67841,1.67832,2.52,1
12-08-2014,00:23:22.786,1.67839,1.67831,1.3,1
12-08-2014,00:23:22.888,1.67841,1.6783,4.02,1
12-08-2014,00:23:23.091,1.67838,1.67827,1.19,2.33
12-08-2014,00:23:23.142,1.67838,1.67826,1.32,1.09
12-08-2014,00:23:23.666,1.67836,1.67824,1,4.84
12-08-2014,00:23:24.302,1.67836,1.67826,1,1.19
12-08-2014,00:23:24.812,1.67838,1.67829,1.37,1
12-08-2014,00:23:27.171,1.67838,1.67828,1.37,1.25
12-08-2014,00:23:27.678,1.67838,1.67829,1.37,1
12-08-2014,00:23:30.245,1.67838,1.67831,1.18,1
12-08-2014,00:23:30.551,1.67838,1.67829,1.18,1
12-08-2014,00:23:31.015,1.67838,1.67831,1.18,1
12-08-2014,00:23:39.152,1.67838,1.67831,1.25,1
12-08-2014,00:23:40.137,1.67838,1.67831,1.19,1
12-08-2014,00:23:43.155,1.67838,1.67831,1.25,1
12-08-2014,00:23:52.359,1.67838,1.67833,1,1
12-08-2014,00:23:52.460,1.67842,1.67833,3,1
12-08-2014,00:23:52.562,1.67842,1.67838,1,1
12-08-2014,00:23:52.663,1.67842,1.67836,1,1.25
12-08-2014,00:23:52.765,1.67845,1.67836,1.69,1.25
12-08-2014,00:23:53.271,1.67846,1.67837,1.19,1
12-08-2014,00:23:53.322,1.67846,1.67839,1.19,1
12-08-2014,00:23:53.827,1.67848,1.67839,1.77,1
12-08-2014,00:23:55.505,1.67848,1.67837,1.77,1.25
12-08-2014,00:23:56.016,1.67848,1.67838,2.52,1
12-08-2014,00:23:56.685,1.67848,1.67838,1.77,1
12-08-2014,00:23:57.516,1.67848,1.67839,1.77,1
12-08-2014,00:24:01.089,1.67847,1.67839,1.32,1
12-08-2014,00:24:21.606,1.67847,1.67839,1.08,1.19
12-08-2014,00:24:21.657,1.67849,1.67839,1.58,1.57
12-08-2014,00:24:21.859,1.67851,1.67839,1.32,1.47
12-08-2014,00:24:22.323,1.67852,1.6784,1.39,4.77
12-08-2014,00:24:32.411,1.67852,1.6784,1.2,5.52
12-08-2014,00:24:37.436,1.67852,1.67841,1.39,1.32
12-08-2014,00:24:40.441,1.67852,1.6784,1.39,4.02
12-08-2014,00:24:43.445,1.67852,1.6784,1.13,4.77
12-08-2014,00:24:48.121,1.67853,1.67841,2.14,1.77
12-08-2014,00:24:48.273,1.67854,1.67842,2.44,1.02
12-08-2014,00:24:48.777,1.67855,1.67844,1.19,1.27
12-08-2014,00:24:49.282,1.67855,1.67846,1.19,1
12-08-2014,00:24:49.787,1.67855,1.67843,1.19,1.39
12-08-2014,00:24:49.888,1.67855,1.67841,1.29,6.19
12-08-2014,00:24:50.631,1.67855,1.67841,1.77,4.02
12-08-2014,00:24:54.120,1.67855,1.67842,1.39,3.34
12-08-2014,00:24:55.132,1.67855,1.67842,1.67,2.59
12-08-2014,00:24:55.747,1.67855,1.67843,1.29,1.02
12-08-2014,00:24:57.126,1.67855,1.67843,1.39,2.52
12-08-2014,00:24:57.631,1.67856,1.67845,1.69,1
12-08-2014,00:24:57.682,1.67857,1.67847,3.19,1
12-08-2014,00:24:58.972,1.67857,1.67847,1.69,1
12-08-2014,00:25:00.955,1.67857,1.67847,2.44,1
12-08-2014,00:25:02.174,1.67856,1.67847,1.32,1
12-08-2014,00:25:02.395,1.67855,1.67845,1,1.32
12-08-2014,00:25:02.941,1.67855,1.67845,1.25,1.32
12-08-2014,00:25:04.888,1.67855,1.67844,1.69,1.09
12-08-2014,00:25:05.888,1.67854,1.67842,2.44,2.52
12-08-2014,00:25:07.855,1.67853,1.67842,1.19,2.52
12-08-2014,00:25:08.886,1.67854,1.67842,1.69,2.52
12-08-2014,00:25:09.391,1.67854,1.67841,1.69,4.09
12-08-2014,00:25:10.909,1.67854,1.67842,1.69,2.52
12-08-2014,00:25:11.898,1.67854,1.67842,1.19,3.27
12-08-2014,00:25:12.892,1.67854,1.67842,1.25,2.52
12-08-2014,00:25:17.901,1.67854,1.67843,1.25,1.57
12-08-2014,00:25:18.871,1.67854,1.67842,1,3.27
12-08-2014,00:25:19.277,1.67854,1.67845,1.19,1
12-08-2014,00:25:19.788,1.67854,1.67842,1.69,2.52
12-08-2014,00:25:20.498,1.67854,1.67842,2.07,2.33
12-08-2014,00:25:21.426,1.67854,1.67842,1.32,2.52
12-08-2014,00:25:30.040,1.67854,1.67842,1.13,2.52
12-08-2014,00:25:30.400,1.67856,1.67844,2.04,1.19
12-08-2014,00:25:35.639,1.67854,1.67844,1.69,1
12-08-2014,00:25:36.144,1.67854,1.67842,1.69,2.14
12-08-2014,00:25:36.656,1.67854,1.67842,1.19,2.14
12-08-2014,00:25:38.618,1.67854,1.67844,1.19,1
12-08-2014,00:25:40.071,1.67854,1.67841,1.69,2.59
12-08-2014,00:25:44.304,1.67852,1.67841,1,2.59
12-08-2014,00:25:44.355,1.67849,1.6784,1,3.08
12-08-2014,00:25:44.508,1.67848,1.6784,1.25,2.25
12-08-2014,00:25:45.055,1.67848,1.67838,1.25,3.19
12-08-2014,00:25:46.264,1.67848,1.67839,1.25,2.52
12-08-2014,00:25:49.310,1.67849,1.67838,1,4.09
12-08-2014,00:25:51.699,1.67849,1.67841,1.25,1
12-08-2014,00:25:57.888,1.67849,1.67841,1,2.44
12-08-2014,00:25:59.252,1.67849,1.67841,1,2.25
12-08-2014,00:25:59.656,1.67852,1.67843,1.32,1
12-08-2014,00:25:59.910,1.67852,1.67841,1.32,3
12-08-2014,00:26:00.162,1.67854,1.67842,2.22,1.13
12-08-2014,00:26:00.365,1.67855,1.67844,1.39,1
12-08-2014,00:26:00.820,1.67852,1.67842,3,1.33
12-08-2014,00:26:01.124,1.67849,1.67841,1.19,1.48
12-08-2014,00:26:02.235,1.67849,1.6784,1.19,3.75
12-08-2014,00:26:02.978,1.67849,1.6784,1,3.75
12-08-2014,00:26:08.216,1.67849,1.67841,1,1
12-08-2014,00:26:11.086,1.67849,1.67841,1,1.19
12-08-2014,00:26:11.599,1.67849,1.67841,1,2.25
12-08-2014,00:26:13.096,1.67849,1.67841,1.19,2.25
12-08-2014,00:26:13.602,1.67849,1.67839,1.19,2.44
12-08-2014,00:26:19.016,1.67849,1.67839,1,2.44
12-08-2014,00:26:19.533,1.67849,1.67839,1.19,3.34
12-08-2014,00:26:20.055,1.67849,1.67841,1.19,1
12-08-2014,00:26:21.128,1.67849,1.67841,1.25,1
12-08-2014,00:26:22.139,1.67849,1.67841,1.19,1
12-08-2014,00:26:23.133,1.67849,1.67841,1.25,1
12-08-2014,00:26:24.848,1.67849,1.67841,1,1.19
12-08-2014,00:26:25.821,1.67849,1.6784,1,1.19
12-08-2014,00:26:26.840,1.67849,1.6784,1,1.25
12-08-2014,00:26:27.858,1.67849,1.6784,1,1.19
12-08-2014,00:26:28.362,1.67849,1.6784,1,1
12-08-2014,00:26:31.604,1.67849,1.67841,1,1
12-08-2014,00:26:32.112,1.6785,1.67841,3,1
12-08-2014,00:26:32.314,1.67848,1.67841,1,1
12-08-2014,00:27:04.848,1.67848,1.6784,1,2.44
12-08-2014,00:27:04.899,1.67853,1.6784,2.14,2.44
12-08-2014,00:27:05.404,1.67854,1.6784,1.84,2.59
12-08-2014,00:27:05.858,1.67854,1.67842,1.84,2.25
12-08-2014,00:27:06.930,1.67854,1.67842,1.37,2.44
12-08-2014,00:27:08.205,1.67851,1.67842,1.29,2.25
12-08-2014,00:27:08.256,1.67851,1.6784,1.39,2.44
12-08-2014,00:27:08.307,1.67848,1.6784,1.25,2.25
12-08-2014,00:27:08.612,1.67848,1.67838,1.25,1.69
12-08-2014,00:27:12.957,1.67848,1.67838,1,2.44
12-08-2014,00:27:15.947,1.67848,1.67839,1,1.32
12-08-2014,00:27:19.047,1.67848,1.67838,1,2.44
12-08-2014,00:27:20.825,1.67848,1.6784,1,1.32
12-08-2014,00:27:22.069,1.67848,1.67838,1,3.19
12-08-2014,00:27:23.852,1.67848,1.67838,1,3.19
12-08-2014,00:27:27.059,1.67848,1.67838,1,3.94
12-08-2014,00:27:28.669,1.67848,1.67838,1,3.34
12-08-2014,00:27:29.377,1.67848,1.67839,1,1.39
12-08-2014,00:27:33.871,1.67848,1.67841,1,1.19
12-08-2014,00:27:39.994,1.67848,1.67841,1,1.19
12-08-2014,00:27:42.591,1.67848,1.67839,1,2.33
12-08-2014,00:27:51.493,1.67848,1.67839,1,3.27
12-08-2014,00:27:52.497,1.67848,1.67839,1,2.52
12-08-2014,00:28:01.507,1.67848,1.67839,1,1.77
12-08-2014,00:28:05.816,1.67848,1.67838,1.25,2.4
12-08-2014,00:28:06.363,1.67848,1.67837,1.25,3.27
12-08-2014,00:28:08.954,1.6785,1.67838,1.69,2.4
12-08-2014,00:28:11.948,1.6785,1.67837,1.69,4.02
12-08-2014,00:28:14.702,1.6785,1.67839,1.69,2.33
12-08-2014,00:28:20.873,1.67849,1.67838,1.19,2.59
12-08-2014,00:28:22.735,1.67849,1.67838,1.19,1.09
12-08-2014,00:28:38.411,1.6785,1.67837,2.59,2.52
12-08-2014,00:28:39.421,1.67849,1.67837,1.29,2.52
12-08-2014,00:28:49.454,1.6785,1.67837,1.65,2.52
12-08-2014,00:28:50.019,1.6785,1.67838,1.84,1.69
12-08-2014,00:28:59.147,1.6785,1.67837,1.65,2.52
12-08-2014,00:28:59.683,1.67849,1.67837,1.29,2.52
12-08-2014,00:29:00.492,1.67847,1.67837,1,2.52
12-08-2014,00:29:00.998,1.67849,1.67837,1.29,2.52
12-08-2014,00:29:02.330,1.67849,1.67838,1.29,2.25
12-08-2014,00:29:03.359,1.6785,1.67838,2.59,2.25
12-08-2014,00:29:04.919,1.6785,1.67839,1.84,2.25
12-08-2014,00:29:07.264,1.6785,1.67838,1.84,1.5
12-08-2014,00:29:07.770,1.67847,1.67837,1,2.44
12-08-2014,00:29:08.656,1.67849,1.67837,1.19,2.44
12-08-2014,00:29:10.406,1.67847,1.67837,1,2.25
12-08-2014,00:29:11.386,1.6785,1.67837,1.77,2.44
12-08-2014,00:29:14.901,1.67848,1.67837,1.19,2.44
12-08-2014,00:29:15.406,1.67848,1.67838,1.19,2.59
12-08-2014,00:29:18.339,1.67848,1.67837,1.19,2.44
12-08-2014,00:29:19.813,1.67848,1.67836,3.72,2.25
12-08-2014,00:29:19.864,1.67847,1.67833,1.39,2.89
12-08-2014,00:29:20.218,1.67845,1.67832,1.77,3.27
12-08-2014,00:29:20.723,1.67844,1.67832,2.82,1.19
12-08-2014,00:29:21.498,1.67844,1.6783,2.82,3.94
12-08-2014,00:29:22.479,1.67844,1.67831,3.57,1.32
12-08-2014,00:29:22.580,1.67844,1.6783,3.57,3.19
12-08-2014,00:29:22.631,1.6784,1.6783,1.1,1.32
12-08-2014,00:29:22.935,1.67839,1.67828,1.2,1.32
12-08-2014,00:29:23.806,1.67839,1.67828,1.32,1.32
12-08-2014,00:29:23.857,1.67839,1.67828,1.39,1.32
12-08-2014,00:29:30.587,1.67839,1.67828,1.47,1.32
12-08-2014,00:29:30.638,1.67836,1.67825,1,2.52
12-08-2014,00:29:30.943,1.67834,1.67825,1.1,2.25
12-08-2014,00:29:30.994,1.67834,1.67822,1.1,2.14
12-08-2014,00:29:31.045,1.67832,1.67822,1,1.39
12-08-2014,00:29:31.351,1.67832,1.67818,3.94,2.82
12-08-2014,00:29:33.536,1.67831,1.67819,1.34,1.19
12-08-2014,00:29:34.456,1.67829,1.67819,1.23,1.19
12-08-2014,00:29:34.962,1.6783,1.67818,1.98,1.69
12-08-2014,00:29:40.324,1.67831,1.67818,1.09,1.69
12-08-2014,00:29:40.881,1.6783,1.67818,2.14,1.19
12-08-2014,00:29:42.850,1.6783,1.67827,1.58,1
12-08-2014,00:29:42.952,1.6783,1.67827,1,1.13
12-08-2014,00:29:43.463,1.67831,1.67823,1,2.07
12-08-2014,00:29:43.767,1.67831,1.67821,1.25,1.5
12-08-2014,00:29:43.969,1.67831,1.67821,1.37,1
12-08-2014,00:29:44.474,1.67831,1.67818,2.82,1.69
12-08-2014,00:29:44.976,1.6783,1.67818,1.34,1.19
12-08-2014,00:29:49.988,1.67829,1.67818,1.39,1.25
12-08-2014,00:29:50.493,1.67828,1.67816,1.77,1.19
12-08-2014,00:29:51.049,1.67827,1.67815,1.37,1.19
12-08-2014,00:29:51.353,1.67822,1.67813,1,1.84
12-08-2014,00:29:51.606,1.67824,1.67812,1.25,1.77
12-08-2014,00:29:51.657,1.67823,1.67812,1.19,1.1
12-08-2014,00:29:51.960,1.67824,1.67812,1.69,1.77
12-08-2014,00:29:52.162,1.67826,1.67814,2.44,1.29
12-08-2014,00:29:52.264,1.67826,1.67815,2.44,1.3
12-08-2014,00:29:52.466,1.67827,1.67819,1,1.09
12-08-2014,00:29:52.567,1.6783,1.67819,1.69,1.09
12-08-2014,00:29:52.719,1.67831,1.6782,1.19,1.5
12-08-2014,00:29:52.871,1.67832,1.67821,1.69,1.77
12-08-2014,00:29:53.478,1.67833,1.67823,1.19,1.08
12-08-2014,00:29:53.984,1.67833,1.67823,1.69,1.08
12-08-2014,00:29:56.867,1.67833,1.67823,1.19,1.08
12-08-2014,00:29:57.018,1.67833,1.67821,1.19,1.77
12-08-2014,00:29:57.069,1.67832,1.67821,1.19,1.08
12-08-2014,00:29:57.120,1.67832,1.67819,1.19,3.75
12-08-2014,00:29:57.171,1.67829,1.67819,1.19,3
12-08-2014,00:29:57.233,1.67829,1.67819,1.19,1.65
12-08-2014,00:29:58.195,1.67828,1.67817,1.19,1.69
12-08-2014,00:30:01.583,1.67823,1.67815,1,1.29
12-08-2014,00:30:01.684,1.67824,1.67814,1,1.09
12-08-2014,00:30:01.886,1.67821,1.67813,1,2.7
12-08-2014,00:30:02.038,1.67821,1.67813,1,1.13
12-08-2014,00:30:02.492,1.67823,1.67813,1.25,1.39
12-08-2014,00:30:03.007,1.67825,1.67815,1.77,1
12-08-2014,00:30:03.470,1.67825,1.67814,1.02,1.25
12-08-2014,00:30:04.005,1.67826,1.67814,1.33,1.19
12-08-2014,00:30:04.510,1.67828,1.67816,2.52,1
12-08-2014,00:30:07.045,1.67828,1.67815,1.77,1.25
12-08-2014,00:30:11.089,1.67827,1.67815,1.19,1.19
12-08-2014,00:30:13.135,1.67827,1.67815,1.19,1
12-08-2014,00:30:14.109,1.67827,1.67815,1.19,1.19
12-08-2014,00:30:17.231,1.67828,1.67815,1.77,1.19
12-08-2014,00:30:21.623,1.67827,1.67815,1.19,1.19
12-08-2014,00:30:30.045,1.67825,1.67816,1.19,1
12-08-2014,00:30:30.147,1.67822,1.67812,2.07,6.08
12-08-2014,00:30:30.551,1.67821,1.67812,1,3.75
12-08-2014,00:30:31.359,1.67821,1.67809,1,2.44
12-08-2014,00:30:31.865,1.6782,1.67809,1.25,1.69
12-08-2014,00:30:39.440,1.67821,1.67809,1.19,1.69
12-08-2014,00:30:40.461,1.67822,1.67809,3.34,1.69
12-08-2014,00:30:40.973,1.67822,1.67809,3.34,4.69
12-08-2014,00:30:41.509,1.67821,1.67809,1.19,4.69
12-08-2014,00:30:41.812,1.67821,1.67813,1.19,1.1
12-08-2014,00:30:41.863,1.67822,1.67813,1,1.1
12-08-2014,00:30:42.165,1.67827,1.67814,2.82,1.84
12-08-2014,00:30:59.657,1.67827,1.67815,1.19,1
12-08-2014,00:31:00.290,1.67828,1.67815,3.27,1.32
12-08-2014,00:31:07.431,1.67828,1.67815,4.02,1.32
12-08-2014,00:31:07.958,1.67826,1.67815,1.3,1.32
12-08-2014,00:31:10.057,1.67827,1.67815,1.27,1
12-08-2014,00:31:15.031,1.67828,1.67815,3.19,1.02
12-08-2014,00:31:18.210,1.67825,1.67813,1,2.52
12-08-2014,00:31:19.861,1.67822,1.67814,1,1.47
12-08-2014,00:31:20.013,1.67824,1.67814,1,1.47
12-08-2014,00:31:20.539,1.67825,1.67813,1,2.52
12-08-2014,00:31:23.287,1.67825,1.67814,1.25,1.47
12-08-2014,00:31:24.238,1.67825,1.67813,1.19,2.52
12-08-2014,00:31:27.484,1.67823,1.67813,1,1.84
12-08-2014,00:31:29.267,1.67823,1.67812,1,2.59
12-08-2014,00:31:30.287,1.67823,1.67813,1,1.47
12-08-2014,00:31:33.783,1.67823,1.67813,1,2.14
12-08-2014,00:31:34.290,1.67825,1.67814,1.19,1.27
12-08-2014,00:31:34.834,1.67825,1.67814,1.25,1.33
12-08-2014,00:31:36.160,1.67824,1.67814,1,1.27
12-08-2014,00:31:36.670,1.67823,1.67814,1,1.27
12-08-2014,00:31:37.177,1.67824,1.67814,1,1.27
12-08-2014,00:31:37.915,1.67825,1.67814,1,1.77
12-08-2014,00:31:38.422,1.67827,1.67814,1.69,1.77
12-08-2014,00:31:39.725,1.67827,1.67814,1.69,2.52
12-08-2014,00:31:40.263,1.67826,1.67814,1,2.52
12-08-2014,00:31:40.774,1.67825,1.67814,1,2.52
12-08-2014,00:31:41.321,1.67825,1.67816,1,1.29
12-08-2014,00:31:42.107,1.67825,1.67814,1,2.52
12-08-2014,00:31:45.384,1.67824,1.67815,1,1.39
12-08-2014,00:31:52.112,1.67823,1.67815,1,1.39
12-08-2014,00:31:52.314,1.67825,1.67815,1.25,1.39
12-08-2014,00:31:52.718,1.67824,1.67814,2.59,3.75
12-08-2014,00:31:53.426,1.67824,1.67814,1.09,4.69
12-08-2014,00:31:53.931,1.67824,1.67814,1.25,1.19
12-08-2014,00:31:54.445,1.67822,1.67814,1,1.19
12-08-2014,00:31:54.648,1.67824,1.67814,1.25,1.19
12-08-2014,00:31:56.444,1.67825,1.67812,1.69,1.47
12-08-2014,00:31:57.420,1.67825,1.67814,1.19,1.19
12-08-2014,00:31:58.430,1.67825,1.67813,1,1.47
12-08-2014,00:31:58.971,1.67824,1.67814,1,4.09
12-08-2014,00:31:59.522,1.67824,1.67814,1,4.84
12-08-2014,00:32:00.044,1.67826,1.67814,1.19,4.84
12-08-2014,00:32:01.455,1.67823,1.67814,1,1.39
12-08-2014,00:32:01.888,1.67821,1.67815,1,1.19
12-08-2014,00:32:02.440,1.67821,1.67816,1,1.19
12-08-2014,00:32:03.796,1.6782,1.67816,1,1.19
12-08-2014,00:32:04.301,1.6782,1.67816,1,1.19
12-08-2014,00:32:04.806,1.6782,1.67816,1,1.19
12-08-2014,00:32:05.333,1.67823,1.67816,1,1.19
12-08-2014,00:32:05.737,1.6782,1.67816,1,1.19
12-08-2014,00:32:06.886,1.6782,1.67818,1,1.25
12-08-2014,00:32:07.400,1.67823,1.67818,1,1.25
12-08-2014,00:32:10.365,1.67822,1.67812,1,1.5
12-08-2014,00:32:10.516,1.6782,1.67813,1,1.27
12-08-2014,00:32:11.021,1.67819,1.67813,1,1.19
12-08-2014,00:32:11.861,1.67819,1.67812,1.5,1.19
12-08-2014,00:32:12.878,1.67819,1.67811,1.5,1.19
12-08-2014,00:32:13.391,1.67818,1.67811,1,1.19
12-08-2014,00:32:16.352,1.67818,1.67809,1,3.94
12-08-2014,00:32:18.117,1.67818,1.67808,1.25,3.94
12-08-2014,00:32:21.128,1.67817,1.67808,1,3.75
12-08-2014,00:32:23.935,1.6782,1.67808,2.59,3.94
12-08-2014,00:32:24.460,1.6782,1.67808,3.34,3.94
12-08-2014,00:32:26.099,1.67817,1.67808,1,3.94
12-08-2014,00:32:27.681,1.67817,1.67806,1,2.59
12-08-2014,00:32:27.884,1.67816,1.67806,1.19,1.09
12-08-2014,00:32:28.450,1.67815,1.67804,1.25,1.39
12-08-2014,00:32:28.969,1.67815,1.67803,1.19,2.52
12-08-2014,00:32:32.912,1.67815,1.67803,1.69,1.39
12-08-2014,00:32:33.876,1.67815,1.67804,1.25,1.27
12-08-2014,00:32:34.399,1.67814,1.67805,1,1.02
12-08-2014,00:32:34.915,1.67813,1.67805,1,1.02
12-08-2014,00:32:36.614,1.67813,1.67803,1.5,1.02
12-08-2014,00:32:37.941,1.67812,1.67802,1,3.27
12-08-2014,00:32:39.376,1.67812,1.67803,1,3.19
12-08-2014,00:32:39.529,1.67812,1.67806,1,1
12-08-2014,00:32:40.041,1.67813,1.67806,1,1.69
12-08-2014,00:32:40.143,1.67815,1.67807,1,1.13
12-08-2014,00:32:40.400,1.67814,1.67807,1,1.32
12-08-2014,00:32:40.951,1.67813,1.67807,1,1.32
12-08-2014,00:32:41.461,1.67813,1.67806,1,2.07
12-08-2014,00:32:43.104,1.67813,1.67805,1,1.57
12-08-2014,00:32:45.272,1.67813,1.67804,1,1.67
12-08-2014,00:32:46.132,1.67813,1.67804,1,2.14
12-08-2014,00:32:46.547,1.67815,1.67804,1.25,2.14
12-08-2014,00:32:46.648,1.67816,1.67807,1.58,1.19
12-08-2014,00:32:46.952,1.67814,1.67807,1,1.19
12-08-2014,00:32:48.749,1.67818,1.67807,1,1.19
12-08-2014,00:32:48.800,1.67818,1.67811,1,2.25
12-08-2014,00:32:49.154,1.6782,1.6781,1,2.07
12-08-2014,00:32:49.663,1.67823,1.67811,3.27,1.77
12-08-2014,00:32:50.901,1.67824,1.67811,3.27,1.77
12-08-2014,00:32:51.253,1.67824,1.67811,3.27,1.02
12-08-2014,00:32:53.246,1.67824,1.67811,2.52,1.29
12-08-2014,00:32:53.858,1.67824,1.67816,1.08,1.38
12-08-2014,00:32:53.959,1.67826,1.67816,1.25,1.63
12-08-2014,00:32:54.213,1.67825,1.67814,1.48,1.19
12-08-2014,00:32:54.263,1.67824,1.67813,1.32,1.02
12-08-2014,00:32:54.770,1.67824,1.67811,4.09,2.89
12-08-2014,00:32:58.103,1.67821,1.67811,1,1.77
12-08-2014,00:32:58.259,1.67821,1.67811,1,1.02
12-08-2014,00:32:59.267,1.67821,1.67811,1.25,1.29
12-08-2014,00:32:59.369,1.67824,1.67813,1.84,3.94
12-08-2014,00:32:59.572,1.67825,1.67814,1.25,1.84
12-08-2014,00:32:59.673,1.67822,1.67813,1,3.83
12-08-2014,00:32:59.774,1.67822,1.67811,1,1.88
12-08-2014,00:33:00.128,1.67822,1.67811,3.15,1
12-08-2014,00:33:00.684,1.67821,1.67811,1.02,1.19
12-08-2014,00:33:01.340,1.67822,1.67811,1.84,1.19
12-08-2014,00:33:05.756,1.67822,1.67811,1.09,1.25
12-08-2014,00:33:10.261,1.67821,1.67811,1.29,1.69
12-08-2014,00:33:12.312,1.67821,1.67811,1.02,1.5
12-08-2014,00:33:16.349,1.67821,1.67813,1.02,1
12-08-2014,00:33:18.359,1.6782,1.67813,1,1
12-08-2014,00:33:18.663,1.6782,1.6781,3.19,3.75
12-08-2014,00:33:19.117,1.67817,1.67809,1,1.02
12-08-2014,00:33:21.720,1.67817,1.67809,1,1.02
12-08-2014,00:33:23.549,1.67817,1.67809,1.25,1.18
12-08-2014,00:33:27.632,1.67817,1.67808,1,1.39
12-08-2014,00:33:28.578,1.67818,1.67807,1,1.84
12-08-2014,00:33:29.082,1.67818,1.67805,2.44,1.09
12-08-2014,00:33:29.632,1.67818,1.67805,2.44,1.69
12-08-2014,00:33:30.137,1.67818,1.67805,3.19,1.77
12-08-2014,00:33:40.553,1.67815,1.67805,1,1.39
12-08-2014,00:33:42.761,1.67817,1.67805,1.25,1.39
12-08-2014,00:33:50.527,1.67818,1.67805,1.32,1.47
12-08-2014,00:33:51.069,1.67818,1.67805,2.07,1.47
12-08-2014,00:33:51.622,1.67818,1.67804,3.19,3.34
12-08-2014,00:33:53.766,1.67818,1.67804,2.44,4.09
12-08-2014,00:33:54.792,1.67817,1.67804,2.07,3.34
12-08-2014,00:33:56.914,1.67816,1.67804,1.25,2.52
12-08-2014,00:33:57.463,1.67816,1.67803,1.25,4.77
12-08-2014,00:33:58.893,1.67816,1.67804,1,2.14
12-08-2014,00:34:00.900,1.67816,1.67804,1.32,2.52
12-08-2014,00:34:05.921,1.67816,1.67805,1.25,1.02
12-08-2014,00:34:06.920,1.67816,1.67805,1.19,1.02
12-08-2014,00:34:11.729,1.67816,1.67803,2.89,1.32
12-08-2014,00:34:11.932,1.67815,1.67803,1.19,2.14
12-08-2014,00:34:12.769,1.67815,1.67803,1.19,4.02
12-08-2014,00:34:14.263,1.67815,1.67803,1.19,4.02
12-08-2014,00:34:14.821,1.67815,1.67803,1.69,4.02
12-08-2014,00:34:15.943,1.67815,1.67805,1.25,1.02
12-08-2014,00:34:18.949,1.67815,1.67804,1,2.59
12-08-2014,00:34:19.918,1.67815,1.67805,1,1.39
12-08-2014,00:34:20.842,1.67815,1.67804,1.02,2.44
12-08-2014,00:34:21.354,1.67815,1.67803,1.02,3.27
12-08-2014,00:34:21.864,1.67815,1.67803,1.1,4.02
12-08-2014,00:34:22.840,1.67815,1.67803,1.02,3.27
12-08-2014,00:34:23.865,1.67815,1.67803,1.29,3.27
12-08-2014,00:34:24.526,1.67815,1.67804,1.1,1.32
12-08-2014,00:34:24.833,1.67815,1.67807,1,1.19
12-08-2014,00:34:28.571,1.67815,1.67805,1,1.32
12-08-2014,00:34:29.552,1.67815,1.67805,1,1.32
12-08-2014,00:34:29.956,1.67815,1.67807,1.5,1.19
12-08-2014,00:34:30.339,1.67813,1.67807,1,1.19
12-08-2014,00:34:30.389,1.67815,1.67807,1.5,1.19
12-08-2014,00:34:30.927,1.67815,1.67806,1.5,1.19
12-08-2014,00:34:42.585,1.67814,1.67806,1,1.19
12-08-2014,00:34:43.091,1.67814,1.67807,1,1.19
12-08-2014,00:34:43.978,1.67814,1.67807,1,1.25
12-08-2014,00:34:44.991,1.67814,1.67807,1,1.19
12-08-2014,00:34:51.002,1.67814,1.67809,1,1.25
12-08-2014,00:34:53.811,1.67815,1.67808,1.5,1.19
12-08-2014,00:34:54.820,1.67815,1.67807,1.5,1.25
12-08-2014,00:34:55.826,1.67815,1.67807,1,1.19
12-08-2014,00:34:56.689,1.67816,1.67807,1.13,1.19
12-08-2014,00:34:57.896,1.67816,1.67805,1.13,1.39
12-08-2014,00:34:58.098,1.67812,1.67805,1,1.39
12-08-2014,00:34:58.603,1.67811,1.67805,1,1.39
12-08-2014,00:34:59.307,1.67815,1.67805,1,1.39
12-08-2014,00:34:59.648,1.67813,1.67805,1,1.39
12-08-2014,00:35:00.004,1.67812,1.67803,1,2.4
12-08-2014,00:35:00.511,1.67812,1.67802,2.44,1.19
12-08-2014,00:35:01.050,1.67813,1.67803,1.25,1.19
12-08-2014,00:35:01.609,1.67813,1.67802,1.19,1.29
12-08-2014,00:35:02.148,1.67814,1.67803,1.29,1.19
12-08-2014,00:35:09.965,1.67814,1.67803,1.32,1.37
12-08-2014,00:35:10.933,1.67811,1.67801,1.13,2.44
12-08-2014,00:35:11.337,1.67811,1.678,1.32,2.14
12-08-2014,00:35:11.871,1.67811,1.678,1.94,1.77
12-08-2014,00:35:12.909,1.67811,1.67801,1,1.19
12-08-2014,00:35:12.960,1.67813,1.67802,2.59,1.19
12-08-2014,00:35:13.163,1.67814,1.67803,1,1.39
12-08-2014,00:35:13.668,1.67816,1.67803,1.29,1.39
12-08-2014,00:35:14.173,1.67817,1.67803,3.64,2.14
12-08-2014,00:35:18.772,1.67816,1.67804,1.25,1.39
12-08-2014,00:35:20.050,1.67817,1.67804,4.69,1.77
12-08-2014,00:35:24.599,1.67814,1.67804,1.25,1.02
12-08-2014,00:35:24.750,1.67812,1.67803,1,1.69
12-08-2014,00:35:24.852,1.67814,1.67803,1.25,1.69
12-08-2014,00:35:25.365,1.67813,1.67803,1,1.69
12-08-2014,00:35:25.877,1.67812,1.67803,1,1.19
12-08-2014,00:35:27.269,1.67813,1.67803,1.02,1.19
12-08-2014,00:35:27.830,1.67812,1.67803,1,1.19
12-08-2014,00:35:27.898,1.67813,1.678,4.77,1.39
12-08-2014,00:35:28.000,1.67811,1.67799,1.25,2.44
12-08-2014,00:35:28.370,1.67808,1.67799,1,2.44
12-08-2014,00:35:28.784,1.67811,1.67798,1.32,1.77
12-08-2014,00:35:29.454,1.67811,1.67798,2.07,1.69
12-08-2014,00:35:30.575,1.67811,1.67802,2.22,1.25
12-08-2014,00:35:30.879,1.67812,1.67802,2.25,1.69
12-08-2014,00:35:30.980,1.67814,1.67802,1.29,2.14
12-08-2014,00:35:31.499,1.67813,1.67801,1.19,1.77
12-08-2014,00:35:35.214,1.67813,1.67801,2.07,1.02
12-08-2014,00:35:36.226,1.67813,1.67801,1.32,1.3
12-08-2014,00:35:37.211,1.67812,1.67799,1.32,2.89
12-08-2014,00:35:37.262,1.67812,1.67799,1.32,1.39
12-08-2014,00:35:39.739,1.67812,1.67798,2.07,4.02
12-08-2014,00:35:42.429,1.67813,1.678,2.44,2.07
12-08-2014,00:35:42.631,1.67813,1.67802,1.25,1.37
12-08-2014,00:35:42.783,1.67814,1.67804,1,1.33
12-08-2014,00:35:43.294,1.67813,1.67804,1,1.33
12-08-2014,00:35:44.617,1.67813,1.67803,1,1.77
12-08-2014,00:35:45.073,1.67815,1.67803,1.25,2.52
12-08-2014,00:35:48.619,1.67816,1.67803,1.69,6.27
12-08-2014,00:35:49.135,1.67815,1.67803,1.25,5.52
12-08-2014,00:35:50.615,1.67812,1.67803,1,2.52
12-08-2014,00:35:50.817,1.67815,1.67803,1.32,2.14
12-08-2014,00:35:51.433,1.67815,1.67803,1.32,1.39
12-08-2014,00:35:51.791,1.67811,1.67803,1,1.39
12-08-2014,00:35:52.297,1.6781,1.67803,1,1.39
12-08-2014,00:35:55.114,1.67812,1.67802,1,1.27
12-08-2014,00:35:55.875,1.6781,1.67802,1,1.27
12-08-2014,00:35:56.385,1.67811,1.67802,1,1.27
12-08-2014,00:35:56.922,1.6781,1.67802,1,1.27
12-08-2014,00:35:59.389,1.67812,1.67802,1,1.19
12-08-2014,00:35:59.922,1.67813,1.67802,1.25,1.19
12-08-2014,00:36:00.465,1.67813,1.67803,1,1.37
12-08-2014,00:36:01.048,1.67812,1.67803,1,1.37
12-08-2014,00:36:01.150,1.67815,1.67803,1,1.37
12-08-2014,00:36:02.478,1.67815,1.67804,1.25,1.39
12-08-2014,00:36:04.067,1.67816,1.67806,1.58,1.69
12-08-2014,00:36:04.371,1.67814,1.67806,1,2.52
12-08-2014,00:36:05.090,1.67816,1.67806,1,2.52
12-08-2014,00:36:05.545,1.67814,1.67806,1,2.52
12-08-2014,00:36:06.053,1.67814,1.67806,1,1.77
12-08-2014,00:36:08.639,1.67812,1.67806,1,1.39
12-08-2014,00:36:08.942,1.6781,1.67803,1,4.69
12-08-2014,00:36:09.504,1.67812,1.67803,1,5.07
12-08-2014,00:36:10.618,1.67815,1.67804,1.25,1.32
12-08-2014,00:36:11.655,1.67815,1.67803,1.19,2.07
12-08-2014,00:36:13.868,1.67815,1.67805,1,1.19
12-08-2014,00:36:14.382,1.67816,1.67805,1.09,1.19
12-08-2014,00:36:14.903,1.67816,1.67803,1.09,2.07
12-08-2014,00:36:15.914,1.67816,1.67803,1.39,2.07
12-08-2014,00:36:16.901,1.67817,1.67803,4.39,2.14
12-08-2014,00:36:17.899,1.67817,1.67803,3.64,2.89
12-08-2014,00:36:20.877,1.67817,1.67805,3.64,1.29
12-08-2014,00:36:20.978,1.67817,1.67803,3.64,1.77
12-08-2014,00:36:21.990,1.67817,1.67804,4.39,1.47
12-08-2014,00:36:24.002,1.67817,1.67803,3.64,2.52
12-08-2014,00:36:25.997,1.67817,1.67804,4.77,1.84
12-08-2014,00:36:27.020,1.67817,1.67804,3.27,1.09
12-08-2014,00:36:29.015,1.67817,1.67804,4.02,1.84
12-08-2014,00:36:30.342,1.67812,1.67804,1,1.37
12-08-2014,00:36:30.557,1.67815,1.67804,1,1.37
12-08-2014,00:36:31.064,1.67815,1.67803,1,2.52
12-08-2014,00:36:34.421,1.67816,1.67803,1.47,1.69
12-08-2014,00:36:35.010,1.67816,1.67803,1.47,1.19
12-08-2014,00:36:36.248,1.67816,1.67803,1.47,1.69
12-08-2014,00:36:42.351,1.67816,1.67803,1.39,3.57
12-08-2014,00:36:44.985,1.67817,1.67803,2.97,2.82
12-08-2014,00:36:46.482,1.67817,1.67804,3.57,1.39
12-08-2014,00:36:46.987,1.67814,1.67804,1,1.39
12-08-2014,00:36:49.482,1.67814,1.67804,1.25,1.02
12-08-2014,00:36:51.497,1.67814,1.67804,1,1.77
12-08-2014,00:36:52.466,1.67814,1.67803,1.25,4.39
12-08-2014,00:36:52.567,1.67811,1.67803,1,4.39
12-08-2014,00:36:54.274,1.67811,1.67804,1,2.07
12-08-2014,00:36:54.578,1.67813,1.67804,1,2.22
12-08-2014,00:36:55.194,1.67811,1.67804,1,4.09
12-08-2014,00:36:58.833,1.67813,1.67804,1,3.94
12-08-2014,00:36:59.511,1.67814,1.67803,1.25,1.77
12-08-2014,00:36:59.713,1.67811,1.67803,1,1.77
12-08-2014,00:37:00.272,1.67812,1.67803,1,1.77
12-08-2014,00:37:00.626,1.67815,1.67803,1.77,1.29
12-08-2014,00:37:01.507,1.67815,1.67803,1.58,1.77
12-08-2014,00:37:03.360,1.67815,1.67803,1.2,1.77
12-08-2014,00:37:05.516,1.67816,1.67804,3.94,1.39
12-08-2014,00:37:09.505,1.67816,1.67803,1.5,1.77
12-08-2014,00:37:11.383,1.67812,1.67803,1,2.52
12-08-2014,00:37:13.506,1.67812,1.67804,1,1.19
12-08-2014,00:37:16.512,1.67812,1.67803,1,2.14
12-08-2014,00:37:17.307,1.67814,1.67803,1.5,1.29
12-08-2014,00:37:18.516,1.67814,1.67804,1.5,1.19
12-08-2014,00:37:18.922,1.67812,1.67802,1.25,1.37
12-08-2014,00:37:18.972,1.6781,1.67801,1,2.52
12-08-2014,00:37:19.125,1.67809,1.67797,1.1,2.14
12-08-2014,00:37:19.645,1.67806,1.67797,1,1.29
12-08-2014,00:37:20.317,1.67809,1.67797,5.14,1.29
12-08-2014,00:37:20.382,1.67806,1.67797,1,1.29
12-08-2014,00:37:23.129,1.67806,1.67796,1,2.59
12-08-2014,00:37:24.135,1.67806,1.67797,1,1.39
12-08-2014,00:37:30.850,1.67805,1.67796,1,3.27
12-08-2014,00:37:31.153,1.67803,1.67796,1,2.52
12-08-2014,00:37:31.683,1.67803,1.67795,1,1.47
12-08-2014,00:37:31.888,1.67803,1.67794,1,1.77
12-08-2014,00:37:38.960,1.67803,1.67794,1,2.52
12-08-2014,00:37:39.993,1.67803,1.67794,1,1.77
12-08-2014,00:37:40.944,1.67803,1.67796,1,1
12-08-2014,00:37:41.488,1.67803,1.67796,1,1.19
12-08-2014,00:37:42.026,1.67803,1.67796,1,1.25
12-08-2014,00:37:43.403,1.67802,1.67796,1,1.25
12-08-2014,00:37:44.266,1.67802,1.67794,1,2.52
12-08-2014,00:37:44.367,1.67804,1.67794,1,2.52
12-08-2014,00:37:45.305,1.67804,1.67794,1,3.27
12-08-2014,00:37:46.305,1.67804,1.67794,1,2.52
12-08-2014,00:37:47.284,1.67804,1.67794,1,3.27
12-08-2014,00:37:48.307,1.67804,1.67794,1,2.52
12-08-2014,00:37:52.306,1.67804,1.67794,1,1.69
12-08-2014,00:37:54.304,1.67804,1.67795,1,1.32
12-08-2014,00:37:55.302,1.67804,1.67794,1,1.69
12-08-2014,00:37:56.336,1.67804,1.67793,1,4.77
12-08-2014,00:37:56.608,1.67801,1.67793,1,4.77
12-08-2014,00:37:57.349,1.67801,1.67794,1,1.69
12-08-2014,00:37:57.997,1.678,1.67794,1,1.69
12-08-2014,00:37:58.915,1.67804,1.67794,1,1.69
12-08-2014,00:38:00.034,1.67804,1.67793,1,3.64
12-08-2014,00:38:02.856,1.67803,1.67794,1,1.02
12-08-2014,00:38:03.109,1.67805,1.67794,1.25,1.77
12-08-2014,00:38:06.847,1.67805,1.67795,1.25,1.02
12-08-2014,00:38:09.458,1.67805,1.67795,1,1.02
12-08-2014,00:38:12.560,1.67806,1.67794,1.69,1.02
12-08-2014,00:38:17.142,1.67803,1.67794,1,1.02
12-08-2014,00:38:19.352,1.67806,1.67795,1.32,1.02
12-08-2014,00:38:19.894,1.67806,1.67795,1.32,1.1
12-08-2014,00:38:20.471,1.67804,1.67795,1,1.1
12-08-2014,00:38:25.288,1.67804,1.67795,1.25,1.02
12-08-2014,00:38:28.152,1.67806,1.67795,1.69,1.09
12-08-2014,00:38:28.657,1.67803,1.67795,1,1.09
12-08-2014,00:38:29.907,1.67803,1.67794,1,2.44
12-08-2014,00:38:30.412,1.67803,1.67794,1,1.02
12-08-2014,00:38:30.935,1.67804,1.67794,1,1.02
12-08-2014,00:38:31.392,1.67803,1.67792,1.69,2.89
12-08-2014,00:38:31.905,1.67803,1.67792,1.69,2.22
12-08-2014,00:38:32.423,1.67803,1.67792,2.44,2.22
12-08-2014,00:38:34.578,1.67803,1.67792,1.69,2.59
12-08-2014,00:38:35.085,1.67805,1.67795,1.19,1
12-08-2014,00:38:35.592,1.67805,1.67794,1.19,2.44
12-08-2014,00:38:35.804,1.67807,1.67794,2.22,2.44
12-08-2014,00:38:41.912,1.67805,1.67795,1,1.69
12-08-2014,00:38:43.529,1.67805,1.67794,1.25,3.94
12-08-2014,00:38:44.986,1.67804,1.67794,1,3.94
12-08-2014,00:38:45.807,1.67804,1.67795,1,1.77
12-08-2014,00:38:46.806,1.67804,1.67795,1,1.02
12-08-2014,00:38:47.344,1.67803,1.67795,1,1.02
12-08-2014,00:38:47.501,1.67801,1.67795,1,1.02
12-08-2014,00:38:47.614,1.67805,1.67795,1.25,1.02
12-08-2014,00:38:48.069,1.67802,1.67795,1,1.02
12-08-2014,00:38:49.042,1.67802,1.67793,1,1.77
12-08-2014,00:38:49.722,1.678,1.67793,1,1.77
12-08-2014,00:38:51.817,1.67801,1.67793,1,1.77
12-08-2014,00:38:52.322,1.67803,1.67793,1.69,1.3
12-08-2014,00:38:52.625,1.678,1.67791,1,2.52
12-08-2014,00:38:53.463,1.67803,1.67791,2.44,1.77
12-08-2014,00:38:54.324,1.678,1.67791,1,1.39
12-08-2014,00:38:56.888,1.67803,1.67791,1.25,1.39
12-08-2014,00:38:57.424,1.67803,1.67791,1.69,1.77
12-08-2014,00:38:57.930,1.678,1.67791,1,1.77
12-08-2014,00:38:58.437,1.67801,1.67791,1.25,1.77
12-08-2014,00:38:58.979,1.678,1.6779,1,2.04
12-08-2014,00:38:59.439,1.67802,1.6779,1.25,1.02
12-08-2014,00:38:59.971,1.67802,1.67791,1.25,1.25
12-08-2014,00:39:00.515,1.67801,1.67791,1,1.25
12-08-2014,00:39:01.128,1.67801,1.67791,1,1.33
12-08-2014,00:39:01.638,1.67801,1.67791,1,2.52
12-08-2014,00:39:03.456,1.67801,1.67792,1,1.84
12-08-2014,00:39:05.473,1.67801,1.67792,1,1.09
12-08-2014,00:39:05.978,1.67802,1.67792,1.25,1.09
12-08-2014,00:39:07.460,1.67802,1.67793,1.19,1.1
12-08-2014,00:39:08.484,1.67802,1.67793,1.25,1.02
12-08-2014,00:39:09.456,1.67803,1.67793,1.69,1.1
12-08-2014,00:39:10.449,1.67803,1.67793,1.19,1.2
12-08-2014,00:39:12.594,1.67803,1.67792,1.25,1.02
12-08-2014,00:39:13.272,1.67802,1.67792,1,1.02
12-08-2014,00:39:17.612,1.67804,1.67792,1,1.02
12-08-2014,00:39:17.865,1.67802,1.67794,1,1.2
12-08-2014,00:39:18.436,1.67801,1.67794,1,1.2
12-08-2014,00:39:18.639,1.67804,1.67793,1.25,1.34
12-08-2014,00:39:18.896,1.67803,1.67791,1.25,1.77
12-08-2014,00:39:19.099,1.67803,1.6779,2.52,2.44
12-08-2014,00:39:19.201,1.678,1.67788,3.19,1.33
12-08-2014,00:39:19.302,1.67799,1.67787,2.44,1.1
12-08-2014,00:39:19.605,1.67797,1.67784,1.69,1.09
12-08-2014,00:39:19.929,1.67793,1.67783,1,4.02
12-08-2014,00:39:20.081,1.67792,1.67783,1,2.14
12-08-2014,00:39:20.586,1.67792,1.67783,1,2.14
12-08-2014,00:39:20.637,1.67795,1.67783,1,2.14
12-08-2014,00:39:20.688,1.67791,1.67783,1,1.39
12-08-2014,00:39:20.840,1.67791,1.67781,1.25,1.13
12-08-2014,00:39:20.942,1.67791,1.67784,1,3.75
12-08-2014,00:39:21.246,1.67794,1.67785,1,1.39
12-08-2014,00:39:21.296,1.67794,1.67787,1,1.69
12-08-2014,00:39:21.398,1.67798,1.67787,1,5.52
12-08-2014,00:39:21.852,1.67803,1.67788,2.89,1.39
12-08-2014,00:39:21.954,1.67803,1.67791,1.77,3.75
12-08-2014,00:39:22.409,1.67803,1.67796,1,3.75
12-08-2014,00:39:22.612,1.67807,1.67796,1.69,4.69
12-08-2014,00:39:22.714,1.67809,1.67798,1.65,1.19
12-08-2014,00:39:23.030,1.67805,1.67798,1,1.19
12-08-2014,00:39:23.232,1.67805,1.67797,1,1.29
12-08-2014,00:39:24.622,1.67805,1.67798,1,1.19
12-08-2014,00:39:25.033,1.67802,1.67796,1,1.25
12-08-2014,00:39:25.337,1.678,1.67796,1,1.25
12-08-2014,00:39:25.388,1.67804,1.67796,1,1.25
12-08-2014,00:39:25.810,1.67802,1.67796,1,1.25
12-08-2014,00:39:25.911,1.67807,1.67796,1.77,1.25
12-08-2014,00:39:26.114,1.67804,1.67796,1,1.32
12-08-2014,00:39:26.619,1.67803,1.67796,1,1.84
12-08-2014,00:39:26.996,1.67803,1.67797,1,1.19
12-08-2014,00:39:27.350,1.67806,1.67797,1,1.19
12-08-2014,00:39:27.786,1.67803,1.67797,1,5.07
12-08-2014,00:39:27.940,1.67805,1.67797,1.5,5.07
12-08-2014,00:39:28.143,1.67804,1.67797,1.58,1.19
12-08-2014,00:39:28.454,1.67796,1.67789,1,1.25
12-08-2014,00:39:28.657,1.67797,1.67788,1,1.19
12-08-2014,00:39:28.808,1.67797,1.67788,1.39,1
12-08-2014,00:39:28.860,1.67797,1.67785,1.39,2.52
12-08-2014,00:39:29.114,1.67793,1.67785,1,1.29
12-08-2014,00:39:29.619,1.67792,1.67786,1,1.02
12-08-2014,00:39:30.142,1.67793,1.67786,1,1.25
12-08-2014,00:39:30.660,1.67793,1.67785,1,4.77
12-08-2014,00:39:30.862,1.67795,1.67785,1,4.77
12-08-2014,00:39:31.318,1.67793,1.67785,1,5.59
12-08-2014,00:39:31.831,1.67792,1.67787,1,3.94
12-08-2014,00:39:33.630,1.67797,1.67787,1,4.69
12-08-2014,00:39:34.141,1.67798,1.67787,1.5,4.69
12-08-2014,00:39:36.843,1.67798,1.67789,1.5,1.19
12-08-2014,00:39:37.841,1.67798,1.67789,1.25,1.25
12-08-2014,00:39:38.837,1.67798,1.67789,1,1.19
12-08-2014,00:39:39.858,1.67798,1.67787,1.25,3.94
12-08-2014,00:39:39.909,1.67796,1.67787,1,3.94
12-08-2014,00:39:40.111,1.67798,1.67786,1.69,1.77
12-08-2014,00:39:41.537,1.67798,1.67787,1.5,1.19
12-08-2014,00:39:42.062,1.67797,1.67787,1,2.82
12-08-2014,00:39:42.541,1.67797,1.67789,1,1.19
12-08-2014,00:39:48.363,1.67798,1.67789,1,1.19
12-08-2014,00:39:55.386,1.67798,1.67791,1,1.25
12-08-2014,00:39:57.570,1.67801,1.67792,1.1,1.19
12-08-2014,00:39:57.671,1.67801,1.67796,1,1.19
12-08-2014,00:39:57.722,1.67804,1.67796,1.5,1.19
12-08-2014,00:39:58.126,1.67807,1.67797,1.13,1.25
12-08-2014,00:39:58.378,1.67805,1.67797,1,1.25
12-08-2014,00:39:58.591,1.67808,1.67799,2.25,1.25
12-08-2014,00:39:59.096,1.67808,1.67802,1,1.19
12-08-2014,00:39:59.349,1.67812,1.67805,1.1,1.25
12-08-2014,00:39:59.860,1.67811,1.67805,1,1.19
12-08-2014,00:40:00.396,1.67811,1.67806,1,1.19
12-08-2014,00:40:01.270,1.67811,1.67803,1,1.25
12-08-2014,00:40:01.371,1.67813,1.67803,1,1.25
12-08-2014,00:40:01.422,1.6781,1.67803,1,1.25
12-08-2014,00:40:01.775,1.6781,1.67806,1,1.19
12-08-2014,00:40:01.978,1.67813,1.67806,1,1.19
12-08-2014,00:40:03.670,1.67815,1.67806,1,1.19
12-08-2014,00:40:04.177,1.67816,1.67807,1.5,1.19
12-08-2014,00:40:04.443,1.67814,1.67807,1,1.19
12-08-2014,00:40:04.847,1.67812,1.67807,1,1.19
12-08-2014,00:40:05.362,1.67811,1.67807,1,1.19
12-08-2014,00:40:06.844,1.67812,1.67807,1,1.19
12-08-2014,00:40:07.363,1.67811,1.67807,1,1.19
12-08-2014,00:40:08.713,1.6781,1.67807,1,1.25
12-08-2014,00:40:09.124,1.6781,1.67807,1,1.25
12-08-2014,00:40:10.922,1.6781,1.67805,1,1.19
12-08-2014,00:40:11.954,1.67808,1.67806,1,1.19
12-08-2014,00:40:12.915,1.67809,1.67806,1,1.25
12-08-2014,00:40:15.066,1.67811,1.67805,1,1.19
12-08-2014,00:40:17.174,1.67812,1.67806,1,1.25
12-08-2014,00:40:17.376,1.67814,1.67806,1,1.25
12-08-2014,00:40:17.882,1.67813,1.67806,1,1.25
12-08-2014,00:40:18.400,1.67813,1.67806,1,1.19
12-08-2014,00:40:18.809,1.6781,1.67806,1,1.19
12-08-2014,00:40:19.163,1.67814,1.67806,1.5,1.19
12-08-2014,00:40:19.324,1.67814,1.67804,1.5,1.25
12-08-2014,00:40:19.839,1.67812,1.67804,1,1.25
12-08-2014,00:40:23.641,1.67813,1.67804,1.25,1.25
12-08-2014,00:40:24.147,1.67812,1.67804,1,1.25
12-08-2014,00:40:24.503,1.6781,1.67803,1,1.29
12-08-2014,00:40:24.604,1.6781,1.678,1.08,1.39
12-08-2014,00:40:24.830,1.6781,1.678,3.9,1.19
12-08-2014,00:40:25.545,1.67808,1.67799,1.5,1.25
12-08-2014,00:40:27.727,1.6781,1.67798,1.84,1.19
12-08-2014,00:40:28.596,1.67806,1.67798,1,1.19
12-08-2014,00:40:28.749,1.67808,1.67798,1,1.19
12-08-2014,00:40:28.853,1.67806,1.67798,1,1.19
12-08-2014,00:40:29.363,1.67806,1.67796,1,1.37
12-08-2014,00:40:30.502,1.67808,1.67796,1.19,1.37
12-08-2014,00:40:31.561,1.67808,1.67797,1.32,1.29
12-08-2014,00:40:33.599,1.67808,1.67796,1.32,1.37
12-08-2014,00:40:34.109,1.67808,1.67796,1.69,1.47
12-08-2014,00:40:37.962,1.67806,1.67796,1,1.47
12-08-2014,00:40:45.671,1.67806,1.67796,1,2.97
12-08-2014,00:40:46.213,1.67809,1.67796,2.04,2.97
12-08-2014,00:40:48.418,1.67808,1.67796,1,2.22
12-08-2014,00:40:52.125,1.67808,1.67797,1,1.29
12-08-2014,00:40:54.368,1.67809,1.67797,1.02,1.29
12-08-2014,00:40:56.894,1.67809,1.67798,2.04,1.25
12-08-2014,00:40:57.917,1.67809,1.67798,1.02,1.19
12-08-2014,00:40:58.898,1.67809,1.67798,1.02,1
12-08-2014,00:41:01.325,1.67809,1.67798,1.02,1.19
12-08-2014,00:41:06.320,1.67809,1.67798,1.77,1.25
12-08-2014,00:41:07.333,1.67808,1.67798,1.25,1.19
12-08-2014,00:41:12.334,1.67809,1.67796,1.69,4.69
12-08-2014,00:41:13.342,1.67809,1.67797,2.75,1.34
12-08-2014,00:41:17.382,1.67809,1.67796,3.44,5.07
12-08-2014,00:41:39.214,1.67809,1.67798,1.94,1.19
12-08-2014,00:41:43.415,1.67809,1.67798,1.94,1
12-08-2014,00:41:44.444,1.6781,1.67798,3.57,1.19
12-08-2014,00:41:46.441,1.67809,1.67798,1.94,1.25
12-08-2014,00:41:48.543,1.67808,1.67798,1.25,1
12-08-2014,00:41:55.718,1.67809,1.67798,1.94,1
12-08-2014,00:41:58.852,1.67808,1.67798,1.25,1
12-08-2014,00:42:01.784,1.67809,1.67798,1.94,1
12-08-2014,00:42:02.362,1.67809,1.67798,1.94,1.19
12-08-2014,00:42:05.368,1.67809,1.67798,1.75,1.25
12-08-2014,00:42:06.358,1.67809,1.67798,1.94,1.19
12-08-2014,00:42:08.360,1.67809,1.67798,2.44,1.25
12-08-2014,00:42:08.861,1.67807,1.67798,1.5,1.19
12-08-2014,00:42:09.570,1.67806,1.67798,1.13,1.25
12-08-2014,00:42:13.566,1.67806,1.67798,1,1.19
12-08-2014,00:42:14.396,1.67805,1.67798,1,1.19
12-08-2014,00:42:14.929,1.67805,1.67798,1,1
12-08-2014,00:42:15.612,1.67808,1.67798,2.33,1.25
12-08-2014,00:42:16.706,1.67808,1.67798,3.08,1.25
12-08-2014,00:42:17.581,1.67808,1.67798,3.08,1.19
12-08-2014,00:42:19.011,1.67808,1.67797,1.77,1.19
12-08-2014,00:42:19.868,1.67805,1.67797,1,1.19
12-08-2014,00:42:20.407,1.67804,1.67797,1,1.19
12-08-2014,00:42:21.617,1.67804,1.67796,1,1.29
12-08-2014,00:42:21.920,1.67802,1.67796,1,1.29
12-08-2014,00:42:22.072,1.67808,1.67796,1.58,1.29
12-08-2014,00:42:22.589,1.67806,1.67797,1.13,1.19
12-08-2014,00:42:22.849,1.67804,1.67797,1,1.19
12-08-2014,00:42:22.950,1.67808,1.67797,1.02,1.19
12-08-2014,00:42:23.607,1.67809,1.67796,3.34,1.29
12-08-2014,00:42:24.761,1.67809,1.67796,3.34,1.29
12-08-2014,00:42:26.439,1.67808,1.67797,1.02,1.19
12-08-2014,00:42:27.409,1.67809,1.67797,1.84,1.19
12-08-2014,00:42:30.425,1.67808,1.67796,1.1,1.39
12-08-2014,00:42:31.560,1.67808,1.67797,1.02,1.19
12-08-2014,00:42:35.338,1.67808,1.67795,1.69,2.14
12-08-2014,00:42:37.375,1.67808,1.67797,1.32,1.29
12-08-2014,00:42:38.351,1.67808,1.67796,1.32,1.27
12-08-2014,00:42:40.336,1.67808,1.67796,1.5,2.14
12-08-2014,00:42:41.346,1.67808,1.67797,1.69,1.37
12-08-2014,00:42:41.894,1.67808,1.67797,1.69,1.37
12-08-2014,00:42:43.377,1.67808,1.67796,1.69,1.39
12-08-2014,00:42:44.729,1.67805,1.67796,1,1.39
12-08-2014,00:42:44.881,1.67808,1.67795,1.69,4.02
12-08-2014,00:42:45.235,1.6781,1.67797,5.82,1.3
12-08-2014,00:42:47.416,1.6781,1.678,2.44,3
12-08-2014,00:42:47.467,1.6781,1.67802,1,1.13
12-08-2014,00:42:47.619,1.67813,1.67802,1.13,1.88
12-08-2014,00:42:47.670,1.67813,1.67804,1.32,1.33
12-08-2014,00:42:48.074,1.67816,1.67805,1.13,1.47
12-08-2014,00:42:48.277,1.67815,1.67809,1,1
12-08-2014,00:42:48.844,1.67814,1.67809,1,1
12-08-2014,00:42:49.577,1.67813,1.67809,1,1.25
12-08-2014,00:42:52.328,1.67817,1.67809,1.5,1.25
12-08-2014,00:42:52.635,1.67815,1.67805,1,1.47
12-08-2014,00:42:52.686,1.67813,1.67805,1,1.47
12-08-2014,00:42:53.090,1.67811,1.67805,1,1.34
12-08-2014,00:42:53.629,1.67811,1.67804,1,3.19
12-08-2014,00:42:54.670,1.6781,1.67804,1,3.19
12-08-2014,00:42:54.873,1.67814,1.67804,1,3.19
12-08-2014,00:42:55.381,1.67816,1.67804,2.07,3.19
12-08-2014,00:42:55.931,1.67816,1.67804,1.69,3.19
12-08-2014,00:42:58.760,1.67816,1.67804,1.63,2.44
12-08-2014,00:42:59.479,1.67812,1.67804,1,2.44
12-08-2014,00:42:59.581,1.67809,1.678,1,2.25
12-08-2014,00:42:59.682,1.67806,1.67799,1.19,1.1
12-08-2014,00:43:00.188,1.67807,1.67796,1.19,1.39
12-08-2014,00:43:09.061,1.67805,1.67796,1,1.39
12-08-2014,00:43:10.167,1.67804,1.67796,1,1.39
12-08-2014,00:43:10.695,1.67805,1.67796,1,1.39
12-08-2014,00:43:11.201,1.67808,1.67796,3.19,1.39
12-08-2014,00:43:15.660,1.67808,1.67797,1.13,1.18
12-08-2014,00:43:16.165,1.67807,1.67797,1,1.18
12-08-2014,00:43:16.727,1.67807,1.67797,1,1.84
12-08-2014,00:43:21.369,1.67804,1.67797,1,1.39
12-08-2014,00:43:21.471,1.67804,1.67796,1,1.02
12-08-2014,00:43:22.806,1.67804,1.67795,1,1.28
12-08-2014,00:43:23.367,1.67804,1.67795,1,2.22
12-08-2014,00:43:25.344,1.67804,1.67795,1,1.47
12-08-2014,00:43:26.024,1.67807,1.67795,1.25,1.47
12-08-2014,00:43:26.380,1.67807,1.67795,1.19,2.22
12-08-2014,00:43:27.342,1.67808,1.67795,1.19,2.22
12-08-2014,00:43:29.641,1.67804,1.67794,1,3.64
12-08-2014,00:43:30.095,1.67807,1.67794,1.25,2.89
12-08-2014,00:43:30.600,1.67807,1.67794,1.19,2.14
12-08-2014,00:43:31.360,1.67807,1.67794,1.25,2.89
12-08-2014,00:43:32.178,1.67805,1.67795,1,1.09
12-08-2014,00:43:32.617,1.67807,1.67795,1.25,1.09
12-08-2014,00:43:33.350,1.67807,1.67795,1.19,1.09
12-08-2014,00:43:33.869,1.67805,1.67795,1,1.09
12-08-2014,00:43:34.375,1.67808,1.67795,2.82,1.09
12-08-2014,00:43:37.119,1.67805,1.67795,1,1.09
12-08-2014,00:43:37.322,1.67803,1.67795,1,1.09
12-08-2014,00:43:39.368,1.67803,1.67795,1,1.84
12-08-2014,00:43:41.566,1.67803,1.67796,1,1.39
12-08-2014,00:43:44.063,1.67804,1.67796,1,1.39
12-08-2014,00:43:45.360,1.67805,1.67796,1,1.39
12-08-2014,00:43:45.714,1.67801,1.67795,1,3.27
12-08-2014,00:43:45.917,1.67803,1.67795,1,3.27
12-08-2014,00:43:46.120,1.67801,1.67795,1,1.02
12-08-2014,00:43:46.634,1.67801,1.67794,1,1.37
12-08-2014,00:43:46.887,1.67803,1.67794,1,1.29
12-08-2014,00:43:47.141,1.67801,1.67794,1,1.29
12-08-2014,00:43:47.664,1.67802,1.67794,1,1.29
12-08-2014,00:43:47.968,1.67799,1.67794,1,1.29
12-08-2014,00:43:48.120,1.67802,1.67794,1,1.39
12-08-2014,00:43:48.630,1.67803,1.67794,1,1.47
12-08-2014,00:43:49.146,1.67804,1.67794,1,1.47
12-08-2014,00:43:52.169,1.67803,1.67794,1,2.59
12-08-2014,00:43:52.680,1.67804,1.67795,1,1.09
12-08-2014,00:43:53.041,1.67806,1.67795,1,1.09
12-08-2014,00:43:53.300,1.67806,1.67797,1,1.19
12-08-2014,00:43:53.402,1.67808,1.67798,1.5,1.02
12-08-2014,00:43:54.336,1.67808,1.67798,1,1.77
12-08-2014,00:43:55.350,1.6781,1.67798,2.33,1.77
12-08-2014,00:43:55.874,1.6781,1.67798,2.14,1.02
12-08-2014,00:44:01.416,1.6781,1.67798,2.52,1.02
12-08-2014,00:44:03.823,1.67808,1.67798,1,1.02
12-08-2014,00:44:15.570,1.67808,1.67798,1,1.29
12-08-2014,00:44:16.094,1.67807,1.67798,1,1.29
12-08-2014,00:44:17.369,1.67805,1.67796,1,2.14
12-08-2014,00:44:17.674,1.67803,1.67796,1,1.32
12-08-2014,00:44:17.726,1.67803,1.67795,1,2.52
12-08-2014,00:44:18.388,1.67803,1.67795,1,3.27
12-08-2014,00:44:20.132,1.67803,1.67798,1,1
12-08-2014,00:44:21.097,1.67805,1.67798,1,1.25
12-08-2014,00:44:21.350,1.67809,1.67798,2.14,1.25
12-08-2014,00:44:21.855,1.67806,1.67799,1,1.25
12-08-2014,00:44:22.365,1.67806,1.67799,1,1.19
12-08-2014,00:44:24.659,1.67806,1.67799,1,1.25
12-08-2014,00:44:25.167,1.67805,1.67799,1,1.25
12-08-2014,00:44:25.420,1.67809,1.67799,2.07,1
12-08-2014,00:44:25.571,1.67809,1.67799,2.97,1
12-08-2014,00:44:25.890,1.67803,1.67797,1,1
12-08-2014,00:44:26.234,1.67801,1.67797,1,1
12-08-2014,00:44:26.740,1.67802,1.67797,1,1
12-08-2014,00:44:29.201,1.67801,1.67797,1,1
12-08-2014,00:44:29.933,1.67803,1.67794,1,1
12-08-2014,00:44:30.146,1.67801,1.67794,1,1
12-08-2014,00:44:41.360,1.678,1.67794,1,1.25
12-08-2014,00:44:41.665,1.67801,1.67794,1,1.84
12-08-2014,00:44:42.132,1.67805,1.67795,1,1.29
12-08-2014,00:44:42.338,1.67802,1.67795,1,1.29
12-08-2014,00:44:44.890,1.67804,1.67795,1,1.29
12-08-2014,00:44:45.092,1.67801,1.67795,1,1.29
12-08-2014,00:44:45.612,1.67801,1.67795,1,1.02
12-08-2014,00:44:54.728,1.67801,1.67795,1,1.77
12-08-2014,00:44:55.726,1.67801,1.67795,1,1.29
12-08-2014,00:44:56.876,1.67804,1.67795,1,1.29
12-08-2014,00:44:57.079,1.67806,1.67795,1,1.29
12-08-2014,00:44:57.180,1.67804,1.67795,1,1.29
12-08-2014,00:44:57.684,1.67805,1.67795,1,1.29
12-08-2014,00:44:58.239,1.67805,1.67795,1,1.02
12-08-2014,00:45:02.741,1.67805,1.67795,1,1.19
12-08-2014,00:45:04.182,1.67805,1.67795,1,1.25
12-08-2014,00:45:06.079,1.67808,1.67795,2.89,1.25
12-08-2014,00:45:06.583,1.67805,1.67795,1,1.69
12-08-2014,00:45:07.090,1.67805,1.67796,1,1
12-08-2014,00:45:07.759,1.67806,1.67796,1.02,1
12-08-2014,00:45:09.354,1.67806,1.67796,1.29,1.25
12-08-2014,00:45:09.911,1.67808,1.67796,2.82,1.09
12-08-2014,00:45:10.214,1.67806,1.67799,1.19,1
12-08-2014,00:45:10.365,1.67807,1.67799,1.32,1
12-08-2014,00:45:11.064,1.67807,1.67797,1.32,1.1
12-08-2014,00:45:11.579,1.67805,1.67797,1,1.02
12-08-2014,00:45:12.905,1.67804,1.67796,1,1.37
12-08-2014,00:45:17.629,1.67803,1.67796,1,1.09
12-08-2014,00:45:27.749,1.67804,1.67796,1,1
12-08-2014,00:45:31.645,1.67806,1.67796,1.02,1
12-08-2014,00:45:32.172,1.67803,1.67794,1,1.19
12-08-2014,00:45:32.616,1.67806,1.67794,1.29,1.25
12-08-2014,00:45:33.121,1.67804,1.67794,1,1.25
12-08-2014,00:45:33.406,1.67802,1.67794,1,1.25
12-08-2014,00:45:33.952,1.67802,1.67794,1,1.19
12-08-2014,00:45:37.130,1.67805,1.67794,1.25,1.29
12-08-2014,00:45:41.748,1.67805,1.67795,1,1.19
12-08-2014,00:45:42.293,1.67804,1.67795,1,1.19
12-08-2014,00:45:43.476,1.67804,1.67796,1,1.19
12-08-2014,00:45:44.443,1.67804,1.67796,1,1.19
12-08-2014,00:45:45.385,1.67805,1.67796,1,1.19
12-08-2014,00:45:45.906,1.67807,1.67796,1.32,1.19
12-08-2014,00:45:46.563,1.67807,1.67795,1.32,1.32
12-08-2014,00:45:53.589,1.67808,1.67795,1.32,2.14
12-08-2014,00:45:54.567,1.67808,1.67797,1.32,1.29
12-08-2014,00:45:55.575,1.67808,1.67795,1.32,2.14
12-08-2014,00:45:56.561,1.67809,1.67797,2.14,1.29
12-08-2014,00:45:58.608,1.67807,1.67797,1,1.29
12-08-2014,00:45:59.113,1.67809,1.67797,1.77,1.29
12-08-2014,00:45:59.619,1.67809,1.67797,1.1,1.29
12-08-2014,00:46:00.140,1.6781,1.67798,1.47,1.19
12-08-2014,00:46:00.595,1.6781,1.678,1.47,1.19
12-08-2014,00:46:02.269,1.67812,1.678,4.09,1.19
12-08-2014,00:46:08.609,1.6781,1.67799,1,1.19
12-08-2014,00:46:09.595,1.6781,1.67801,1,1.19
12-08-2014,00:46:12.633,1.67811,1.678,2.44,1.25
12-08-2014,00:46:18.616,1.67811,1.678,2.07,1.25
12-08-2014,00:46:19.684,1.67811,1.678,2.44,1.25
12-08-2014,00:46:20.514,1.67811,1.67801,2.44,1.19
12-08-2014,00:46:21.544,1.67811,1.67799,2.44,1.19
12-08-2014,00:46:22.049,1.67811,1.67799,3.94,1.19
12-08-2014,00:46:22.558,1.67811,1.67801,3.94,1.25
12-08-2014,00:46:23.678,1.67811,1.67801,2.44,1.25
12-08-2014,00:46:27.431,1.67811,1.67798,3.19,1.39
12-08-2014,00:46:27.936,1.67807,1.67798,1.13,1.19
12-08-2014,00:46:28.455,1.67807,1.67797,1.32,1.19
12-08-2014,00:46:30.245,1.67807,1.67795,2.07,1.47
12-08-2014,00:46:35.444,1.67805,1.67794,1.25,1.09
12-08-2014,00:46:38.464,1.67806,1.67794,1.25,1.37
12-08-2014,00:46:39.397,1.67805,1.67794,1,1.37
12-08-2014,00:46:44.157,1.67804,1.67794,1,1.09
12-08-2014,00:46:44.460,1.67804,1.67792,2.25,2.52
12-08-2014,00:46:44.561,1.67806,1.67792,1.29,2.89
12-08-2014,00:46:44.663,1.67805,1.67794,1.25,1.39
12-08-2014,00:46:45.187,1.67804,1.67794,1,1.39
12-08-2014,00:46:45.702,1.67804,1.67793,1,2.22
12-08-2014,00:47:03.818,1.67804,1.67795,1,1.32
12-08-2014,00:47:03.919,1.67806,1.67795,1.25,1.32
12-08-2014,00:47:04.829,1.67808,1.67796,1,2.82
12-08-2014,00:47:04.930,1.67811,1.67799,1.25,1.09
12-08-2014,00:47:05.233,1.67811,1.67802,1,1.19
12-08-2014,00:47:06.073,1.67813,1.67803,1.25,1.27
12-08-2014,00:47:06.441,1.67813,1.67804,1,1.29
12-08-2014,00:47:07.418,1.67813,1.67803,1,1.27
12-08-2014,00:47:08.655,1.67816,1.67803,1.39,1.39
12-08-2014,00:47:09.418,1.67816,1.67803,2.14,2.14
12-08-2014,00:47:11.427,1.67816,1.67803,1.39,1.39
12-08-2014,00:47:18.328,1.67814,1.67802,1,2.14
12-08-2014,00:47:18.840,1.67815,1.67802,1.25,2.14
12-08-2014,00:47:19.501,1.67815,1.67803,1.19,1.39
12-08-2014,00:47:19.855,1.67812,1.67803,1,1.27
12-08-2014,00:47:20.518,1.67812,1.67802,1,1.29
12-08-2014,00:47:22.519,1.67812,1.67801,1,1.84
12-08-2014,00:47:25.514,1.67812,1.67801,1,1.37
12-08-2014,00:47:26.105,1.67814,1.67801,1.77,1.37
12-08-2014,00:47:26.432,1.6781,1.67801,1,1.37
12-08-2014,00:47:26.736,1.67808,1.678,1,1.23
12-08-2014,00:47:26.787,1.67808,1.67798,1,1.84
12-08-2014,00:47:26.838,1.67808,1.67798,1.69,1.2
12-08-2014,00:47:27.343,1.67808,1.67796,3.19,1.39
12-08-2014,00:47:28.023,1.67804,1.67795,1,2.07
12-08-2014,00:47:28.528,1.67805,1.67795,1,1.69
12-08-2014,00:47:28.730,1.67805,1.67795,1,1.25
12-08-2014,00:47:29.747,1.67805,1.67794,1.25,1.09
12-08-2014,00:47:32.757,1.67806,1.67794,1.69,1.84
12-08-2014,00:47:33.778,1.67806,1.67794,1.69,1.09
12-08-2014,00:47:34.285,1.67805,1.67794,1.25,1.84
12-08-2014,00:47:34.790,1.67807,1.67794,1.32,2.14
12-08-2014,00:47:35.611,1.67807,1.67794,1.19,1.84
12-08-2014,00:47:35.914,1.67808,1.67797,2.22,1.19
12-08-2014,00:47:36.867,1.67808,1.67796,1.2,2.82
12-08-2014,00:47:41.499,1.6781,1.67799,1.27,1
12-08-2014,00:47:42.004,1.67809,1.67797,1.25,1.84
12-08-2014,00:47:42.728,1.67808,1.67797,1,1.19
12-08-2014,00:47:43.233,1.67807,1.67797,1.5,1.25
12-08-2014,00:47:43.743,1.67808,1.67797,1.32,1.25
12-08-2014,00:47:44.572,1.6781,1.67797,2.14,1.69
12-08-2014,00:47:45.685,1.67809,1.67797,1.5,1.69
12-08-2014,00:47:46.450,1.67809,1.67797,2.4,1.69
12-08-2014,00:47:46.965,1.67809,1.67797,2.59,1.19
12-08-2014,00:47:47.478,1.67807,1.67797,1,1.19
12-08-2014,00:47:48.050,1.67809,1.67797,1.65,1.69
12-08-2014,00:47:51.704,1.67808,1.67797,1.29,1.19
12-08-2014,00:47:52.704,1.67808,1.67797,1.1,1.19
12-08-2014,00:47:53.677,1.67808,1.67797,1.02,1.69
12-08-2014,00:47:54.703,1.6781,1.67798,2.14,1.29
12-08-2014,00:47:56.705,1.67809,1.67797,1.29,1.69
12-08-2014,00:47:57.700,1.67809,1.67797,2.52,1.19
12-08-2014,00:47:58.730,1.67808,1.67797,1.25,1.25
12-08-2014,00:47:59.137,1.67805,1.67797,1.25,1
12-08-2014,00:47:59.441,1.67803,1.67795,1,1.29
12-08-2014,00:48:00.089,1.67803,1.67795,1,1.02
12-08-2014,00:48:01.091,1.67803,1.67793,1,2.97
12-08-2014,00:48:02.114,1.67804,1.67793,1,2.22
12-08-2014,00:48:02.620,1.67806,1.67793,1.34,2.07
12-08-2014,00:48:02.923,1.67803,1.67793,1,2.07
12-08-2014,00:48:07.970,1.67804,1.67793,1,1.69
12-08-2014,00:48:08.512,1.67805,1.67793,1.39,2.44
12-08-2014,00:48:09.229,1.67805,1.67795,1.09,1.32
12-08-2014,00:48:11.151,1.67804,1.67795,1,1.32
12-08-2014,00:48:11.657,1.67806,1.67794,1.84,3.19
12-08-2014,00:48:16.646,1.67805,1.67794,1.2,1.38
12-08-2014,00:48:16.950,1.67801,1.6779,1.69,1.47
12-08-2014,00:48:17.254,1.67801,1.67791,1.58,1.69
12-08-2014,00:48:17.355,1.67801,1.67789,1.77,1.69
12-08-2014,00:48:17.558,1.67801,1.67789,1.02,1.77
12-08-2014,00:48:18.317,1.67801,1.67789,1.77,1.69
12-08-2014,00:48:18.822,1.67801,1.67788,2.52,2.44
12-08-2014,00:48:19.348,1.67801,1.67788,1.33,3.94
12-08-2014,00:48:19.653,1.678,1.67788,2.63,3.94
12-08-2014,00:48:23.433,1.67801,1.6779,2.04,2.44
12-08-2014,00:48:23.484,1.67802,1.6779,1.47,3.19
12-08-2014,00:48:24.475,1.67802,1.6779,2.22,2.44
12-08-2014,00:48:31.486,1.67802,1.67788,2.59,1.19
12-08-2014,00:48:32.455,1.67802,1.67789,2.59,1.19
12-08-2014,00:48:43.507,1.67801,1.67789,1.27,1.19
12-08-2014,00:48:45.008,1.67801,1.67788,1.33,1.69
12-08-2014,00:48:46.580,1.67801,1.67789,1.27,1.19
12-08-2014,00:49:13.527,1.67801,1.67789,1.77,1.25
12-08-2014,00:49:19.171,1.67798,1.67787,1,1.29
12-08-2014,00:49:19.323,1.67796,1.67787,1,1.19
12-08-2014,00:49:19.828,1.67796,1.67786,1,1.69
12-08-2014,00:49:20.339,1.67796,1.67786,1.25,1.19
12-08-2014,00:49:29.898,1.67797,1.67787,1,1.19
12-08-2014,00:49:30.561,1.67797,1.67786,1.19,1.19
12-08-2014,00:49:30.865,1.67792,1.67784,1,1
12-08-2014,00:49:30.966,1.67792,1.67781,1.25,1.32
12-08-2014,00:49:31.068,1.67792,1.67781,1.25,2.07
12-08-2014,00:49:31.372,1.67794,1.67782,1.2,2.44
12-08-2014,00:49:31.877,1.67795,1.67785,1.77,1
12-08-2014,00:49:34.502,1.67796,1.67785,1.18,1.19
12-08-2014,00:49:43.603,1.67796,1.67784,2.59,1.19
12-08-2014,00:49:44.786,1.67795,1.67784,1.02,1.19
12-08-2014,00:49:50.447,1.67796,1.67784,1.09,1.69
12-08-2014,00:49:50.961,1.67794,1.67784,1,1.19
12-08-2014,00:49:51.770,1.67793,1.67785,1,1.25
12-08-2014,00:49:52.653,1.67795,1.67783,1.18,2.82
12-08-2014,00:50:00.166,1.67795,1.67783,1.09,2.07
12-08-2014,00:50:01.138,1.67795,1.67784,1.09,1.19
12-08-2014,00:50:03.103,1.67793,1.67784,1,1.19
12-08-2014,00:50:04.876,1.67794,1.67782,1.29,2.14
12-08-2014,00:50:05.331,1.67794,1.67783,1.02,1.69
12-08-2014,00:50:08.174,1.67795,1.67785,1,1.25
12-08-2014,00:50:08.933,1.67793,1.67785,1,1.25
12-08-2014,00:50:09.186,1.67795,1.67785,1,1.25
12-08-2014,00:50:12.747,1.67795,1.67785,1,1.69
12-08-2014,00:50:13.751,1.67795,1.67785,1.25,1.19
12-08-2014,00:50:15.992,1.67794,1.67785,1,1.19
12-08-2014,00:50:16.498,1.67793,1.67785,1,1.19
12-08-2014,00:50:19.391,1.67794,1.67784,1,1.77
12-08-2014,00:50:20.405,1.67795,1.67785,1.02,1.19
12-08-2014,00:50:20.910,1.67795,1.67785,1.1,1.69
12-08-2014,00:50:22.450,1.67795,1.67785,1.1,1.25
12-08-2014,00:50:30.502,1.67795,1.67785,1.02,1.19
12-08-2014,00:50:31.616,1.67795,1.67785,1.1,1.25
12-08-2014,00:50:35.588,1.67795,1.67785,1.02,1.19
12-08-2014,00:50:39.326,1.67794,1.67785,1,1.19
12-08-2014,00:50:41.172,1.67795,1.67785,1.02,1.19
12-08-2014,00:50:43.839,1.67793,1.67785,1,1.19
12-08-2014,00:50:44.354,1.67793,1.67785,1,1.19
12-08-2014,00:50:44.507,1.67795,1.67785,1.1,1.19
12-08-2014,00:50:45.031,1.67795,1.67784,1.02,1.19
12-08-2014,00:50:46.932,1.67796,1.67786,1.25,3.75
12-08-2014,00:50:47.924,1.67797,1.67786,1.69,3.94
12-08-2014,00:50:48.909,1.67797,1.67786,1.69,3.94
12-08-2014,00:50:51.845,1.67797,1.67786,1,5.07
12-08-2014,00:50:52.350,1.67798,1.67788,1.1,1.32
12-08-2014,00:51:12.946,1.67798,1.67787,1.25,2.07
12-08-2014,00:51:17.983,1.67798,1.67787,1,1.19
12-08-2014,00:51:19.004,1.67798,1.67787,1.25,1.69
12-08-2014,00:51:31.382,1.67797,1.67787,1,1.69
12-08-2014,00:51:31.907,1.67797,1.67787,1.25,1.19
12-08-2014,00:51:36.688,1.67798,1.67788,1,1.25
12-08-2014,00:51:37.191,1.67799,1.67789,1.02,1
12-08-2014,00:51:41.726,1.678,1.67789,1.84,1
12-08-2014,00:51:42.548,1.678,1.67787,1.84,4.32
12-08-2014,00:51:42.903,1.678,1.67787,1.84,5.07
12-08-2014,00:51:43.925,1.678,1.67787,1.09,1.32
12-08-2014,00:51:44.842,1.678,1.67787,1.77,1.32
12-08-2014,00:51:45.169,1.67798,1.67787,1.08,1.32
12-08-2014,00:51:45.927,1.67798,1.67786,1.08,7.32
12-08-2014,00:51:47.933,1.67798,1.67788,1.08,1.19
12-08-2014,00:51:49.724,1.67798,1.67787,1.33,5.07
12-08-2014,00:51:51.689,1.678,1.67787,3.19,5.07
12-08-2014,00:51:52.211,1.678,1.67787,1.77,4.32
12-08-2014,00:51:52.744,1.678,1.67787,2.52,5.07
12-08-2014,00:51:53.465,1.67801,1.67789,1.4,2.07
12-08-2014,00:51:53.517,1.67802,1.67792,1.02,1
12-08-2014,00:51:53.618,1.67804,1.67792,1.69,1.2
12-08-2014,00:51:54.351,1.67804,1.67791,1.77,5.52
12-08-2014,00:51:54.880,1.67803,1.67791,1.29,4.77
12-08-2014,00:51:55.439,1.67801,1.67791,1.29,1.25
12-08-2014,00:51:56.464,1.67801,1.67789,1.84,5.07
12-08-2014,00:51:57.294,1.67801,1.67792,1.84,1
12-08-2014,00:51:57.446,1.67801,1.67792,1.02,1
12-08-2014,00:52:01.142,1.67803,1.6779,3.27,3.94
12-08-2014,00:52:01.547,1.67799,1.6779,1,3.94
12-08-2014,00:52:01.699,1.67799,1.67788,2.44,1.25
12-08-2014,00:52:02.677,1.67797,1.67786,1.29,2.44
12-08-2014,00:52:03.194,1.67797,1.67785,2.52,1.19
12-08-2014,00:52:04.701,1.67797,1.67784,1.77,1.32
12-08-2014,00:52:14.802,1.67797,1.67785,1.02,2.44
12-08-2014,00:52:15.266,1.67799,1.67786,1.84,1.69
12-08-2014,00:52:16.223,1.67799,1.67787,1.34,4.69
12-08-2014,00:52:17.228,1.678,1.67788,2.44,1.32
12-08-2014,00:52:18.190,1.678,1.67786,2.44,2.82
12-08-2014,00:52:20.136,1.678,1.67789,1.69,1
12-08-2014,00:52:20.641,1.67801,1.67789,3.27,1.19
12-08-2014,00:52:23.728,1.678,1.6779,1.09,1.19
12-08-2014,00:52:29.754,1.678,1.67789,1.37,1.19
12-08-2014,00:52:31.746,1.678,1.67788,1.37,1.69
12-08-2014,00:52:32.738,1.678,1.67788,1.47,1.19
12-08-2014,00:52:35.736,1.678,1.67787,1.47,2.52
12-08-2014,00:52:36.773,1.678,1.67788,1.47,1.19
12-08-2014,00:52:48.297,1.678,1.67787,2.97,1.77
12-08-2014,00:52:57.018,1.678,1.67789,1.84,1
12-08-2014,00:52:57.530,1.67799,1.67789,1.02,1
12-08-2014,00:52:57.631,1.67797,1.67789,1.19,1
12-08-2014,00:52:57.783,1.67797,1.67787,1.39,1
12-08-2014,00:52:57.986,1.67797,1.67784,1.39,2.82
12-08-2014,00:53:00.763,1.67796,1.67784,1.69,1.32
12-08-2014,00:53:01.329,1.67796,1.67784,1.69,1.63
12-08-2014,00:53:02.783,1.67797,1.67785,1.47,2.07
12-08-2014,00:53:03.324,1.67797,1.67785,1.47,2.44
12-08-2014,00:53:05.787,1.67797,1.67785,1.47,2.44
12-08-2014,00:53:07.743,1.67797,1.67785,1.47,2.44
12-08-2014,00:53:08.745,1.67797,1.67786,1.09,1.25
12-08-2014,00:53:09.767,1.67798,1.67786,3.72,1.19
12-08-2014,00:53:11.760,1.67797,1.67786,1.39,1.25
12-08-2014,00:53:12.791,1.67798,1.67786,2.97,1.19
12-08-2014,00:53:14.783,1.67797,1.67784,1.47,2.82
12-08-2014,00:53:18.088,1.67798,1.67784,2.59,3.94
12-08-2014,00:53:18.599,1.67798,1.67787,2.14,1.25
12-08-2014,00:53:19.121,1.67798,1.67788,1.39,1.25
12-08-2014,00:53:20.093,1.67798,1.67788,1.69,1.19
12-08-2014,00:53:23.073,1.67798,1.67788,1.69,1.25
12-08-2014,00:53:29.205,1.67798,1.67788,1.5,1.25
12-08-2014,00:53:35.204,1.67798,1.67789,1.69,1.25
12-08-2014,00:53:37.199,1.67798,1.67787,1.5,1.69
12-08-2014,00:53:40.204,1.67798,1.67789,1.69,1.25
12-08-2014,00:53:40.316,1.67798,1.67786,2.44,2.14
12-08-2014,00:53:42.217,1.67798,1.67786,2.44,1.39
12-08-2014,00:53:45.214,1.67798,1.67786,2.44,2.14
12-08-2014,00:53:56.976,1.67798,1.67786,2.52,1.32
12-08-2014,00:53:57.976,1.67798,1.67785,1.27,2.52
12-08-2014,00:53:59.989,1.67798,1.67786,1.33,1.32
12-08-2014,00:54:00.947,1.67798,1.67785,3.27,2.52
12-08-2014,00:54:06.447,1.67796,1.67785,1,1.77
12-08-2014,00:54:08.651,1.67796,1.67784,1.69,2.14
12-08-2014,00:54:11.370,1.67796,1.67785,1.69,1.29
12-08-2014,00:54:12.403,1.67796,1.67784,1.5,2.14
12-08-2014,00:54:13.975,1.67796,1.67786,1.5,1.19
12-08-2014,00:54:17.166,1.67798,1.67785,3.27,1.77
12-08-2014,00:54:18.003,1.67798,1.67785,3.27,1.77
12-08-2014,00:54:25.113,1.67798,1.67786,3.27,1.32
12-08-2014,00:54:32.213,1.67797,1.67785,1.19,1.39
12-08-2014,00:54:39.051,1.67798,1.67788,3,1.25
12-08-2014,00:54:40.854,1.67798,1.67788,1,1.19
12-08-2014,00:54:49.720,1.67797,1.67788,1,1.19
12-08-2014,00:54:49.872,1.67796,1.67785,1,4.02
12-08-2014,00:54:50.397,1.67795,1.67785,1,1.19
12-08-2014,00:54:51.997,1.67795,1.67785,1,1.69
12-08-2014,00:54:52.519,1.67797,1.67785,1.39,1.69
12-08-2014,00:54:52.996,1.67797,1.67783,2.89,3.64
12-08-2014,00:54:54.001,1.67796,1.67785,1.19,1.19
12-08-2014,00:54:54.971,1.67797,1.67785,1.77,1.32
12-08-2014,00:54:55.999,1.67796,1.67785,1.19,1.32
12-08-2014,00:54:59.775,1.67796,1.67785,1.19,1.2
12-08-2014,00:54:59.826,1.67791,1.67784,1,1.18
12-08-2014,00:55:00.041,1.67791,1.67781,1,1.02
12-08-2014,00:55:00.243,1.67791,1.67779,1.25,3.64
12-08-2014,00:55:00.446,1.67789,1.67779,1,1.09
12-08-2014,00:55:00.749,1.67787,1.67776,1.25,2.59
12-08-2014,00:55:01.607,1.67788,1.67776,1.69,1.77
12-08-2014,00:55:03.208,1.67787,1.67775,1.25,4.84
12-08-2014,00:55:06.087,1.67788,1.67782,1.19,2.33
12-08-2014,00:55:06.138,1.67792,1.67782,1.77,2.33
12-08-2014,00:55:06.493,1.67795,1.67783,1.19,1.84
12-08-2014,00:55:07.014,1.67795,1.67783,1,2.97
12-08-2014,00:55:07.833,1.67795,1.67785,1,1.3
12-08-2014,00:55:12.654,1.67797,1.67785,1.19,2.52
12-08-2014,00:55:13.656,1.67797,1.67785,1.25,1.77
12-08-2014,00:55:16.566,1.67797,1.67788,1.25,1
12-08-2014,00:55:17.339,1.67799,1.67788,1.77,1
12-08-2014,00:55:18.205,1.67799,1.67788,1.19,1.08
12-08-2014,00:55:18.872,1.67799,1.67792,1,2.25
12-08-2014,00:55:18.973,1.67802,1.67792,1.1,3.19
12-08-2014,00:55:19.487,1.67804,1.67793,1.19,1.77
12-08-2014,00:55:20.564,1.67803,1.67792,1.69,2.14
12-08-2014,00:55:28.214,1.67803,1.6779,1.69,3.64
12-08-2014,00:55:43.278,1.67803,1.6779,1.27,2.89
12-08-2014,00:55:44.337,1.67799,1.6779,1,2.14
12-08-2014,00:55:44.641,1.67795,1.67785,1,2
12-08-2014,00:55:44.692,1.67795,1.67785,1,1.25
12-08-2014,00:55:45.096,1.67793,1.67784,1.19,1.13
12-08-2014,00:55:45.299,1.67788,1.67778,2.07,1.58
12-08-2014,00:55:45.703,1.67786,1.67774,1.1,3.75
12-08-2014,00:55:46.208,1.67788,1.67775,3.27,1.02
12-08-2014,00:55:47.309,1.67787,1.67775,1.39,1.02
12-08-2014,00:55:48.334,1.67786,1.67775,1.19,1.02
12-08-2014,00:55:53.516,1.67786,1.67775,1,1.02
12-08-2014,00:56:00.744,1.67788,1.67774,2.14,2.14
12-08-2014,00:56:02.534,1.67787,1.67774,1.29,2.89
12-08-2014,00:56:04.623,1.67787,1.67774,1.29,2.14
12-08-2014,00:56:06.670,1.67787,1.67775,1.19,1.39
12-08-2014,00:56:10.189,1.67787,1.67776,1.19,1.27
12-08-2014,00:56:10.694,1.67787,1.67775,1.19,2.22
12-08-2014,00:56:13.677,1.67788,1.67775,1.69,1.39
12-08-2014,00:56:38.668,1.67788,1.67777,2.07,1.38
12-08-2014,00:56:38.972,1.67794,1.67783,1.69,1.25
12-08-2014,00:56:39.224,1.67793,1.67781,1.32,4.77
12-08-2014,00:56:40.200,1.67792,1.6778,1.69,1.19
12-08-2014,00:56:41.211,1.67792,1.67779,1.69,1.47
12-08-2014,00:56:42.241,1.67792,1.67779,1.57,1.39
12-08-2014,00:56:45.256,1.67791,1.6778,1.39,1
12-08-2014,00:56:47.817,1.67791,1.67781,1.28,1.19
12-08-2014,00:56:48.322,1.67789,1.67778,1.27,3.19
12-08-2014,00:56:48.842,1.67787,1.67777,1.09,1.19
12-08-2014,00:56:49.658,1.67787,1.67776,1.09,1.32
12-08-2014,00:57:00.628,1.67786,1.67775,1,1.63
12-08-2014,00:57:02.295,1.67787,1.67775,1.84,1.69
12-08-2014,00:57:04.156,1.67787,1.67775,1.39,2.07
12-08-2014,00:57:05.183,1.67787,1.67775,1.09,2.07
12-08-2014,00:57:06.149,1.67787,1.67776,1.09,1.19
12-08-2014,00:57:07.151,1.67787,1.67775,1.09,2.07
12-08-2014,00:57:09.401,1.67786,1.67775,1.19,2.44
12-08-2014,00:57:22.077,1.67786,1.67774,2.25,3.94
12-08-2014,00:57:27.938,1.67788,1.67775,2.59,1.69
12-08-2014,00:57:28.448,1.67785,1.67775,1,1.69
12-08-2014,00:57:29.699,1.67785,1.67774,1,3.94
12-08-2014,00:57:30.204,1.67786,1.67774,1.84,3.94
12-08-2014,00:57:33.824,1.67786,1.67775,1.84,1.69
12-08-2014,00:57:36.441,1.67787,1.67775,2.59,1.32
12-08-2014,00:57:37.583,1.67783,1.67774,1,2.44
12-08-2014,00:57:37.685,1.67783,1.67771,1.69,2.44
12-08-2014,00:57:37.786,1.67783,1.67774,1.25,1
12-08-2014,00:57:38.090,1.67788,1.6778,1,2.33
12-08-2014,00:57:38.141,1.67792,1.6778,2.85,2.52
12-08-2014,00:57:38.445,1.67793,1.67783,2.59,2.44
12-08-2014,00:57:39.416,1.67795,1.67783,1.08,2.44
12-08-2014,00:57:41.384,1.67795,1.67784,1.08,2.44
12-08-2014,00:57:47.963,1.67795,1.67783,1.08,4.32
12-08-2014,00:57:49.964,1.67795,1.67784,1.08,2.44
12-08-2014,00:57:56.287,1.67795,1.67785,1.08,1.69
12-08-2014,00:57:56.796,1.67795,1.67785,1,1.69
12-08-2014,00:57:57.300,1.67795,1.67784,1,2.44
12-08-2014,00:58:00.158,1.67794,1.67784,1.25,2.44
12-08-2014,00:58:02.904,1.67795,1.67784,1.5,2.44
12-08-2014,00:58:03.444,1.67795,1.67783,1,1.47
12-08-2014,00:58:04.973,1.67795,1.67783,1.19,1.47
12-08-2014,00:58:08.762,1.67795,1.67785,1,1.19
12-08-2014,00:58:08.863,1.67795,1.67783,1.19,1.47
12-08-2014,00:58:10.063,1.67795,1.67783,1,1.47
12-08-2014,00:58:16.485,1.67795,1.67782,1,3.34
12-08-2014,00:58:16.587,1.67793,1.67782,1.25,4.09
12-08-2014,00:58:21.396,1.67795,1.67783,1.25,1.47
12-08-2014,00:58:24.615,1.67794,1.67783,1,1.47
12-08-2014,00:58:26.374,1.67796,1.67783,1.69,1.47
12-08-2014,00:58:27.407,1.67796,1.67784,1.69,1.19
12-08-2014,00:58:29.097,1.67795,1.67783,1.25,1.47
12-08-2014,00:58:32.894,1.67791,1.67783,3.75,1.47
12-08-2014,00:58:33.148,1.67791,1.67778,4.77,1.39
12-08-2014,00:58:33.351,1.67789,1.67778,4.69,1.29
12-08-2014,00:58:33.681,1.67789,1.67783,3.75,1
12-08-2014,00:58:33.884,1.67791,1.67783,1,1
12-08-2014,00:58:34.393,1.67792,1.67783,1,1
12-08-2014,00:58:35.030,1.67792,1.67783,1,1.19
12-08-2014,00:58:35.542,1.67794,1.67782,4.69,1.34
12-08-2014,00:58:35.643,1.67793,1.67781,2.07,1.5
12-08-2014,00:58:35.846,1.67792,1.6778,1.32,1.25
12-08-2014,00:58:36.765,1.67792,1.67779,2.07,1.84
12-08-2014,00:58:37.834,1.67791,1.67778,1.19,1.84
12-08-2014,00:58:38.339,1.67792,1.67783,3.94,1
12-08-2014,00:58:38.845,1.67792,1.6778,3.94,1.19
12-08-2014,00:58:39.661,1.67792,1.67778,3.94,1.84
12-08-2014,00:58:41.047,1.67793,1.67778,6.72,1.84
12-08-2014,00:58:42.240,1.67792,1.67779,1.69,1.39
12-08-2014,00:58:47.878,1.67792,1.67778,3.94,1.84
12-08-2014,00:58:48.436,1.67793,1.67778,4.47,1.84
12-08-2014,00:58:50.193,1.67792,1.67779,1.32,1.39
12-08-2014,00:58:51.372,1.67793,1.67781,4.84,1.19
12-08-2014,00:58:51.675,1.67794,1.67783,4.58,1.19
12-08-2014,00:58:53.123,1.67795,1.67783,1.25,1.37
12-08-2014,00:58:58.392,1.67795,1.67784,1.25,1.29
12-08-2014,00:58:59.071,1.67795,1.67783,1.19,1.09
12-08-2014,00:58:59.576,1.67793,1.67782,1,1.77
12-08-2014,00:59:00.077,1.67793,1.67782,1.19,1.58
12-08-2014,00:59:00.584,1.67791,1.67781,1.19,1.5
12-08-2014,00:59:00.635,1.67791,1.67778,1.29,2.97
12-08-2014,00:59:00.787,1.67789,1.67778,1.19,1
12-08-2014,00:59:01.304,1.67789,1.67777,5.82,1.25
12-08-2014,00:59:01.896,1.67788,1.67777,1.69,1.25
12-08-2014,00:59:04.107,1.67787,1.67777,1.25,1
12-08-2014,00:59:05.912,1.67788,1.67777,4.77,1.25
12-08-2014,00:59:08.087,1.67788,1.67777,3.83,1.19
12-08-2014,00:59:08.614,1.67788,1.67778,3.75,1.25
12-08-2014,00:59:08.716,1.67788,1.67779,3.75,1.69
12-08-2014,00:59:08.767,1.6779,1.67779,1.32,1.84
12-08-2014,00:59:10.110,1.67792,1.67782,3.94,1
12-08-2014,00:59:10.414,1.67793,1.67782,1.09,1.25
12-08-2014,00:59:11.388,1.67794,1.67783,4.77,1
12-08-2014,00:59:11.439,1.67794,1.67783,4.77,1.69
12-08-2014,00:59:12.158,1.67794,1.67783,1.39,1.69
12-08-2014,00:59:14.158,1.67793,1.67783,1,1.69
12-08-2014,00:59:14.663,1.67795,1.67783,2.22,1.19
12-08-2014,00:59:15.540,1.67795,1.67783,2.22,1.69
12-08-2014,00:59:16.045,1.67793,1.67783,1,1.69
12-08-2014,00:59:17.342,1.67795,1.67783,2.22,1.69
12-08-2014,00:59:17.848,1.67794,1.67781,2.89,1.84
12-08-2014,00:59:18.152,1.67792,1.67781,1.29,1.25
12-08-2014,00:59:19.425,1.67791,1.67779,2.14,1.19
12-08-2014,00:59:20.415,1.6779,1.67777,5.22,1.69
12-08-2014,00:59:21.817,1.6779,1.67777,5.97,1.69
12-08-2014,00:59:26.763,1.67789,1.67777,4.02,1.69
12-08-2014,00:59:27.327,1.67789,1.67777,4.02,1.19
12-08-2014,00:59:29.926,1.6779,1.67777,1.84,1.19
12-08-2014,00:59:32.885,1.6779,1.67777,1.47,1.69
12-08-2014,00:59:33.853,1.6779,1.67777,1.47,1.19
12-08-2014,00:59:34.056,1.67788,1.67777,1.19,1
12-08-2014,00:59:34.562,1.67788,1.67775,1.19,1.29
12-08-2014,00:59:36.912,1.67786,1.67775,1,1.29
12-08-2014,00:59:40.321,1.67788,1.67775,4.84,1.29
12-08-2014,00:59:40.624,1.67788,1.67777,4.09,1.69
12-08-2014,00:59:41.698,1.67789,1.67777,2.14,1.19
12-08-2014,00:59:42.335,1.67789,1.67777,1.47,1.77
12-08-2014,00:59:42.869,1.6779,1.67778,1.77,1.19
12-08-2014,00:59:59.121,1.6779,1.67778,2.08,1.19
12-08-2014,01:00:02.217,1.6779,1.67777,1.02,3.27
12-08-2014,01:00:04.547,1.67788,1.67778,1,1.19
12-08-2014,01:00:06.233,1.6779,1.67778,1.77,1.19
12-08-2014,01:00:09.604,1.67789,1.67777,1.02,2.52
12-08-2014,01:00:09.808,1.67789,1.67777,1.02,1.77
12-08-2014,01:00:10.111,1.67786,1.67777,1,1.02
12-08-2014,01:00:10.332,1.67789,1.67778,1.77,1
12-08-2014,01:00:11.230,1.67788,1.67778,1.09,1.19
12-08-2014,01:00:14.738,1.67789,1.67778,2.59,1.25
12-08-2014,01:00:17.856,1.67789,1.67778,3.34,1.25
12-08-2014,01:00:19.264,1.67787,1.67775,1.69,1.32
12-08-2014,01:00:28.088,1.67786,1.67775,1,1.32
12-08-2014,01:00:28.413,1.67784,1.67775,1,1.32
12-08-2014,01:00:33.869,1.67785,1.67775,1,1.32
12-08-2014,01:00:34.379,1.67787,1.67775,2.22,1.32
12-08-2014,01:00:35.345,1.67787,1.67775,2.22,1.32
12-08-2014,01:00:36.333,1.67784,1.67774,1,3.19
12-08-2014,01:00:38.388,1.67785,1.67774,1,1.32
12-08-2014,01:00:40.792,1.67783,1.67774,1,1.32
12-08-2014,01:00:43.680,1.67783,1.67774,1,2.07
12-08-2014,01:00:46.299,1.67782,1.67774,1,2.07
12-08-2014,01:00:50.081,1.67783,1.67774,1,2.82
12-08-2014,01:00:50.617,1.67782,1.67775,1,1.19
12-08-2014,01:00:51.479,1.67784,1.67775,1,1.19
12-08-2014,01:00:57.119,1.67785,1.67775,1.25,1.19
12-08-2014,01:00:57.321,1.67783,1.67775,1,1.19
12-08-2014,01:00:59.835,1.67783,1.67775,1,1.25
12-08-2014,01:01:01.115,1.67783,1.67774,1,1.69
12-08-2014,01:01:01.368,1.67785,1.67774,1.25,1.69
12-08-2014,01:01:01.732,1.67783,1.67774,1,1.19
12-08-2014,01:01:02.179,1.67781,1.67774,1,1.19
12-08-2014,01:01:02.707,1.67781,1.67774,1,1.69
12-08-2014,01:01:04.933,1.67784,1.67773,1.1,2.44
12-08-2014,01:01:10.883,1.67781,1.67773,1,1.77
12-08-2014,01:01:11.398,1.6778,1.67774,1,1.25
12-08-2014,01:01:11.651,1.67782,1.67774,1,1.25
12-08-2014,01:01:12.156,1.67781,1.67774,1,1.25
12-08-2014,01:01:15.913,1.67783,1.67774,1.1,1.25
12-08-2014,01:01:17.759,1.67783,1.67774,1,1.19
12-08-2014,01:01:21.167,1.67783,1.67774,1.25,1.25
12-08-2014,01:01:21.672,1.6778,1.67772,1.25,1
12-08-2014,01:01:22.405,1.67779,1.67772,1,1
12-08-2014,01:01:22.960,1.67779,1.6777,1,1.39
12-08-2014,01:01:24.072,1.67779,1.67768,1,3
12-08-2014,01:01:24.375,1.67776,1.67768,1,1.25
12-08-2014,01:01:24.880,1.67775,1.67766,1,1.69
12-08-2014,01:01:26.704,1.67773,1.67766,1,1.19
12-08-2014,01:01:26.806,1.67775,1.67766,1,1.19
12-08-2014,01:01:27.170,1.67772,1.67766,1,1
12-08-2014,01:01:28.602,1.67772,1.67765,1,1.25
12-08-2014,01:01:28.912,1.67772,1.67767,1,1
12-08-2014,01:01:29.687,1.67774,1.67767,1,1.25
12-08-2014,01:01:30.201,1.67773,1.67767,1,1.25
12-08-2014,01:01:30.353,1.67775,1.67767,1,1.25
12-08-2014,01:01:32.662,1.67776,1.67767,1.02,1.69
12-08-2014,01:01:33.371,1.67776,1.67767,1.29,1
12-08-2014,01:01:33.627,1.67773,1.67766,1.1,1.25
12-08-2014,01:01:34.083,1.67775,1.67766,1.25,1.25
12-08-2014,01:01:34.184,1.67773,1.67766,1,1.25
12-08-2014,01:01:34.538,1.67771,1.67766,1,1.25
12-08-2014,01:01:35.129,1.67771,1.67765,1,1.69
12-08-2014,01:01:35.384,1.6777,1.67762,1,1.5
12-08-2014,01:01:35.665,1.67768,1.67762,1,1
12-08-2014,01:01:35.716,1.6777,1.67762,1.5,1.25
12-08-2014,01:01:35.924,1.6777,1.67762,1,2.44
12-08-2014,01:01:36.252,1.67773,1.67763,1,1.77
12-08-2014,01:01:36.404,1.67771,1.67763,1,3.27
12-08-2014,01:01:37.159,1.67769,1.67764,1,1.19
12-08-2014,01:01:37.642,1.67772,1.67764,1,1.19
12-08-2014,01:01:38.150,1.6777,1.67764,1,1.19
12-08-2014,01:01:38.809,1.67772,1.67763,1,2.52
12-08-2014,01:01:38.911,1.6777,1.67763,1,2.52
12-08-2014,01:01:39.117,1.67772,1.67763,1,2.52
12-08-2014,01:01:39.370,1.6777,1.67763,1,2.52
12-08-2014,01:01:42.342,1.67771,1.67763,1,2.44
12-08-2014,01:01:42.665,1.67769,1.67763,1,2.44
12-08-2014,01:01:43.403,1.67771,1.67763,1,2.52
12-08-2014,01:01:43.657,1.67769,1.67763,1,2.52
12-08-2014,01:01:44.100,1.67772,1.67763,1,2.44
12-08-2014,01:01:44.624,1.67772,1.67763,1,1.19
12-08-2014,01:01:45.132,1.67773,1.67763,1.25,1.19
12-08-2014,01:01:45.384,1.67771,1.67763,1,1.19
12-08-2014,01:01:45.932,1.67772,1.67763,1,1.19
12-08-2014,01:01:47.176,1.67773,1.67763,1.25,1.19
12-08-2014,01:01:49.155,1.67771,1.67763,1,1.25
12-08-2014,01:01:49.768,1.6777,1.67763,1,1.25
12-08-2014,01:01:50.139,1.67768,1.67763,1,1.25
12-08-2014,01:01:50.342,1.67772,1.67763,1.13,1
12-08-2014,01:01:50.393,1.67769,1.67762,1,1.25
12-08-2014,01:01:50.645,1.67769,1.67758,1.25,1.69
12-08-2014,01:01:50.898,1.67767,1.67758,3.75,1.69
12-08-2014,01:01:51.028,1.67767,1.67758,3.94,1
12-08-2014,01:01:51.131,1.67764,1.67758,1,1
12-08-2014,01:01:51.434,1.67762,1.67757,1,1.25
12-08-2014,01:01:51.970,1.67763,1.67757,1,1.25
12-08-2014,01:01:56.320,1.67764,1.67755,1,2.52
12-08-2014,01:01:56.638,1.6776,1.67755,1,2.52
12-08-2014,01:01:57.832,1.67761,1.67755,1,1.77
12-08-2014,01:01:57.884,1.67761,1.67755,1,1
12-08-2014,01:01:58.187,1.67759,1.67755,1,1
12-08-2014,01:01:58.921,1.67762,1.67755,3.94,1
12-08-2014,01:01:59.174,1.6776,1.67755,1,1
12-08-2014,01:01:59.376,1.67762,1.67755,3.75,1.25
12-08-2014,01:01:59.903,1.67763,1.67755,1,2.52
12-08-2014,01:02:00.258,1.67761,1.67755,1,2.52
12-08-2014,01:02:00.359,1.67764,1.67755,1.13,2.52
12-08-2014,01:02:00.561,1.67762,1.67755,1,2.52
12-08-2014,01:02:00.815,1.67765,1.67755,4.5,2.52
12-08-2014,01:02:01.568,1.67765,1.67755,3.75,3.19
12-08-2014,01:02:01.732,1.67762,1.67756,1,1.19
12-08-2014,01:02:02.360,1.67764,1.67756,1.33,1
12-08-2014,01:02:02.664,1.67759,1.67755,1,1
12-08-2014,01:02:02.715,1.67759,1.67752,1,1.09
12-08-2014,01:02:03.092,1.67756,1.67751,1,1.34
12-08-2014,01:02:03.630,1.67756,1.67751,1,1
12-08-2014,01:02:04.016,1.67757,1.67748,1,1.19
12-08-2014,01:02:04.647,1.67756,1.67748,1,1.19
