Time,Ask,Bid,AskVolume,BidVolume,
2014.08.12,00:00:04.982,0.90691,0.90682,1,1.38
2014.08.12,00:00:05.515,0.90691,0.90682,1,1.13
2014.08.12,00:00:06.682,0.9069,0.90681,1,1.38
2014.08.12,00:00:23.850,0.9069,0.90681,1,1
2014.08.12,00:00:24.366,0.9069,0.90681,1,1.48
2014.08.12,00:00:27.865,0.9069,0.90682,1,1.2
2014.08.12,00:00:28.271,0.90692,0.90681,1,1.53
2014.08.12,00:00:28.373,0.90695,0.90684,1,2.4
2014.08.12,00:00:28.474,0.90695,0.90685,1,1.28
2014.08.12,00:00:28.980,0.90696,0.90687,1,1.18
2014.08.12,00:00:29.132,0.907,0.90689,1.1,1
2014.08.12,00:00:29.645,0.907,0.90688,1.1,1.58
2014.08.12,00:00:30.477,0.907,0.90688,1,1.65
2014.08.12,00:00:30.996,0.907,0.90688,1.69,2.03
2014.08.12,00:00:31.606,0.907,0.90691,1.69,1.1
2014.08.12,00:00:31.707,0.90702,0.90691,1.25,1.18
2014.08.12,00:00:32.114,0.90703,0.90692,1.19,1.65
2014.08.12,00:00:32.636,0.90704,0.90692,1.69,1.15
2014.08.12,00:00:33.390,0.90704,0.90692,1.25,4.65
2014.08.12,00:00:35.917,0.90704,0.90694,1.25,1.08
2014.08.12,00:00:37.441,0.90704,0.90694,1,1.18
2014.08.12,00:00:37.951,0.90704,0.90694,1,1.1
2014.08.12,00:00:38.634,0.90704,0.90694,1,1.18
2014.08.12,00:00:39.149,0.90704,0.90694,1,2.33
2014.08.12,00:00:39.667,0.90704,0.90694,1,2.4
2014.08.12,00:00:40.292,0.90704,0.90694,1,2.33
2014.08.12,00:00:40.883,0.90704,0.90694,1,2.4
2014.08.12,00:00:42.335,0.90704,0.90694,1,2.33
2014.08.12,00:00:43.121,0.90704,0.90692,1.13,6.34
2014.08.12,00:00:43.627,0.90704,0.90692,1,6.34
2014.08.12,00:00:44.177,0.90704,0.90692,1,6.34
2014.08.12,00:00:45.895,0.90704,0.90692,1,6.34
2014.08.12,00:01:15.049,0.90704,0.90693,1.13,3.34
2014.08.12,00:01:16.685,0.90704,0.90693,1.13,3.34
2014.08.12,00:01:17.207,0.90704,0.90693,1.13,3.34
2014.08.12,00:01:19.399,0.90704,0.90693,1.13,3.34
2014.08.12,00:01:19.907,0.90704,0.90693,1.13,3.34
2014.08.12,00:01:20.418,0.90704,0.90693,1.13,1.84
2014.08.12,00:01:20.940,0.90704,0.90693,1.13,1.84
2014.08.12,00:01:24.550,0.90704,0.90693,1.13,1.84
2014.08.12,00:01:36.508,0.90706,0.90693,1.67,3.34
2014.08.12,00:01:45.538,0.90706,0.90693,1.67,3.34
2014.08.12,00:01:46.043,0.90706,0.90693,1.67,3.34
2014.08.12,00:01:46.639,0.90706,0.90693,1.57,3.34
2014.08.12,00:01:47.689,0.90706,0.90693,1.67,3.34
2014.08.12,00:01:49.774,0.90706,0.90694,1.57,1.08
2014.08.12,00:01:51.160,0.90706,0.90694,1.57,1.65
2014.08.12,00:01:51.692,0.90706,0.90694,1.57,1
2014.08.12,00:01:52.230,0.90707,0.90694,1.67,1.18
2014.08.12,00:01:54.474,0.90707,0.90694,1.67,1.18
2014.08.12,00:01:54.984,0.90707,0.90694,1.64,1.65
2014.08.12,00:01:55.489,0.90707,0.90694,1.67,1.65
2014.08.12,00:01:56.012,0.90706,0.90694,1.39,1.65
2014.08.12,00:01:56.570,0.90706,0.90694,1.32,1.58
2014.08.12,00:01:57.239,0.90706,0.90694,1.39,1.65
2014.08.12,00:01:59.077,0.90706,0.90694,1.32,1.18
2014.08.12,00:01:59.602,0.90706,0.90694,1.39,1.1
2014.08.12,00:02:01.290,0.90707,0.90694,1.74,1.1
2014.08.12,00:02:03.956,0.90707,0.90694,1.77,1.08
2014.08.12,00:02:06.124,0.90707,0.90694,1.64,1.2
2014.08.12,00:02:06.637,0.90707,0.90694,1.67,1.18
2014.08.12,00:02:07.300,0.90707,0.90694,1.64,1.2
2014.08.12,00:02:07.810,0.90707,0.90694,1.77,1.08
2014.08.12,00:02:08.318,0.90707,0.90694,1.67,1.08
2014.08.12,00:02:08.945,0.90707,0.90694,1.64,1.2
2014.08.12,00:02:09.450,0.90707,0.90694,1.74,1.1
2014.08.12,00:02:10.474,0.90707,0.90694,1.67,1.18
2014.08.12,00:02:10.984,0.90706,0.90694,1.39,1.1
2014.08.12,00:02:11.490,0.90706,0.90694,1.32,1.18
2014.08.12,00:02:14.163,0.90706,0.90694,1.29,1.1
2014.08.12,00:02:14.668,0.90706,0.90693,1.19,2.59
2014.08.12,00:02:20.485,0.90706,0.90694,1.29,1.1
2014.08.12,00:02:21.391,0.90706,0.90694,1.19,1.18
2014.08.12,00:02:23.732,0.90707,0.90694,1.39,1.84
2014.08.12,00:02:27.364,0.90706,0.90695,1.32,1.1
2014.08.12,00:02:31.863,0.90707,0.90695,1.67,1.1
2014.08.12,00:02:35.335,0.90706,0.90695,1.32,1.1
2014.08.12,00:02:51.060,0.90705,0.90694,1.32,1.18
2014.08.12,00:02:52.501,0.90706,0.90694,1.57,1.18
2014.08.12,00:03:02.543,0.90706,0.90694,1.67,1.2
2014.08.12,00:03:05.397,0.90704,0.90693,1.39,1.08
2014.08.12,00:03:05.599,0.90702,0.90692,1,1.58
2014.08.12,00:03:06.115,0.90704,0.90692,1.39,1.95
2014.08.12,00:03:12.898,0.90705,0.90692,1.74,4.39
2014.08.12,00:03:25.425,0.90705,0.90694,1.47,1
2014.08.12,00:03:27.190,0.90705,0.90693,1.39,1.1
2014.08.12,00:03:33.300,0.90703,0.90693,1,1
2014.08.12,00:03:33.808,0.90704,0.90694,1.37,1
2014.08.12,00:03:37.372,0.90702,0.90694,1,1
2014.08.12,00:03:39.980,0.90702,0.90693,1,1
2014.08.12,00:03:45.751,0.90702,0.90693,1.33,1
2014.08.12,00:03:48.776,0.90702,0.90693,1.09,1
2014.08.12,00:03:49.287,0.90702,0.90693,1.33,1
2014.08.12,00:03:49.850,0.90702,0.90693,1.02,1
2014.08.12,00:03:55.291,0.90702,0.90693,1.33,1
2014.08.12,00:03:56.061,0.90702,0.90693,1.02,1
2014.08.12,00:03:56.581,0.90702,0.90693,1.09,1
2014.08.12,00:03:57.120,0.90702,0.90693,1.02,1
2014.08.12,00:03:57.627,0.90702,0.90693,1.09,1
2014.08.12,00:03:58.365,0.90702,0.90693,1.02,1
2014.08.12,00:03:58.879,0.90702,0.90693,1.09,1
2014.08.12,00:03:59.421,0.90702,0.90693,1.09,1
2014.08.12,00:03:59.928,0.90702,0.90693,1.09,1
2014.08.12,00:04:00.447,0.90702,0.90693,1.02,1
2014.08.12,00:04:03.933,0.90702,0.90693,1.33,1
2014.08.12,00:04:04.991,0.90702,0.90693,1.02,1
2014.08.12,00:04:05.506,0.90702,0.90692,1.02,1
2014.08.12,00:04:11.395,0.90702,0.90693,1.02,1
2014.08.12,00:04:13.719,0.90702,0.90694,1.02,1
2014.08.12,00:04:30.639,0.90702,0.90693,1,1
2014.08.12,00:04:32.645,0.90702,0.90692,1.25,1
2014.08.12,00:04:33.105,0.90702,0.90694,1,1
2014.08.12,00:04:37.399,0.90705,0.90694,1.78,1
2014.08.12,00:04:39.000,0.90703,0.90694,1.29,1
2014.08.12,00:04:46.518,0.90704,0.90694,1.39,1
2014.08.12,00:04:47.520,0.90703,0.90694,1.19,1
2014.08.12,00:04:58.713,0.90704,0.90694,1.47,1
2014.08.12,00:05:01.644,0.90703,0.90694,1.19,1
2014.08.12,00:05:07.609,0.90703,0.90693,1.29,1
2014.08.12,00:05:20.388,0.90703,0.90692,1.39,1
2014.08.12,00:05:25.883,0.90702,0.90692,1.19,1
2014.08.12,00:05:31.481,0.90702,0.90693,1.29,1
2014.08.12,00:05:33.281,0.90703,0.90693,1.47,1
2014.08.12,00:05:35.588,0.90702,0.90693,1.29,1
2014.08.12,00:05:36.127,0.90702,0.90692,1.29,1
2014.08.12,00:05:48.309,0.90702,0.90693,1.77,1
2014.08.12,00:05:53.445,0.90702,0.90694,1.77,1
2014.08.12,00:06:14.880,0.90702,0.90693,1.77,1
2014.08.12,00:06:16.434,0.90702,0.90694,1.77,1
2014.08.12,00:06:21.629,0.90701,0.90693,1.25,1
2014.08.12,00:06:22.242,0.90701,0.90692,1.25,1
2014.08.12,00:06:45.240,0.90701,0.90691,1.5,1.1
2014.08.12,00:06:49.137,0.90696,0.90691,1,1
2014.08.12,00:06:49.239,0.90699,0.90691,1.1,1
2014.08.12,00:06:49.744,0.90699,0.90692,1.5,1
2014.08.12,00:06:50.250,0.90699,0.90691,1.84,1
2014.08.12,00:06:51.730,0.90699,0.90691,1.84,1
2014.08.12,00:06:53.521,0.90697,0.90691,1,1
2014.08.12,00:06:54.026,0.90698,0.90691,1.1,1
2014.08.12,00:07:07.378,0.90697,0.90691,1,1
2014.08.12,00:07:07.886,0.90698,0.90691,1,1
2014.08.12,00:07:18.319,0.90699,0.90691,1.02,1
2014.08.12,00:07:18.863,0.90699,0.90691,1.09,1
2014.08.12,00:07:22.902,0.90699,0.9069,1.09,1
2014.08.12,00:07:24.959,0.90699,0.90691,1.09,1
2014.08.12,00:07:36.218,0.90699,0.90692,1.09,1
2014.08.12,00:07:36.990,0.90699,0.9069,1.09,1
2014.08.12,00:07:47.888,0.90701,0.90693,1.47,1
2014.08.12,00:07:47.939,0.90701,0.90693,1.39,1
2014.08.12,00:07:48.091,0.90701,0.90691,1.39,1
2014.08.12,00:07:48.599,0.90701,0.9069,1.37,1.5
2014.08.12,00:08:07.869,0.90702,0.9069,2.22,1.5
2014.08.12,00:08:16.213,0.907,0.9069,1.47,1
2014.08.12,00:08:16.722,0.907,0.9069,1.47,1
2014.08.12,00:08:19.942,0.90701,0.9069,1.74,1
2014.08.12,00:08:21.131,0.907,0.9069,1.39,1
2014.08.12,00:08:25.312,0.90701,0.9069,1.74,1
2014.08.12,00:08:27.119,0.907,0.9069,1.39,1
2014.08.12,00:08:28.605,0.907,0.90689,1.39,1
2014.08.12,00:08:29.122,0.90701,0.90689,1.74,1
2014.08.12,00:08:29.809,0.90701,0.90689,1.74,1
2014.08.12,00:08:30.356,0.90701,0.90688,1.72,1.69
2014.08.12,00:08:41.289,0.907,0.9069,1.37,1
2014.08.12,00:08:45.062,0.90701,0.9069,1.27,1
2014.08.12,00:08:59.017,0.90701,0.9069,1.39,1
2014.08.12,00:09:00.670,0.90701,0.9069,1.47,1
2014.08.12,00:09:01.569,0.90701,0.9069,1.47,1
2014.08.12,00:09:02.289,0.90701,0.9069,1.34,1
2014.08.12,00:09:02.801,0.90701,0.9069,1.34,1
2014.08.12,00:09:11.446,0.90701,0.90688,1.72,3.19
2014.08.12,00:09:11.964,0.90699,0.90689,1.2,1
2014.08.12,00:09:23.613,0.90699,0.90688,1.09,1.5
2014.08.12,00:09:24.119,0.90697,0.90686,1.08,3.94
2014.08.12,00:09:24.625,0.90699,0.90687,1.84,1
2014.08.12,00:09:25.131,0.90699,0.90686,2.22,2.44
2014.08.12,00:09:29.105,0.90699,0.90686,2.97,2.07
2014.08.12,00:09:29.763,0.90697,0.90686,1.02,1
2014.08.12,00:09:30.169,0.90694,0.90686,1,1
2014.08.12,00:09:30.422,0.90697,0.90686,1.33,1
2014.08.12,00:09:30.725,0.90694,0.90686,1,1.13
2014.08.12,00:09:30.877,0.90697,0.90686,1.09,1.13
2014.08.12,00:09:31.611,0.90697,0.90686,1.02,1.13
2014.08.12,00:09:32.147,0.90697,0.90686,1.09,1.13
2014.08.12,00:09:32.833,0.90697,0.90686,1.02,1.13
2014.08.12,00:09:49.391,0.90697,0.90687,1.1,1
2014.08.12,00:10:00.182,0.90697,0.90688,1,1
2014.08.12,00:10:00.849,0.90697,0.90687,1,1.2
2014.08.12,00:10:01.614,0.90697,0.90687,1,1.48
2014.08.12,00:10:04.946,0.907,0.90689,1.02,1.13
2014.08.12,00:10:05.453,0.90702,0.9069,2.14,1.95
2014.08.12,00:10:06.130,0.90702,0.9069,2.97,1.88
2014.08.12,00:10:09.917,0.90699,0.9069,1,1.13
2014.08.12,00:10:34.081,0.90699,0.9069,1,1.38
2014.08.12,00:10:34.638,0.90702,0.9069,1.69,1.88
2014.08.12,00:10:35.562,0.90702,0.90691,1.25,1.13
2014.08.12,00:10:36.614,0.90702,0.90691,1.18,1
2014.08.12,00:10:37.223,0.90702,0.9069,1.1,1.2
2014.08.12,00:10:37.836,0.90702,0.90691,1.1,1
2014.08.12,00:10:38.806,0.90699,0.9069,1,1.95
2014.08.12,00:10:46.371,0.90699,0.90691,1,1
2014.08.12,00:11:07.702,0.90699,0.90692,1,1
2014.08.12,00:11:08.974,0.90702,0.90692,1.84,1
2014.08.12,00:11:09.493,0.90702,0.90691,1.84,1
2014.08.12,00:11:25.300,0.90702,0.9069,1.84,1.88
2014.08.12,00:11:38.095,0.90702,0.90691,1.84,1
2014.08.12,00:11:40.214,0.90702,0.90691,1.84,1
2014.08.12,00:11:47.415,0.90702,0.9069,1.02,2.14
2014.08.12,00:11:48.031,0.90702,0.9069,1.33,2.07
2014.08.12,00:11:49.518,0.90702,0.90692,1.09,1
2014.08.12,00:11:50.233,0.90702,0.90692,1.02,1
2014.08.12,00:11:50.753,0.90702,0.90691,1.09,1.13
2014.08.12,00:12:18.592,0.90701,0.90688,1.02,1.74
2014.08.12,00:12:19.574,0.90701,0.9069,1.29,1
2014.08.12,00:12:40.016,0.90701,0.90691,1.84,1
2014.08.12,00:12:43.582,0.90701,0.90691,1.37,1.13
2014.08.12,00:12:46.732,0.90701,0.90691,1.27,1.13
2014.08.12,00:12:51.130,0.90701,0.90691,1.34,1.13
2014.08.12,00:12:51.679,0.90701,0.90691,1.37,1.13
2014.08.12,00:12:56.309,0.90701,0.90691,1.34,1.13
2014.08.12,00:12:56.831,0.90701,0.90691,1.37,1.13
2014.08.12,00:13:08.921,0.90702,0.90692,1.34,1
2014.08.12,00:13:12.434,0.90702,0.90691,1.34,1.88
2014.08.12,00:13:12.738,0.90702,0.90693,1.29,1
2014.08.12,00:13:13.254,0.90702,0.90694,1.29,1
2014.08.12,00:13:13.785,0.90703,0.90694,1.37,1
2014.08.12,00:13:23.432,0.90703,0.90693,1.37,1
2014.08.12,00:13:27.855,0.90704,0.90695,1.09,1
2014.08.12,00:13:28.209,0.90704,0.90693,1.84,1
2014.08.12,00:13:31.794,0.90704,0.90693,1.84,1
2014.08.12,00:13:37.227,0.90704,0.90693,1.84,1
2014.08.12,00:13:37.730,0.90704,0.90693,1.84,1
2014.08.12,00:13:40.287,0.90704,0.90692,1.84,1.13
2014.08.12,00:13:41.265,0.90704,0.90692,1.84,1.13
2014.08.12,00:13:41.816,0.90703,0.90692,1.34,1.13
2014.08.12,00:13:43.234,0.90703,0.90694,1.34,1
2014.08.12,00:13:43.777,0.90703,0.90694,1.37,1
2014.08.12,00:13:44.998,0.90704,0.90694,1.84,1
2014.08.12,00:13:46.232,0.90704,0.90694,1.84,1
2014.08.12,00:13:49.967,0.90704,0.90693,1.84,1
2014.08.12,00:13:55.897,0.90704,0.90694,1.84,1
2014.08.12,00:13:58.901,0.90704,0.90693,1.84,1
2014.08.12,00:14:07.256,0.90704,0.90693,1.84,1.5
2014.08.12,00:14:11.173,0.90704,0.90694,2.59,1
2014.08.12,00:14:24.106,0.90703,0.90694,1.29,1
2014.08.12,00:14:25.121,0.90704,0.90694,2.59,1
2014.08.12,00:14:26.148,0.90704,0.90694,1.84,1
2014.08.12,00:14:30.342,0.90704,0.90694,1.84,1
2014.08.12,00:14:30.959,0.90704,0.90694,1.84,1
2014.08.12,00:14:31.471,0.90704,0.90693,2.59,1.5
2014.08.12,00:15:00.716,0.90703,0.90694,1.37,1
2014.08.12,00:15:18.207,0.90703,0.90693,1.37,1
2014.08.12,00:15:19.186,0.90704,0.90694,2.59,1
2014.08.12,00:15:19.702,0.90703,0.90692,1.37,1.88
2014.08.12,00:15:20.419,0.90703,0.90692,1.34,1.88
2014.08.12,00:15:21.336,0.90703,0.90692,1.34,1.88
2014.08.12,00:15:21.841,0.90703,0.90692,1.37,1.88
2014.08.12,00:15:22.375,0.90703,0.90692,1.37,1.38
2014.08.12,00:15:23.148,0.90703,0.90692,1.37,1
2014.08.12,00:15:23.680,0.90703,0.90691,1.34,1.13
2014.08.12,00:15:24.226,0.90703,0.90691,1.37,1.13
2014.08.12,00:15:39.755,0.90703,0.9069,1.37,2.14
2014.08.12,00:15:40.215,0.90702,0.9069,1.4,1.25
2014.08.12,00:15:40.729,0.90702,0.9069,1.84,1
2014.08.12,00:15:42.161,0.90702,0.90691,1.77,1
2014.08.12,00:15:42.675,0.90702,0.9069,1.84,1.88
2014.08.12,00:15:44.543,0.90702,0.9069,1.84,1.88
2014.08.12,00:15:46.355,0.90702,0.9069,1.84,1.88
2014.08.12,00:15:46.865,0.90702,0.9069,1.84,1.88
2014.08.12,00:15:51.880,0.90702,0.90691,1.84,1.13
2014.08.12,00:15:52.646,0.90702,0.90691,1.84,1.13
2014.08.12,00:15:53.162,0.90702,0.90691,1.84,1.13
2014.08.12,00:15:58.293,0.90702,0.90691,1.84,1.13
2014.08.12,00:15:59.835,0.90702,0.90691,1.84,1.13
2014.08.12,00:16:00.815,0.90702,0.90691,1.84,1.13
2014.08.12,00:16:02.452,0.90701,0.90691,1.4,1.13
2014.08.12,00:16:22.107,0.90701,0.9069,1.37,1.38
2014.08.12,00:16:22.625,0.90701,0.9069,1.37,1.38
2014.08.12,00:16:27.258,0.90701,0.9069,1.34,1.38
2014.08.12,00:16:40.763,0.90701,0.9069,1.37,1.38
2014.08.12,00:16:41.364,0.90701,0.90691,1.09,1.13
2014.08.12,00:16:41.890,0.90701,0.90691,1.4,1.13
2014.08.12,00:16:43.321,0.90701,0.90691,1.34,1.13
2014.08.12,00:16:46.242,0.90701,0.90691,1.33,1.13
2014.08.12,00:16:46.746,0.90701,0.90691,1.34,1.13
2014.08.12,00:17:00.807,0.90701,0.9069,1.37,1.13
2014.08.12,00:17:08.006,0.90701,0.9069,1.37,1.13
2014.08.12,00:17:08.899,0.90701,0.9069,1.34,1.13
2014.08.12,00:17:11.723,0.90701,0.9069,1.39,1.13
2014.08.12,00:17:12.327,0.90701,0.9069,1.34,1.13
2014.08.12,00:17:15.466,0.90701,0.9069,1.37,1.13
2014.08.12,00:17:22.295,0.90701,0.9069,1.34,1.13
2014.08.12,00:17:22.834,0.90701,0.90691,1.37,1
2014.08.12,00:17:26.934,0.90701,0.90691,1.37,1
2014.08.12,00:17:27.521,0.90701,0.9069,1.37,1.13
2014.08.12,00:17:28.859,0.90701,0.90691,1.37,1
2014.08.12,00:17:30.966,0.90701,0.90689,1.37,1.88
2014.08.12,00:17:31.707,0.90701,0.90689,1.34,1.88
2014.08.12,00:17:43.798,0.90701,0.90689,1.34,1.88
2014.08.12,00:17:46.505,0.90701,0.90691,1.27,1.13
2014.08.12,00:17:47.411,0.90701,0.90691,1.34,1.13
2014.08.12,00:17:47.942,0.90701,0.90691,1.37,1.13
2014.08.12,00:18:00.971,0.90702,0.90693,1.34,1
2014.08.12,00:18:01.625,0.90702,0.90692,1.34,1
2014.08.12,00:18:02.131,0.90703,0.90693,1.34,1
2014.08.12,00:18:04.407,0.90703,0.90692,1.34,1
2014.08.12,00:18:08.299,0.90703,0.90692,1.34,1
2014.08.12,00:18:12.855,0.90703,0.90693,1.34,1
2014.08.12,00:18:17.915,0.90703,0.90692,1.34,1.5
2014.08.12,00:18:21.561,0.90703,0.90693,1.34,1
2014.08.12,00:18:24.201,0.90703,0.90692,1.34,1.5
2014.08.12,00:18:47.822,0.90703,0.90691,1.84,1.13
2014.08.12,00:18:52.307,0.90702,0.90692,1.37,1
2014.08.12,00:18:52.841,0.90702,0.90693,1.19,1
2014.08.12,00:18:53.634,0.90703,0.90693,1.77,1
2014.08.12,00:19:13.051,0.90704,0.90693,2.59,1.5
2014.08.12,00:19:13.562,0.90704,0.90693,2.59,1.5
2014.08.12,00:19:18.507,0.90703,0.90694,1.27,1
2014.08.12,00:19:31.895,0.90704,0.90694,1.29,1
2014.08.12,00:19:31.997,0.90706,0.90694,2.97,1.88
2014.08.12,00:19:34.178,0.90706,0.90695,1.69,1
2014.08.12,00:19:38.999,0.90706,0.90695,1.25,1
2014.08.12,00:19:41.888,0.90704,0.90695,1,1
2014.08.12,00:19:42.403,0.90704,0.90694,1.25,1.13
2014.08.12,00:20:08.621,0.90704,0.90693,1,1.39
2014.08.12,00:20:09.128,0.90704,0.90692,1.39,1.58
2014.08.12,00:20:09.853,0.90703,0.90692,1.32,1.5
2014.08.12,00:20:15.391,0.90703,0.90693,1.39,1
2014.08.12,00:20:15.901,0.90704,0.90693,2.22,1
2014.08.12,00:20:18.740,0.90704,0.90694,1.74,1
2014.08.12,00:20:22.210,0.90704,0.90695,1.84,1
2014.08.12,00:20:22.753,0.90704,0.90694,1.84,2.25
2014.08.12,00:20:23.261,0.90706,0.90695,1.29,1
2014.08.12,00:20:24.020,0.90707,0.90695,2.22,1
2014.08.12,00:20:26.753,0.90707,0.90696,2.22,1
2014.08.12,00:20:27.161,0.90707,0.90698,1.77,1
2014.08.12,00:20:27.667,0.90707,0.90695,1.69,1.15
2014.08.12,00:20:27.972,0.90707,0.90695,2.14,1.1
2014.08.12,00:20:28.505,0.90707,0.90696,2.14,1
2014.08.12,00:20:29.890,0.90706,0.90696,1.32,1
2014.08.12,00:20:32.896,0.90706,0.90696,1.32,1
2014.08.12,00:20:41.928,0.90707,0.90697,2.14,1
2014.08.12,00:20:45.925,0.90708,0.90697,1.25,1.1
2014.08.12,00:20:46.028,0.90708,0.90699,1.25,1
2014.08.12,00:20:46.848,0.90708,0.90699,1.63,1
2014.08.12,00:20:46.899,0.90708,0.90697,1.63,1.58
2014.08.12,00:20:50.892,0.90708,0.90696,1.57,1.65
2014.08.12,00:20:51.400,0.90707,0.90695,2.22,1.5
2014.08.12,00:20:54.459,0.90706,0.90694,1.74,1.5
2014.08.12,00:20:55.461,0.90705,0.90694,2.14,1
2014.08.12,00:20:56.543,0.90704,0.90694,1.19,1
2014.08.12,00:21:00.558,0.90705,0.90694,1.67,1
2014.08.12,00:21:01.524,0.90704,0.90694,2.07,1
2014.08.12,00:21:03.349,0.90705,0.90694,1.02,2.25
2014.08.12,00:21:03.551,0.90707,0.90695,2.89,1.08
2014.08.12,00:21:15.071,0.90706,0.90694,1.57,1.15
2014.08.12,00:21:15.172,0.90706,0.90694,2.07,1
2014.08.12,00:21:32.240,0.90707,0.90695,2.22,1
2014.08.12,00:21:33.266,0.90707,0.90695,2.22,1
2014.08.12,00:22:05.537,0.90707,0.90694,1.67,2.59
2014.08.12,00:22:08.721,0.90706,0.90694,2.07,1.65
2014.08.12,00:22:12.446,0.90706,0.90694,1.57,1.65
2014.08.12,00:22:21.784,0.90707,0.90694,2.14,1.84
2014.08.12,00:22:34.636,0.90706,0.90694,1.67,1.58
2014.08.12,00:22:35.147,0.90706,0.90694,1.67,1.58
2014.08.12,00:22:45.605,0.90707,0.90694,2.22,1.1
2014.08.12,00:22:46.574,0.90706,0.90695,1.67,1
2014.08.12,00:22:46.830,0.90706,0.90695,1.67,1
2014.08.12,00:22:47.486,0.90706,0.90695,1.67,1
2014.08.12,00:22:50.805,0.90706,0.90695,1.67,1
2014.08.12,00:22:51.782,0.90706,0.90695,1.67,1
2014.08.12,00:23:06.124,0.90706,0.90695,1.74,1
2014.08.12,00:23:06.175,0.90705,0.90693,2.52,1.5
2014.08.12,00:23:08.591,0.90703,0.90693,1.32,1.5
2014.08.12,00:23:09.604,0.90704,0.90693,1.39,1.5
2014.08.12,00:23:11.886,0.90704,0.90694,1.39,1
2014.08.12,00:23:12.427,0.90704,0.90693,1.39,2.25
2014.08.12,00:23:12.945,0.90704,0.90693,2.14,2.25
2014.08.12,00:23:21.916,0.90704,0.90693,1.39,2.25
2014.08.12,00:23:22.439,0.90704,0.90694,1.02,1
2014.08.12,00:23:22.693,0.90707,0.90697,2.97,1
2014.08.12,00:23:22.998,0.90708,0.90697,1.77,1
2014.08.12,00:23:27.420,0.90711,0.90702,2.03,1.5
2014.08.12,00:23:27.522,0.90711,0.90702,1.02,1.5
2014.08.12,00:23:28.547,0.90713,0.90702,1.67,1.5
2014.08.12,00:23:29.527,0.90712,0.90702,1.32,1.5
2014.08.12,00:23:30.937,0.90711,0.90699,2.07,2.59
2014.08.12,00:23:30.987,0.9071,0.90699,1.38,2.52
2014.08.12,00:23:31.190,0.9071,0.90702,1,1
2014.08.12,00:23:31.696,0.9071,0.90702,1.19,1
2014.08.12,00:23:32.439,0.90711,0.90702,1.69,1
2014.08.12,00:23:32.692,0.90706,0.90697,1,1.5
2014.08.12,00:23:33.198,0.90706,0.90695,1,2.97
2014.08.12,00:23:33.737,0.90706,0.90695,1,2.22
2014.08.12,00:23:34.244,0.90706,0.90696,1,1.58
2014.08.12,00:23:38.394,0.90706,0.90697,1,1.5
2014.08.12,00:23:38.903,0.90708,0.90697,1.74,1.5
2014.08.12,00:23:41.490,0.90708,0.90697,1.72,1.5
2014.08.12,00:23:42.451,0.90708,0.90697,1.74,1.5
2014.08.12,00:23:44.451,0.90709,0.90697,1.72,1.5
2014.08.12,00:23:51.984,0.90708,0.90696,1.72,1
2014.08.12,00:23:52.388,0.90707,0.90693,2.97,5.59
2014.08.12,00:23:52.692,0.90704,0.90692,1.78,3.19
2014.08.12,00:23:53.047,0.90702,0.9069,1.1,1.95
2014.08.12,00:23:53.603,0.90704,0.90692,2.22,1
2014.08.12,00:23:55.965,0.90704,0.90694,1.02,1
2014.08.12,00:23:56.471,0.90704,0.90693,1.39,1
2014.08.12,00:23:57.209,0.90704,0.90693,2.14,1
2014.08.12,00:23:57.715,0.90704,0.90692,2.14,2.7
2014.08.12,00:24:11.278,0.90704,0.90692,1.39,2.14
2014.08.12,00:24:12.298,0.90704,0.90692,2.14,1.95
2014.08.12,00:24:16.135,0.90704,0.90692,2.07,2.7
2014.08.12,00:24:16.671,0.90704,0.90692,1.32,2.97
2014.08.12,00:24:27.710,0.90704,0.90692,1.47,2.07
2014.08.12,00:24:28.398,0.90704,0.90692,2.22,1.88
2014.08.12,00:24:30.422,0.90704,0.90692,1.32,1.88
2014.08.12,00:24:36.277,0.90704,0.90692,1.39,1.88
2014.08.12,00:24:48.379,0.90701,0.90692,1,1
2014.08.12,00:24:48.886,0.90703,0.90692,1.37,1.5
2014.08.12,00:25:00.833,0.90703,0.90692,1.74,1.5
2014.08.12,00:25:07.251,0.90704,0.90692,2.22,2.25
2014.08.12,00:25:07.757,0.90704,0.90692,2.14,2.33
2014.08.12,00:25:25.329,0.90704,0.90692,1.2,2.7
2014.08.12,00:25:26.804,0.90704,0.90692,1.18,2.25
2014.08.12,00:25:27.334,0.90704,0.90692,1.1,2.33
2014.08.12,00:25:27.842,0.90704,0.90692,1.2,2.25
2014.08.12,00:25:28.403,0.90704,0.90692,1.2,2.33
2014.08.12,00:25:32.305,0.90704,0.90692,1.2,2.25
2014.08.12,00:25:32.818,0.90704,0.90692,1.2,2.33
2014.08.12,00:25:35.016,0.90704,0.90692,1.2,2.25
2014.08.12,00:25:35.319,0.90704,0.90695,1.13,1
2014.08.12,00:25:38.658,0.90708,0.90697,1.72,1
2014.08.12,00:25:39.651,0.90708,0.90697,1.37,1
2014.08.12,00:25:46.467,0.90707,0.90697,1.39,1
2014.08.12,00:25:47.442,0.90708,0.90697,1.47,1
2014.08.12,00:25:55.853,0.90708,0.90697,2.22,1
2014.08.12,00:25:59.467,0.90705,0.90697,1.67,1
2014.08.12,00:25:59.569,0.90704,0.90692,2.22,1
2014.08.12,00:25:59.874,0.90704,0.90692,2.22,1
2014.08.12,00:26:00.655,0.90703,0.90692,2.14,1
2014.08.12,00:26:05.916,0.90702,0.90692,2.07,1
2014.08.12,00:26:06.170,0.90701,0.90689,1.32,1.09
2014.08.12,00:26:06.374,0.90702,0.90692,2.22,1
2014.08.12,00:26:12.486,0.90704,0.90692,2.22,1
2014.08.12,00:26:12.891,0.90704,0.90694,1.84,1
2014.08.12,00:26:13.043,0.90704,0.90694,1.09,1
2014.08.12,00:26:13.195,0.90706,0.90697,1.69,1
2014.08.12,00:26:14.014,0.90707,0.90697,2.14,1
2014.08.12,00:26:19.080,0.90707,0.90697,1.67,1
2014.08.12,00:26:21.884,0.90707,0.90697,1.77,1
2014.08.12,00:26:31.826,0.90707,0.90697,1.67,1
2014.08.12,00:26:32.130,0.90706,0.90694,2.22,1
2014.08.12,00:26:32.636,0.90705,0.90694,1.67,1
2014.08.12,00:26:45.251,0.90706,0.90694,2.22,1.5
2014.08.12,00:26:49.333,0.90706,0.90694,1.74,1.5
2014.08.12,00:26:49.384,0.90708,0.90696,2.97,1
2014.08.12,00:26:49.890,0.90708,0.90696,1.72,1
2014.08.12,00:26:52.060,0.90707,0.90697,1.37,1
2014.08.12,00:26:52.970,0.90708,0.90697,1.37,1
2014.08.12,00:26:53.475,0.90708,0.90697,1.34,1
2014.08.12,00:26:53.979,0.90708,0.90697,1.37,1
2014.08.12,00:27:12.239,0.90704,0.90697,1,1
2014.08.12,00:27:12.506,0.90707,0.90696,1.2,1.25
2014.08.12,00:27:13.151,0.90707,0.90696,1.77,1
2014.08.12,00:27:15.033,0.90707,0.90697,1.77,1
2014.08.12,00:27:15.539,0.90707,0.90697,1.77,1
2014.08.12,00:27:17.307,0.90704,0.90697,1,1
2014.08.12,00:27:17.813,0.90704,0.90696,1,1
2014.08.12,00:27:21.534,0.90704,0.90694,1,1.13
2014.08.12,00:27:27.679,0.90704,0.90694,1,1.38
2014.08.12,00:27:33.660,0.90704,0.90694,1.25,1.88
2014.08.12,00:27:33.762,0.90704,0.90694,1.09,1.13
2014.08.12,00:27:34.310,0.90702,0.90693,1.1,1.88
2014.08.12,00:27:36.168,0.90702,0.90694,1.1,1
2014.08.12,00:27:37.339,0.90702,0.90693,1.1,1.13
2014.08.12,00:27:38.952,0.90702,0.90694,1.1,1
2014.08.12,00:27:51.306,0.90702,0.90695,1.1,1
2014.08.12,00:28:19.821,0.90704,0.90695,1.37,1
2014.08.12,00:28:20.481,0.90705,0.90694,1.84,1.88
2014.08.12,00:28:20.988,0.90702,0.90694,1,1.88
2014.08.12,00:28:28.309,0.90702,0.90695,1,1
2014.08.12,00:28:38.061,0.90702,0.90693,1,1.5
2014.08.12,00:28:38.163,0.90702,0.90695,1,1
2014.08.12,00:28:59.198,0.90702,0.90697,1,1
2014.08.12,00:28:59.300,0.90704,0.90697,1.1,1
2014.08.12,00:29:00.189,0.90704,0.90696,1.1,1
2014.08.12,00:29:00.494,0.90704,0.90699,1.1,1
2014.08.12,00:29:00.646,0.90704,0.90695,1.1,1.5
2014.08.12,00:29:01.152,0.90706,0.90695,1.19,1.1
2014.08.12,00:29:01.658,0.90707,0.90695,2.59,1
2014.08.12,00:29:03.260,0.90704,0.90695,1,1
2014.08.12,00:29:04.112,0.90704,0.90694,1,1.1
2014.08.12,00:29:07.338,0.90704,0.90693,1,1.55
2014.08.12,00:29:07.641,0.90707,0.90696,1.69,1.1
2014.08.12,00:29:08.191,0.90707,0.90696,1.25,1.2
2014.08.12,00:29:11.337,0.90707,0.90694,1.25,2.97
2014.08.12,00:29:11.388,0.90707,0.90699,1.25,1
2014.08.12,00:29:13.400,0.90707,0.907,1,1
2014.08.12,00:29:14.510,0.90707,0.90699,1,1
2014.08.12,00:29:15.083,0.90707,0.90698,1,1
2014.08.12,00:29:16.134,0.90709,0.90698,1.77,1.38
2014.08.12,00:29:16.438,0.90714,0.90704,2.89,1.2
2014.08.12,00:29:16.590,0.90714,0.90702,2.14,1.58
2014.08.12,00:29:16.893,0.90711,0.90701,1,1.15
2014.08.12,00:29:17.197,0.90715,0.90707,1.69,1
2014.08.12,00:29:17.703,0.90716,0.90707,1.19,1
2014.08.12,00:29:18.513,0.90717,0.90707,1.69,1
2014.08.12,00:29:18.922,0.90717,0.90709,1.57,1
2014.08.12,00:29:21.476,0.90718,0.90709,1.32,1.1
2014.08.12,00:29:23.781,0.90719,0.90709,1.19,1.5
2014.08.12,00:29:27.483,0.90718,0.90709,1.25,1.18
2014.08.12,00:29:27.837,0.90721,0.90709,1.25,1.65
2014.08.12,00:29:30.638,0.90721,0.90712,1,1
2014.08.12,00:29:34.560,0.90721,0.90712,1,1.2
2014.08.12,00:29:34.915,0.90724,0.90712,1.25,2.03
2014.08.12,00:29:35.421,0.90725,0.90714,1.29,1
2014.08.12,00:29:35.966,0.90726,0.90714,1.84,1
2014.08.12,00:29:37.878,0.90726,0.90714,1.77,1.95
2014.08.12,00:29:42.624,0.90725,0.90714,1.29,1.88
2014.08.12,00:29:43.539,0.90725,0.90714,1.19,1.95
2014.08.12,00:29:44.045,0.90726,0.90715,1.77,1.38
2014.08.12,00:29:48.000,0.90726,0.90715,1.77,1.38
2014.08.12,00:29:51.664,0.90726,0.90717,1.1,1.13
2014.08.12,00:29:52.663,0.90726,0.90717,1.77,1.13
2014.08.12,00:29:56.819,0.90726,0.90714,1.77,1.48
2014.08.12,00:29:57.336,0.90726,0.90714,1.77,1.48
2014.08.12,00:29:57.870,0.90726,0.90714,1.02,1.48
2014.08.12,00:30:00.290,0.90726,0.90714,1.02,1.48
2014.08.12,00:30:00.801,0.90726,0.90714,1.77,1.95
2014.08.12,00:30:01.310,0.90726,0.90714,1.77,1.48
2014.08.12,00:30:02.079,0.90726,0.90714,1.77,1.48
2014.08.12,00:30:02.284,0.90726,0.90714,1.77,1.48
2014.08.12,00:30:02.847,0.90726,0.90714,1.77,1.48
2014.08.12,00:30:06.689,0.90726,0.90717,1.02,1
2014.08.12,00:30:07.678,0.90726,0.90717,1.77,1
2014.08.12,00:30:20.850,0.90726,0.90717,1.25,1.13
2014.08.12,00:30:21.356,0.90726,0.90715,1.25,1.55
2014.08.12,00:30:21.559,0.90724,0.90715,1,1.55
2014.08.12,00:30:50.935,0.90726,0.90716,1.69,1.13
2014.08.12,00:30:51.441,0.90726,0.90716,1.25,1.88
2014.08.12,00:31:07.432,0.90726,0.90716,1,1.15
2014.08.12,00:31:13.188,0.90726,0.90716,1,1.18
2014.08.12,00:31:13.745,0.90726,0.90716,1,1.1
2014.08.12,00:31:18.252,0.90726,0.90717,1,1
2014.08.12,00:31:18.794,0.90726,0.90716,1,1.58
2014.08.12,00:31:19.720,0.90726,0.90719,1,1
2014.08.12,00:31:20.226,0.90728,0.90719,1.19,1.58
2014.08.12,00:31:20.277,0.9073,0.90719,1.19,1.58
2014.08.12,00:31:21.241,0.90731,0.90719,1.29,1.58
2014.08.12,00:31:22.464,0.90729,0.90719,1,1.1
2014.08.12,00:31:24.504,0.90729,0.90719,1.25,1.08
2014.08.12,00:31:24.808,0.9073,0.90723,1.19,1
2014.08.12,00:31:24.859,0.90731,0.90723,1.25,1
2014.08.12,00:31:25.162,0.90732,0.90721,2.52,1
2014.08.12,00:31:25.314,0.9073,0.90723,1,1
2014.08.12,00:31:25.819,0.90732,0.90723,2.44,1
2014.08.12,00:31:29.065,0.90732,0.90723,1.25,1
2014.08.12,00:31:34.698,0.90732,0.90723,1.69,1
2014.08.12,00:31:36.387,0.90734,0.90723,1.77,1
2014.08.12,00:31:37.518,0.90734,0.90723,1.69,1.18
2014.08.12,00:31:38.133,0.90734,0.90723,2.44,1.2
2014.08.12,00:31:38.639,0.90733,0.90723,1.19,1.1
2014.08.12,00:31:45.124,0.90734,0.90723,1.69,1.1
2014.08.12,00:31:46.110,0.90733,0.90723,1.19,1.1
2014.08.12,00:31:47.913,0.90733,0.90723,1.19,1.18
2014.08.12,00:31:48.439,0.90734,0.90723,2.44,1
2014.08.12,00:31:52.044,0.90734,0.90723,2.44,1.18
2014.08.12,00:31:52.500,0.90734,0.90726,1.19,1
2014.08.12,00:31:52.550,0.90737,0.90727,2.52,1
2014.08.12,00:31:55.134,0.90737,0.90726,1.69,1.58
2014.08.12,00:31:55.640,0.90737,0.90727,1.69,1.1
2014.08.12,00:31:57.417,0.90737,0.90725,1.77,1.1
2014.08.12,00:31:57.518,0.90736,0.90725,1.19,1.1
2014.08.12,00:31:58.534,0.90736,0.90725,1.77,1
2014.08.12,00:31:59.978,0.90736,0.90727,1.29,1
2014.08.12,00:32:00.434,0.90737,0.90727,1.25,1
2014.08.12,00:32:01.145,0.90738,0.90729,1.77,1
2014.08.12,00:32:01.656,0.90739,0.90729,1.77,1
2014.08.12,00:32:03.047,0.90739,0.90728,1.77,1
2014.08.12,00:32:03.558,0.90739,0.90729,2.52,1
2014.08.12,00:32:04.075,0.90738,0.90729,1.19,1
2014.08.12,00:32:04.872,0.90739,0.90729,1.69,1
2014.08.12,00:32:10.593,0.90739,0.90728,1.69,1.1
2014.08.12,00:32:16.888,0.90739,0.90727,1.77,1.1
2014.08.12,00:32:17.913,0.90739,0.90726,1.84,1.77
2014.08.12,00:32:18.495,0.90738,0.90726,1.29,1.58
2014.08.12,00:32:19.113,0.90738,0.90726,1.19,1.65
2014.08.12,00:32:19.904,0.90738,0.90726,1.29,1.58
2014.08.12,00:32:20.449,0.90738,0.90726,1.19,1.65
2014.08.12,00:32:21.367,0.90739,0.90726,1.02,1.65
2014.08.12,00:32:21.882,0.90739,0.90726,1.09,1.58
2014.08.12,00:32:22.388,0.9074,0.90727,2.59,1
2014.08.12,00:32:23.367,0.90738,0.90727,1.29,1
2014.08.12,00:32:24.389,0.90739,0.90727,1.37,1
2014.08.12,00:32:28.032,0.90739,0.90727,1.19,1.18
2014.08.12,00:32:36.027,0.90739,0.90727,1.27,1.1
2014.08.12,00:32:36.532,0.90738,0.90726,1.19,1.58
2014.08.12,00:32:37.519,0.90739,0.90726,1.77,1.77
2014.08.12,00:32:38.039,0.90739,0.90726,1.84,1.77
2014.08.12,00:32:38.545,0.90739,0.90726,1.77,1.84
2014.08.12,00:32:39.068,0.90739,0.90728,1.77,1
2014.08.12,00:32:52.276,0.90739,0.90728,1.69,1.18
2014.08.12,00:32:52.832,0.90739,0.90728,1.25,1.18
2014.08.12,00:33:00.556,0.90739,0.90728,1.25,1.1
2014.08.12,00:33:01.862,0.90739,0.90728,1.25,1.08
2014.08.12,00:33:02.586,0.90739,0.90728,1.69,1.08
2014.08.12,00:33:03.576,0.90739,0.90728,1.25,1.08
2014.08.12,00:33:04.910,0.90739,0.90728,1.25,1.1
2014.08.12,00:33:05.648,0.90739,0.90728,1.69,1.2
2014.08.12,00:33:12.670,0.90739,0.90728,1.02,1
2014.08.12,00:33:15.687,0.90739,0.90728,1.77,1.5
2014.08.12,00:33:29.165,0.90739,0.90728,2.59,1
2014.08.12,00:33:30.046,0.90739,0.90728,2.59,1
2014.08.12,00:33:30.591,0.90739,0.90728,2.59,1
2014.08.12,00:33:31.137,0.90739,0.90726,2.59,2.44
2014.08.12,00:33:36.624,0.90738,0.90727,1.29,1
2014.08.12,00:33:40.756,0.90739,0.90727,1.37,1
2014.08.12,00:33:43.116,0.90739,0.90726,1.84,1.69
2014.08.12,00:33:43.673,0.90739,0.90726,1.84,1.77
2014.08.12,00:33:44.178,0.90738,0.90726,1.29,1.58
2014.08.12,00:33:47.872,0.90739,0.90726,1.37,2.52
2014.08.12,00:33:49.160,0.90739,0.90727,1.37,1
2014.08.12,00:33:51.355,0.90739,0.90728,1.27,1
2014.08.12,00:33:56.914,0.90739,0.90727,1.37,1
2014.08.12,00:33:59.923,0.90741,0.90727,2.59,1.1
2014.08.12,00:34:00.876,0.90739,0.90727,1.29,1.1
2014.08.12,00:34:05.922,0.9074,0.90727,1.27,1.77
2014.08.12,00:34:06.968,0.9074,0.90728,1.27,1
2014.08.12,00:34:09.694,0.9074,0.90727,1.27,1.77
2014.08.12,00:34:11.721,0.9074,0.90727,1.29,1.84
2014.08.12,00:34:12.615,0.90741,0.90727,2.59,2.59
2014.08.12,00:34:13.930,0.9074,0.90728,1.29,1.1
2014.08.12,00:34:15.935,0.90739,0.90727,1.19,1.18
2014.08.12,00:34:16.450,0.90739,0.90727,1.27,1
2014.08.12,00:34:18.938,0.90739,0.90728,1.27,1
2014.08.12,00:34:22.923,0.9074,0.90728,1.39,1
2014.08.12,00:34:27.450,0.9074,0.90728,1.19,1.18
2014.08.12,00:34:28.762,0.9074,0.90728,1.29,1.1
2014.08.12,00:34:29.306,0.90739,0.90728,1.19,1.18
2014.08.12,00:34:30.284,0.9074,0.90729,1.19,1.1
2014.08.12,00:34:31.916,0.9074,0.90728,1.29,1.1
2014.08.12,00:34:32.427,0.90739,0.90728,1.19,1.1
2014.08.12,00:34:33.447,0.90741,0.90728,1.37,1.1
2014.08.12,00:34:38.522,0.90741,0.90728,1.84,1.08
2014.08.12,00:34:38.875,0.90739,0.90728,1.19,1.1
2014.08.12,00:34:41.863,0.9074,0.90728,1.77,1.1
2014.08.12,00:34:53.867,0.9074,0.90727,1.19,2.59
2014.08.12,00:34:54.426,0.9074,0.90727,1.29,2.52
2014.08.12,00:34:55.920,0.9074,0.90729,1.29,1
2014.08.12,00:34:56.884,0.9074,0.90728,1.29,1.1
2014.08.12,00:34:58.005,0.9074,0.9073,1.29,1
2014.08.12,00:34:59.801,0.90741,0.9073,1.29,1
2014.08.12,00:35:00.310,0.90741,0.90731,1.19,1
2014.08.12,00:35:01.222,0.90741,0.90729,1.19,2.4
2014.08.12,00:35:01.944,0.90741,0.90729,1.19,2.4
2014.08.12,00:35:05.939,0.90739,0.90729,1,1.65
2014.08.12,00:35:07.478,0.90739,0.90729,1,1.18
2014.08.12,00:35:13.119,0.90739,0.90729,1,1
2014.08.12,00:35:21.787,0.90739,0.90728,1.25,1.1
2014.08.12,00:35:22.300,0.90739,0.90729,1.69,1
2014.08.12,00:35:23.067,0.90739,0.90729,1.25,1
2014.08.12,00:35:24.548,0.90739,0.9073,1.25,1
2014.08.12,00:35:40.006,0.90739,0.9073,1,2.52
2014.08.12,00:35:43.499,0.90739,0.9073,1,1.25
2014.08.12,00:35:55.565,0.90739,0.9073,1,3.19
2014.08.12,00:36:05.966,0.90744,0.90731,1.84,1.25
2014.08.12,00:36:07.397,0.90744,0.90731,1.37,2.07
2014.08.12,00:36:07.448,0.90744,0.90731,1.37,2.14
2014.08.12,00:36:07.671,0.90741,0.90731,1,5.89
2014.08.12,00:36:26.105,0.90741,0.90733,1,1
2014.08.12,00:36:47.034,0.90739,0.90733,1,1
2014.08.12,00:36:54.568,0.90739,0.90732,1,1.5
2014.08.12,00:36:59.505,0.90739,0.90732,1,2.63
2014.08.12,00:36:59.606,0.90741,0.90733,1.25,1.13
2014.08.12,00:37:10.154,0.90741,0.90732,1,2.07
2014.08.12,00:37:11.942,0.90741,0.90733,1,1
2014.08.12,00:37:26.140,0.90741,0.90732,1,1.88
2014.08.12,00:37:26.650,0.90741,0.90732,1,1.88
2014.08.12,00:37:59.626,0.90744,0.90731,1.77,2.89
2014.08.12,00:38:02.374,0.90739,0.90733,1,1
2014.08.12,00:38:22.622,0.90739,0.90729,1,3.72
2014.08.12,00:38:25.394,0.90739,0.90729,1,2.97
2014.08.12,00:38:29.221,0.90739,0.90733,1,1
2014.08.12,00:38:34.873,0.90739,0.90732,1,1
2014.08.12,00:38:35.378,0.90739,0.9073,1,1
2014.08.12,00:38:36.158,0.90739,0.90728,1.13,1.09
2014.08.12,00:38:36.679,0.90739,0.90728,2.03,1
2014.08.12,00:38:39.000,0.90739,0.90729,2.14,1.5
2014.08.12,00:38:39.538,0.90739,0.90729,1,1.95
2014.08.12,00:38:40.044,0.90739,0.9073,1,1.13
2014.08.12,00:38:49.717,0.90739,0.90731,1,1
2014.08.12,00:38:50.719,0.90739,0.90731,1,1.38
2014.08.12,00:38:51.833,0.90739,0.9073,1,1.88
2014.08.12,00:38:52.338,0.90739,0.9073,1,2.78
2014.08.12,00:38:52.540,0.90743,0.90732,1.77,1.13
2014.08.12,00:38:53.052,0.90743,0.90733,1.77,1
2014.08.12,00:38:53.557,0.90743,0.90732,1.77,1.13
2014.08.12,00:38:58.033,0.9074,0.90732,1,1.13
2014.08.12,00:38:59.339,0.9074,0.9073,1,2.97
2014.08.12,00:39:00.563,0.90742,0.90733,1.25,1.38
2014.08.12,00:39:06.104,0.90742,0.90732,1,1.38
2014.08.12,00:39:10.293,0.90742,0.90732,1,1.88
2014.08.12,00:39:19.468,0.90742,0.90736,1,1
2014.08.12,00:39:19.569,0.90744,0.90736,1.25,1.13
2014.08.12,00:39:22.180,0.90744,0.90735,1,1
2014.08.12,00:39:22.281,0.90744,0.90734,1.08,1
2014.08.12,00:39:22.585,0.90739,0.90734,1,1
2014.08.12,00:39:23.110,0.90739,0.90731,1,3.57
2014.08.12,00:39:23.313,0.90742,0.90731,1.1,3.57
2014.08.12,00:39:24.885,0.90742,0.90731,1,3.64
2014.08.12,00:39:25.089,0.90744,0.90734,1.69,1.5
2014.08.12,00:39:25.595,0.90744,0.90735,1,1
2014.08.12,00:39:26.111,0.90744,0.90734,1,1.88
2014.08.12,00:39:27.781,0.90744,0.90736,1,1
2014.08.12,00:39:28.299,0.90744,0.90737,1,3
2014.08.12,00:39:28.401,0.90747,0.90737,1.1,1
2014.08.12,00:39:28.911,0.90749,0.90737,1.69,1.65
2014.08.12,00:39:29.370,0.90749,0.90741,1.69,1
2014.08.12,00:39:29.472,0.90749,0.90739,1.69,1
2014.08.12,00:39:29.984,0.90749,0.9074,1.25,1
2014.08.12,00:39:30.035,0.90749,0.90738,1.25,1.58
2014.08.12,00:39:30.543,0.90749,0.90738,1.25,1.58
2014.08.12,00:39:31.073,0.90749,0.90738,1.25,1.58
2014.08.12,00:39:31.174,0.90749,0.9074,1.25,1
2014.08.12,00:39:31.679,0.90749,0.90739,1.25,1
2014.08.12,00:39:39.732,0.90749,0.90738,1,2.59
2014.08.12,00:39:58.341,0.90749,0.90738,1.25,1.58
2014.08.12,00:39:58.856,0.90749,0.90738,1.25,1.58
2014.08.12,00:39:59.210,0.90749,0.90738,1.47,1.5
2014.08.12,00:39:59.513,0.90744,0.90733,1.13,2.33
2014.08.12,00:40:00.603,0.90744,0.90733,1.69,2.33
2014.08.12,00:40:15.217,0.90743,0.90733,1.29,1.5
2014.08.12,00:40:16.545,0.90743,0.90734,1.29,2.25
2014.08.12,00:40:17.055,0.90743,0.90733,1.29,1.5
2014.08.12,00:40:19.838,0.90744,0.90733,1.84,1.5
2014.08.12,00:40:24.297,0.90744,0.90736,1.77,1
2014.08.12,00:40:24.399,0.90744,0.90734,1.25,1.58
2014.08.12,00:40:24.602,0.90745,0.90737,1.19,1
2014.08.12,00:40:24.654,0.90749,0.90737,2.97,1
2014.08.12,00:40:24.832,0.90746,0.90735,1,1.58
2014.08.12,00:40:25.369,0.90746,0.90735,1,1.65
2014.08.12,00:40:27.132,0.90746,0.90735,1,1.77
2014.08.12,00:40:27.672,0.90746,0.90735,1,1.84
2014.08.12,00:40:28.184,0.90746,0.90735,1.25,1.58
2014.08.12,00:40:28.694,0.90747,0.90737,1.29,1
2014.08.12,00:40:29.099,0.90749,0.90737,1.09,2.25
2014.08.12,00:40:29.760,0.90748,0.90737,1.39,2.25
2014.08.12,00:40:30.266,0.90746,0.90736,1,2.25
2014.08.12,00:40:30.793,0.90748,0.90737,1.29,1
2014.08.12,00:40:31.299,0.90746,0.90736,1,1.1
2014.08.12,00:40:39.649,0.90749,0.90736,1.37,1.77
2014.08.12,00:40:40.172,0.90749,0.90737,1.37,1.5
2014.08.12,00:40:44.770,0.90748,0.90737,1.29,1.5
2014.08.12,00:40:46.264,0.90748,0.90736,1.37,3
2014.08.12,00:40:46.802,0.90746,0.90736,1,1
2014.08.12,00:40:53.103,0.90747,0.90737,1.19,1
2014.08.12,00:40:53.910,0.90748,0.90737,1.29,2.25
2014.08.12,00:40:57.283,0.90746,0.90737,1,1.5
2014.08.12,00:40:57.786,0.90746,0.90735,1,2.89
2014.08.12,00:40:58.310,0.90748,0.90737,1.29,2.25
2014.08.12,00:40:59.900,0.90749,0.90737,1.84,2.25
2014.08.12,00:41:02.586,0.90749,0.90737,2.22,1
2014.08.12,00:41:12.325,0.90747,0.90737,1.29,1
2014.08.12,00:41:18.365,0.90749,0.90737,2.97,1
2014.08.12,00:41:18.920,0.90749,0.90737,2.97,1
2014.08.12,00:41:28.159,0.90749,0.90737,1.84,2.25
2014.08.12,00:41:28.684,0.90749,0.90737,1.84,2.25
2014.08.12,00:41:29.199,0.90749,0.90737,1.84,2.25
2014.08.12,00:41:33.129,0.90749,0.90737,1.84,2.25
2014.08.12,00:41:35.955,0.90749,0.90737,1.77,2.7
2014.08.12,00:41:36.463,0.90748,0.90737,1.19,2.7
2014.08.12,00:41:38.397,0.90749,0.90737,1.77,2.7
2014.08.12,00:41:58.548,0.90748,0.90737,1.19,1.1
2014.08.12,00:41:59.574,0.90749,0.90737,1.77,1.1
2014.08.12,00:42:04.563,0.9075,0.90737,2.22,2.33
2014.08.12,00:42:06.561,0.90749,0.90737,1.29,2.33
2014.08.12,00:42:08.726,0.90749,0.90737,1.29,2.7
2014.08.12,00:42:09.264,0.9075,0.90738,1.19,2.78
2014.08.12,00:42:09.889,0.90751,0.90738,1.29,2.97
2014.08.12,00:42:10.353,0.90751,0.9074,1.19,1.08
2014.08.12,00:42:10.867,0.90751,0.90741,1,1.18
2014.08.12,00:42:17.827,0.90751,0.9074,1,2.89
2014.08.12,00:42:19.093,0.90751,0.9074,1.69,1.1
2014.08.12,00:42:19.600,0.90749,0.90737,1,5.22
2014.08.12,00:42:21.742,0.90749,0.90741,1.25,1
2014.08.12,00:42:22.046,0.90751,0.90745,1,1
2014.08.12,00:42:30.110,0.90751,0.90744,1,1
2014.08.12,00:42:30.364,0.90751,0.90742,1,1
2014.08.12,00:42:33.116,0.90751,0.9074,1,4.47
2014.08.12,00:42:37.070,0.90751,0.9074,1,2.89
2014.08.12,00:42:39.227,0.90751,0.9074,1.47,2.25
2014.08.12,00:42:39.766,0.90751,0.9074,1.02,2.25
2014.08.12,00:42:40.272,0.90751,0.9074,1.84,2.25
2014.08.12,00:42:44.933,0.90749,0.9074,1,1
2014.08.12,00:42:45.439,0.90749,0.90738,1,2.89
2014.08.12,00:42:46.045,0.90749,0.90738,1.25,2.33
2014.08.12,00:42:48.139,0.90749,0.90738,1.09,2.25
2014.08.12,00:42:56.725,0.90749,0.90738,1.02,2.7
2014.08.12,00:42:57.266,0.90749,0.90738,1.25,2.7
2014.08.12,00:43:06.533,0.90749,0.90738,1,2.7
2014.08.12,00:43:26.161,0.90749,0.90738,1.47,2.25
2014.08.12,00:43:26.678,0.90749,0.90738,2.22,2.25
2014.08.12,00:43:27.188,0.90749,0.90738,2.22,2.25
2014.08.12,00:43:27.874,0.90749,0.90738,2.22,2.25
2014.08.12,00:43:28.416,0.90749,0.90738,2.22,2.25
2014.08.12,00:43:29.730,0.90749,0.90738,1.69,2.7
2014.08.12,00:43:30.388,0.90749,0.90739,1,1.13
2014.08.12,00:43:36.864,0.90749,0.90738,1,1.95
2014.08.12,00:43:37.370,0.90749,0.90738,1,1.95
2014.08.12,00:43:43.612,0.90749,0.90738,1,2.14
2014.08.12,00:43:45.351,0.9075,0.90739,1.29,2.25
2014.08.12,00:43:45.453,0.9075,0.90741,1.29,1
2014.08.12,00:43:45.959,0.9075,0.9074,1.19,2.25
2014.08.12,00:43:46.010,0.90751,0.9074,1.1,3.38
2014.08.12,00:43:46.112,0.90751,0.90743,1.1,1
2014.08.12,00:43:46.623,0.90751,0.90742,1,1.2
2014.08.12,00:43:47.141,0.90751,0.90743,1,1.1
2014.08.12,00:43:48.008,0.90751,0.90742,1,1
2014.08.12,00:43:48.521,0.90751,0.9074,1,3.34
2014.08.12,00:43:52.119,0.90751,0.9074,1,2.4
2014.08.12,00:43:52.685,0.90751,0.9074,1.08,2.25
2014.08.12,00:44:05.617,0.90751,0.90741,1.18,1
2014.08.12,00:44:06.123,0.90751,0.90741,1.1,1
2014.08.12,00:44:07.612,0.90751,0.90741,1.18,1
2014.08.12,00:44:08.157,0.90751,0.90741,1.1,1
2014.08.12,00:44:09.686,0.90751,0.90741,1.08,1
2014.08.12,00:44:10.659,0.90751,0.9074,1.08,3
2014.08.12,00:44:40.837,0.90751,0.9074,1.09,2.25
2014.08.12,00:44:41.720,0.90751,0.9074,1.77,2.25
2014.08.12,00:44:45.755,0.90752,0.9074,1.47,1.5
2014.08.12,00:44:50.372,0.90753,0.90742,2.22,1
2014.08.12,00:44:50.891,0.90753,0.90742,1.39,1
2014.08.12,00:44:53.446,0.90753,0.90741,1.39,1.1
2014.08.12,00:44:54.733,0.90752,0.9074,1.19,2.03
2014.08.12,00:45:06.203,0.90752,0.9074,1.74,2.25
2014.08.12,00:45:06.736,0.90751,0.9074,1.47,2.25
2014.08.12,00:45:09.763,0.90751,0.9074,2.14,1.5
2014.08.12,00:45:09.915,0.90749,0.90738,2.22,1
2014.08.12,00:45:10.429,0.90749,0.90738,2.22,1
2014.08.12,00:45:17.679,0.90748,0.90737,1.39,3
2014.08.12,00:45:18.203,0.90748,0.90738,1.39,1.5
2014.08.12,00:45:18.740,0.90749,0.90738,1.74,1.5
2014.08.12,00:45:27.753,0.90749,0.90739,1.74,2.25
2014.08.12,00:45:29.843,0.9075,0.90739,1.57,3.08
2014.08.12,00:45:30.366,0.9075,0.9074,1.57,1.5
2014.08.12,00:45:33.881,0.90751,0.9074,2.14,1.5
2014.08.12,00:45:36.110,0.90751,0.9074,2.14,1.5
2014.08.12,00:45:37.131,0.90751,0.9074,2.14,1.5
2014.08.12,00:45:37.646,0.9075,0.90739,1.2,3.75
2014.08.12,00:45:38.194,0.9075,0.90739,2.14,3.75
2014.08.12,00:45:43.208,0.9075,0.9074,1.19,1
2014.08.12,00:45:43.835,0.90751,0.9074,2.52,1
2014.08.12,00:45:48.835,0.90751,0.90739,1.84,3.08
2014.08.12,00:45:55.897,0.9075,0.90739,1.29,4.13
2014.08.12,00:45:58.444,0.90748,0.90739,1,2.25
2014.08.12,00:46:02.281,0.9075,0.90739,1.39,2.25
2014.08.12,00:46:04.480,0.90749,0.90739,1.19,2.25
2014.08.12,00:46:10.276,0.90748,0.9074,1.25,1.5
2014.08.12,00:46:17.574,0.9075,0.9074,1.19,2.25
2014.08.12,00:46:25.533,0.90749,0.9074,1.19,1.5
2014.08.12,00:46:26.527,0.9075,0.9074,2.07,1.5
2014.08.12,00:46:32.629,0.90749,0.9074,1.32,1.5
2014.08.12,00:46:34.731,0.9075,0.9074,2.07,1.5
2014.08.12,00:46:37.853,0.90749,0.9074,1.32,1.5
2014.08.12,00:46:39.398,0.90749,0.90738,1.19,2.33
2014.08.12,00:46:44.155,0.9075,0.90738,1.39,3.08
2014.08.12,00:46:44.670,0.9075,0.90738,1.39,3.08
2014.08.12,00:46:53.168,0.90749,0.90738,2.07,3.83
2014.08.12,00:46:55.774,0.90749,0.90738,1.32,3.83
2014.08.12,00:47:03.781,0.9075,0.90738,2.14,3.08
2014.08.12,00:47:04.237,0.90746,0.90738,1.33,1
2014.08.12,00:47:04.338,0.90746,0.90734,1.84,1.5
2014.08.12,00:47:04.541,0.90743,0.90733,1,1.5
2014.08.12,00:47:04.642,0.90743,0.90731,1.65,1
2014.08.12,00:47:04.693,0.90739,0.90731,1,1
2014.08.12,00:47:05.047,0.90739,0.90729,1,1.5
2014.08.12,00:47:05.574,0.90738,0.90729,1,1.5
2014.08.12,00:47:06.083,0.90739,0.90729,1,1
2014.08.12,00:47:06.221,0.90738,0.90729,1.19,1
2014.08.12,00:47:11.731,0.90739,0.90729,1.69,1.5
2014.08.12,00:47:15.025,0.90738,0.90729,1.19,1.5
2014.08.12,00:47:16.239,0.90739,0.90729,2.07,1.5
2014.08.12,00:47:19.347,0.9074,0.90729,2.14,1.5
2014.08.12,00:47:27.747,0.9074,0.90729,1.1,2.07
2014.08.12,00:47:28.051,0.90742,0.90731,1.29,3.38
2014.08.12,00:47:28.355,0.90744,0.90734,2.14,1
2014.08.12,00:47:30.323,0.90745,0.90734,2.14,1
2014.08.12,00:47:31.329,0.90744,0.90734,1.32,1
2014.08.12,00:47:32.038,0.90743,0.90733,1.25,1.1
2014.08.12,00:47:32.393,0.90741,0.90731,1,2.7
2014.08.12,00:47:32.949,0.90739,0.90731,1,1
2014.08.12,00:47:33.472,0.9074,0.90731,1,1
2014.08.12,00:47:33.975,0.9074,0.9073,1.69,1.2
2014.08.12,00:47:35.974,0.9074,0.90729,1.25,3.53
2014.08.12,00:47:38.941,0.9074,0.90729,1.69,3.53
2014.08.12,00:47:39.951,0.9074,0.90729,1.25,3.53
2014.08.12,00:47:41.550,0.9074,0.90729,1.2,1.5
2014.08.12,00:47:42.056,0.90741,0.90729,2.97,3
2014.08.12,00:47:43.067,0.9074,0.90729,1.25,3
2014.08.12,00:47:43.588,0.9074,0.90729,1.69,3
2014.08.12,00:47:44.808,0.90739,0.90729,1.25,4.28
2014.08.12,00:47:45.322,0.90739,0.90729,1.25,4.2
2014.08.12,00:47:45.836,0.9074,0.90729,1.25,4.2
2014.08.12,00:47:46.503,0.90741,0.90729,1.5,4.28
2014.08.12,00:47:47.017,0.90741,0.90729,1.5,4.28
2014.08.12,00:47:47.631,0.90741,0.90729,1.5,4.28
2014.08.12,00:47:55.265,0.90741,0.90731,1.69,1
2014.08.12,00:47:55.796,0.90742,0.90733,1.69,1
2014.08.12,00:47:56.482,0.90742,0.90733,1.25,1
2014.08.12,00:48:00.168,0.90743,0.90733,1.77,1
2014.08.12,00:48:02.526,0.90744,0.90734,1.69,1
2014.08.12,00:48:02.780,0.90746,0.90735,1.32,1.18
2014.08.12,00:48:03.286,0.90745,0.90734,1,2.33
2014.08.12,00:48:04.022,0.90746,0.90734,2.14,1.1
2014.08.12,00:48:04.538,0.90746,0.90734,2.14,2.33
2014.08.12,00:48:07.667,0.90746,0.90735,1.39,1
2014.08.12,00:48:08.179,0.90745,0.90735,1.69,1
2014.08.12,00:48:08.484,0.90744,0.90733,1.69,2.63
2014.08.12,00:48:08.990,0.90743,0.90733,1,1.5
2014.08.12,00:48:11.222,0.90743,0.90733,1.27,1.5
2014.08.12,00:48:11.728,0.90743,0.90732,1.69,1.1
2014.08.12,00:48:14.249,0.90742,0.90732,1.29,1
2014.08.12,00:48:17.457,0.90743,0.90733,1.77,1
2014.08.12,00:48:17.508,0.90743,0.90735,1.77,1
2014.08.12,00:48:18.460,0.90744,0.90735,1.69,1
2014.08.12,00:48:18.983,0.90744,0.90734,1.69,1.1
2014.08.12,00:48:19.489,0.90743,0.90733,1,1.53
2014.08.12,00:48:22.446,0.90744,0.90733,2.89,1.1
2014.08.12,00:48:23.103,0.90742,0.90732,1,1.2
2014.08.12,00:48:23.626,0.90742,0.90731,1,1.2
2014.08.12,00:48:24.187,0.90741,0.90731,1.19,1.13
2014.08.12,00:48:26.374,0.90742,0.90731,1.69,2.7
2014.08.12,00:48:42.378,0.90742,0.90731,1.25,1.2
2014.08.12,00:48:44.578,0.90742,0.9073,1.69,3.45
2014.08.12,00:48:49.196,0.90742,0.90731,1.02,1.88
2014.08.12,00:48:51.708,0.90742,0.90731,1.77,1.88
2014.08.12,00:49:01.226,0.90742,0.90731,1.02,1.88
2014.08.12,00:49:08.235,0.90742,0.90731,2.52,1.88
2014.08.12,00:49:11.222,0.90742,0.90731,1.77,2.25
2014.08.12,00:49:13.226,0.90742,0.90731,3.27,2.25
2014.08.12,00:49:14.238,0.90741,0.90731,1.19,2.25
2014.08.12,00:49:15.257,0.90742,0.90731,2.52,2.25
2014.08.12,00:49:16.280,0.90741,0.90731,1.19,2.25
2014.08.12,00:49:16.793,0.90739,0.9073,1,2.7
2014.08.12,00:49:17.301,0.90741,0.9073,1.69,2.63
2014.08.12,00:49:18.063,0.90741,0.9073,1.69,2.78
2014.08.12,00:49:18.683,0.90741,0.9073,1.69,2.7
2014.08.12,00:49:19.694,0.90741,0.9073,1.69,2.78
2014.08.12,00:49:20.534,0.9074,0.9073,1,2.7
2014.08.12,00:49:21.047,0.9074,0.9073,1,2.78
2014.08.12,00:49:22.504,0.9074,0.9073,1,2.7
2014.08.12,00:49:23.011,0.9074,0.9073,1,2.78
2014.08.12,00:49:23.690,0.9074,0.9073,1,1.88
2014.08.12,00:49:24.195,0.9074,0.9073,1.25,2.03
2014.08.12,00:49:27.043,0.9074,0.9073,1,1.95
2014.08.12,00:49:34.077,0.90742,0.9073,2.14,1.58
2014.08.12,00:49:34.627,0.9074,0.9073,1.25,1.58
2014.08.12,00:49:44.002,0.9074,0.9073,1.25,2.7
2014.08.12,00:49:44.520,0.9074,0.9073,1.25,2.33
2014.08.12,00:49:47.373,0.9074,0.9073,1.25,2.4
2014.08.12,00:49:47.917,0.9074,0.9073,1.25,2.33
2014.08.12,00:49:50.190,0.9074,0.9073,1.25,2.4
2014.08.12,00:49:50.599,0.90742,0.90731,1.77,2.63
2014.08.12,00:49:50.700,0.90742,0.90733,1.25,1.5
2014.08.12,00:49:51.206,0.90743,0.90734,1.19,1.5
2014.08.12,00:49:51.729,0.90744,0.90734,1.25,1.5
2014.08.12,00:49:53.531,0.90743,0.90734,1,1.5
2014.08.12,00:50:00.730,0.90744,0.90734,1.25,1
2014.08.12,00:50:11.588,0.90745,0.90732,2.59,3.27
2014.08.12,00:50:12.093,0.90744,0.90732,1.09,3.19
2014.08.12,00:50:12.599,0.90744,0.90732,1.84,3.38
2014.08.12,00:50:16.093,0.90744,0.90732,1.29,3.45
2014.08.12,00:50:16.650,0.90745,0.90734,1.19,1.1
2014.08.12,00:50:17.687,0.90745,0.90734,1.25,1.1
2014.08.12,00:50:19.493,0.90745,0.90734,1.25,1.18
2014.08.12,00:50:20.006,0.90745,0.90734,1.77,1
2014.08.12,00:50:20.309,0.90745,0.90734,2.59,1
2014.08.12,00:50:20.511,0.90742,0.90732,1,1.5
2014.08.12,00:50:37.991,0.90742,0.90732,1.39,1
2014.08.12,00:50:39.529,0.90743,0.90732,1.69,1.95
2014.08.12,00:50:44.095,0.90743,0.90732,1.25,1.95
2014.08.12,00:50:45.627,0.90743,0.90732,1.19,1.95
2014.08.12,00:50:46.598,0.90744,0.90732,1.02,1.95
2014.08.12,00:50:51.730,0.90744,0.90732,1.77,1.95
2014.08.12,00:50:56.756,0.90744,0.90732,1.77,1.2
2014.08.12,00:50:57.757,0.90744,0.90732,2.52,1.2
2014.08.12,00:50:59.411,0.90744,0.90732,2.97,1
2014.08.12,00:50:59.919,0.90744,0.90731,2.97,2.82
2014.08.12,00:51:08.925,0.90743,0.90731,1.29,4.13
2014.08.12,00:51:09.741,0.90744,0.90732,1.37,1.88
2014.08.12,00:51:37.823,0.90744,0.90732,1.29,1.95
2014.08.12,00:51:38.026,0.90746,0.90734,1.32,2.33
2014.08.12,00:51:38.535,0.90746,0.90737,1.32,1
2014.08.12,00:51:40.236,0.90748,0.90737,2.14,1
2014.08.12,00:51:46.946,0.90747,0.90737,1.32,1
2014.08.12,00:51:47.933,0.90747,0.90737,2.07,1
2014.08.12,00:51:49.054,0.90748,0.90737,1.39,1
2014.08.12,00:51:53.281,0.90747,0.90736,1.25,1.1
2014.08.12,00:51:53.585,0.90746,0.90734,1.72,1.5
2014.08.12,00:51:53.940,0.90744,0.90732,1.02,1.58
2014.08.12,00:51:54.091,0.90742,0.90732,1,1.1
2014.08.12,00:51:54.620,0.90742,0.90732,1.48,1
2014.08.12,00:51:54.773,0.90743,0.90732,1.2,1
2014.08.12,00:51:55.279,0.90744,0.90732,1.84,1.5
2014.08.12,00:51:56.943,0.90743,0.90732,1.77,1.88
2014.08.12,00:51:57.449,0.90742,0.90732,2.14,1
2014.08.12,00:51:59.453,0.90741,0.90732,1.19,1
2014.08.12,00:52:01.700,0.90742,0.90732,1.19,1
2014.08.12,00:52:08.492,0.90743,0.90732,1.39,1
2014.08.12,00:52:13.523,0.90742,0.90732,1.29,1
2014.08.12,00:52:14.505,0.90743,0.90732,1.39,1
2014.08.12,00:52:17.515,0.90742,0.90732,1.77,1
2014.08.12,00:52:20.101,0.9074,0.90732,1,1
2014.08.12,00:52:20.253,0.9074,0.9073,1,1.5
2014.08.12,00:52:20.795,0.9074,0.9073,1.63,1.5
2014.08.12,00:52:23.713,0.90739,0.9073,1.39,1.5
2014.08.12,00:52:24.741,0.9074,0.9073,2.22,1.5
2014.08.12,00:52:26.894,0.9074,0.9073,2.22,1.5
2014.08.12,00:52:27.403,0.9074,0.9073,2.22,1.5
2014.08.12,00:52:31.763,0.90742,0.9073,2.22,2.25
2014.08.12,00:52:40.493,0.90742,0.9073,2.22,1.5
2014.08.12,00:52:40.746,0.9074,0.9073,1.19,1.5
2014.08.12,00:52:41.771,0.90741,0.9073,1.32,1.5
2014.08.12,00:52:42.790,0.90742,0.9073,2.22,1.5
2014.08.12,00:52:43.967,0.9074,0.9073,1,1.5
2014.08.12,00:52:44.783,0.9074,0.9073,1.69,1.5
2014.08.12,00:52:47.196,0.90741,0.9073,1.69,1.5
2014.08.12,00:52:56.948,0.9074,0.9073,1.25,1.65
2014.08.12,00:52:57.478,0.9074,0.9073,1.69,1.58
2014.08.12,00:52:59.913,0.9074,0.9073,1.69,1.65
2014.08.12,00:53:00.459,0.9074,0.9073,1.69,1.5
2014.08.12,00:53:01.319,0.9074,0.9073,1.69,1.65
2014.08.12,00:53:01.825,0.9074,0.9073,1.69,1.58
2014.08.12,00:53:02.330,0.9074,0.9073,1.69,1.58
2014.08.12,00:53:02.835,0.9074,0.9073,1.69,1.58
2014.08.12,00:53:03.391,0.9074,0.9073,1.25,1.65
2014.08.12,00:53:03.947,0.9074,0.9073,1.25,1.58
2014.08.12,00:53:04.506,0.9074,0.9073,1.25,1.65
2014.08.12,00:53:05.011,0.9074,0.9073,1.25,1.58
2014.08.12,00:53:06.452,0.9074,0.9073,1.25,1.65
2014.08.12,00:53:07.409,0.9074,0.9073,1.25,1.58
2014.08.12,00:53:19.066,0.9074,0.9073,1.69,1.58
2014.08.12,00:53:24.074,0.9074,0.9073,1.32,1.58
2014.08.12,00:53:28.027,0.90741,0.90729,2.07,3.08
2014.08.12,00:53:28.538,0.9074,0.90729,1.57,3.83
2014.08.12,00:53:30.942,0.90741,0.90729,2.14,3.83
2014.08.12,00:53:31.459,0.9074,0.90729,1.32,3.83
2014.08.12,00:53:32.378,0.9074,0.9073,1.32,1
2014.08.12,00:53:33.218,0.90741,0.9073,2.14,1
2014.08.12,00:53:40.364,0.90741,0.9073,2.14,1
2014.08.12,00:53:58.761,0.90741,0.9073,2.07,1.1
2014.08.12,00:53:59.275,0.90741,0.9073,2.07,1.1
2014.08.12,00:54:05.018,0.90741,0.9073,1.69,1.1
2014.08.12,00:54:07.515,0.90741,0.9073,1.63,1.1
2014.08.12,00:54:21.092,0.90741,0.90729,2.82,3.15
2014.08.12,00:54:28.405,0.90742,0.90729,2.14,2.59
2014.08.12,00:54:29.071,0.90742,0.90729,2.14,2.59
2014.08.12,00:54:33.056,0.90742,0.90729,1.67,3.34
2014.08.12,00:54:33.868,0.9074,0.9073,1,1.58
2014.08.12,00:54:34.373,0.90742,0.90731,2.14,1
2014.08.12,00:54:40.844,0.90741,0.90731,1.19,1
2014.08.12,00:54:42.488,0.90741,0.9073,1.19,1.1
2014.08.12,00:54:48.052,0.90741,0.90729,1.69,2.78
2014.08.12,00:54:49.669,0.90741,0.9073,1.19,1.1
2014.08.12,00:54:50.448,0.90741,0.9073,1.19,1.18
2014.08.12,00:54:51.409,0.90741,0.9073,1.19,1.1
2014.08.12,00:54:51.911,0.90742,0.9073,2.07,1.2
2014.08.12,00:54:52.412,0.90742,0.9073,2.07,1.18
2014.08.12,00:54:52.926,0.90742,0.9073,1.25,2.78
2014.08.12,00:54:53.742,0.90742,0.90732,1.02,1
2014.08.12,00:54:54.311,0.9074,0.90732,1,1
2014.08.12,00:54:54.463,0.90741,0.9073,1,2.52
2014.08.12,00:54:54.977,0.90741,0.9073,1.69,2.33
2014.08.12,00:54:55.232,0.90741,0.90732,1.69,1
2014.08.12,00:54:55.746,0.90741,0.90732,1,1.18
2014.08.12,00:55:00.191,0.90744,0.90734,1.19,1.1
2014.08.12,00:55:00.293,0.90745,0.90734,1.69,1.58
2014.08.12,00:55:00.800,0.90745,0.90734,1.19,1.65
2014.08.12,00:55:01.305,0.90745,0.90734,1.25,1.65
2014.08.12,00:55:01.814,0.90745,0.90734,1.25,1.65
2014.08.12,00:55:02.423,0.90745,0.90734,1.19,1.65
2014.08.12,00:55:03.796,0.90744,0.90734,1.25,1
2014.08.12,00:55:03.897,0.90742,0.90734,1,1
2014.08.12,00:55:03.948,0.90741,0.90732,1,1
2014.08.12,00:55:04.252,0.90741,0.9073,1,1.1
2014.08.12,00:55:04.808,0.90741,0.9073,1,1.48
2014.08.12,00:55:05.264,0.90741,0.9073,1.69,1.95
2014.08.12,00:55:07.116,0.9074,0.9073,1.19,1.1
2014.08.12,00:55:10.699,0.90738,0.9073,1,1
2014.08.12,00:55:11.056,0.90739,0.90728,1.32,1.1
2014.08.12,00:55:11.563,0.90739,0.90728,2.22,1
2014.08.12,00:55:12.081,0.90739,0.90728,2.97,1
2014.08.12,00:55:12.233,0.90737,0.90727,2.52,1
2014.08.12,00:55:12.284,0.90735,0.90724,1.1,1.88
2014.08.12,00:55:12.811,0.90735,0.90723,1.84,2.25
2014.08.12,00:55:13.319,0.90734,0.90723,1.29,2.25
2014.08.12,00:55:15.987,0.90734,0.90723,1.19,2.4
2014.08.12,00:55:16.492,0.90735,0.90723,1.77,2.4
2014.08.12,00:55:17.082,0.90735,0.90723,1.69,3.15
2014.08.12,00:55:17.602,0.90735,0.90723,1.69,3.38
2014.08.12,00:55:18.284,0.90735,0.90723,1.69,3.38
2014.08.12,00:55:32.258,0.90734,0.90724,1.69,1.1
2014.08.12,00:55:35.266,0.90735,0.90724,2.07,1.58
2014.08.12,00:55:43.324,0.90735,0.90724,1.32,1.58
2014.08.12,00:55:44.695,0.90734,0.90724,1,1.58
2014.08.12,00:55:45.381,0.90736,0.90724,2.89,1.58
2014.08.12,00:55:46.788,0.90736,0.90724,2.44,3.15
2014.08.12,00:55:50.529,0.90736,0.90725,2.44,1.15
2014.08.12,00:55:51.049,0.90736,0.90727,1,1.18
2014.08.12,00:55:51.562,0.90738,0.90727,2.07,1.18
2014.08.12,00:55:52.084,0.90738,0.90727,1.32,1.18
2014.08.12,00:55:52.594,0.90738,0.90727,1.32,1.18
2014.08.12,00:55:53.103,0.90738,0.90727,1.32,1.18
2014.08.12,00:55:57.759,0.90739,0.90727,1.57,1.65
2014.08.12,00:55:58.518,0.90739,0.90727,1.57,1.65
2014.08.12,00:55:59.089,0.90739,0.90727,1.57,1.65
2014.08.12,00:56:00.168,0.90739,0.90727,1.57,1.65
2014.08.12,00:56:00.678,0.9074,0.90727,2.07,1.84
2014.08.12,00:56:00.728,0.9074,0.90727,2.07,1.84
2014.08.12,00:56:01.082,0.9074,0.90727,2.07,1.84
2014.08.12,00:56:01.742,0.9074,0.90727,2.14,1.84
2014.08.12,00:56:02.905,0.9074,0.90727,2.82,1.4
2014.08.12,00:56:03.412,0.9074,0.90727,2.89,1.09
2014.08.12,00:56:03.948,0.9074,0.90727,2.07,1.18
2014.08.12,00:56:04.476,0.9074,0.90727,2.14,1.18
2014.08.12,00:56:18.102,0.9074,0.90727,2.97,1.25
2014.08.12,00:56:18.692,0.90738,0.90727,2.07,1
2014.08.12,00:56:33.695,0.90738,0.90727,1.2,1
2014.08.12,00:56:35.538,0.90738,0.90727,1.2,1
2014.08.12,00:56:36.054,0.90739,0.90727,1.47,1
2014.08.12,00:56:36.612,0.90739,0.90727,1.47,1
2014.08.12,00:56:46.896,0.90739,0.90727,1.39,1.1
2014.08.12,00:56:47.407,0.90738,0.90728,1.38,1
2014.08.12,00:57:08.349,0.90738,0.90729,1.38,1.1
2014.08.12,00:57:08.762,0.9074,0.90729,1.57,1.18
2014.08.12,00:57:09.545,0.90741,0.9073,1.57,1.58
2014.08.12,00:57:09.648,0.90741,0.9073,1.57,1.65
2014.08.12,00:57:22.313,0.90742,0.9073,2.82,1.18
2014.08.12,00:57:23.951,0.90742,0.9073,3.19,1.18
2014.08.12,00:57:29.937,0.90741,0.90729,2.07,3.15
2014.08.12,00:57:36.338,0.90742,0.90729,2.82,1.84
2014.08.12,00:57:36.849,0.90741,0.90729,2.07,1.65
2014.08.12,00:57:38.158,0.9074,0.90729,1.63,1.5
2014.08.12,00:57:40.388,0.9074,0.90729,1.57,1.58
2014.08.12,00:57:51.642,0.90741,0.90729,1.67,1.58
2014.08.12,00:57:53.944,0.90741,0.90729,1.67,1.58
2014.08.12,00:58:02.874,0.9074,0.9073,1.57,1
2014.08.12,00:58:07.261,0.9074,0.90731,1.57,1
2014.08.12,00:58:07.465,0.9074,0.90729,1.32,1.58
2014.08.12,00:58:10.989,0.90741,0.90729,1.67,1.58
2014.08.12,00:58:24.413,0.9074,0.90729,1.32,1.1
2014.08.12,00:58:28.821,0.90739,0.90728,1.19,1.18
2014.08.12,00:58:29.935,0.9074,0.90728,1.57,1.18
2014.08.12,00:58:38.077,0.9074,0.90729,2.14,1
2014.08.12,00:58:38.607,0.9074,0.90729,1.29,1
2014.08.12,00:58:39.609,0.9074,0.90729,1.67,1
2014.08.12,00:58:45.005,0.9074,0.90729,1.29,1
2014.08.12,00:58:45.056,0.90737,0.90727,1,1.18
2014.08.12,00:58:45.561,0.90739,0.90729,1.19,1
2014.08.12,00:58:47.840,0.9074,0.90729,1.69,1.1
2014.08.12,00:58:48.876,0.90739,0.90729,1.19,1
2014.08.12,00:58:52.189,0.9074,0.90729,1.02,1
2014.08.12,00:58:54.963,0.90739,0.90729,1.19,1
2014.08.12,00:58:58.770,0.90739,0.90729,1.25,1
2014.08.12,00:59:17.957,0.90741,0.90729,1.39,1.58
2014.08.12,00:59:19.493,0.90741,0.9073,1.39,1.08
2014.08.12,00:59:20.054,0.90741,0.9073,1.63,1.15
2014.08.12,00:59:49.187,0.90742,0.9073,1.57,2.4
2014.08.12,00:59:59.416,0.90741,0.90731,1.32,1.18
2014.08.12,00:59:59.920,0.90741,0.90731,1.32,1.1
2014.08.12,01:00:00.803,0.90742,0.90731,2.07,1.1
2014.08.12,01:00:01.446,0.90742,0.90731,2.07,1.1
2014.08.12,01:00:03.819,0.90741,0.90729,2.14,1.1
2014.08.12,01:00:04.325,0.9074,0.90729,1.29,1
2014.08.12,01:00:04.831,0.9074,0.90729,1.57,1.1
2014.08.12,01:00:06.380,0.9074,0.90729,1.29,1
2014.08.12,01:00:07.309,0.9074,0.90729,1.67,1
2014.08.12,01:00:07.823,0.9074,0.90729,1.67,1
2014.08.12,01:00:11.102,0.9074,0.9073,1.57,1
2014.08.12,01:00:22.786,0.90741,0.9073,2.07,1.18
2014.08.12,01:00:23.320,0.90741,0.9073,1.57,1.2
2014.08.12,01:00:23.830,0.90742,0.9073,2.14,1.1
2014.08.12,01:00:24.689,0.90742,0.9073,2.07,1.18
2014.08.12,01:00:25.211,0.90742,0.9073,2.14,1.1
2014.08.12,01:00:27.165,0.90741,0.9073,1.32,1.1
2014.08.12,01:00:27.932,0.9074,0.9073,1.63,1.1
2014.08.12,01:00:28.444,0.9074,0.9073,1.25,1.1
2014.08.12,01:00:29.007,0.9074,0.9073,1.25,1.18
2014.08.12,01:00:29.518,0.9074,0.9073,1.19,1.18
2014.08.12,01:00:31.464,0.9074,0.9073,1.57,1.18
2014.08.12,01:00:31.978,0.9074,0.9073,1.57,1
2014.08.12,01:00:33.719,0.90742,0.9073,1.57,1.18
2014.08.12,01:00:34.229,0.90742,0.9073,1.67,1.58
2014.08.12,01:00:35.796,0.90741,0.9073,1.57,1.65
2014.08.12,01:00:36.402,0.90741,0.90731,1.32,1
2014.08.12,01:00:41.032,0.90741,0.90729,1.32,1.65
2014.08.12,01:00:46.293,0.90741,0.90729,1.32,1.18
2014.08.12,01:00:46.815,0.90742,0.9073,1.57,1.08
2014.08.12,01:00:50.051,0.90742,0.90732,1.19,1
2014.08.12,01:00:50.102,0.90744,0.90732,2.07,1.15
2014.08.12,01:00:50.607,0.90744,0.90733,1.32,3.08
2014.08.12,01:00:51.112,0.90744,0.90734,1.32,1
2014.08.12,01:00:52.879,0.90744,0.90734,1.32,1
2014.08.12,01:00:57.120,0.90744,0.90733,1.32,3.83
2014.08.12,01:01:01.625,0.90744,0.90733,1.19,2.4
2014.08.12,01:01:01.726,0.90744,0.90734,1.19,1.1
2014.08.12,01:01:02.701,0.90745,0.90734,1.19,1.1
2014.08.12,01:01:10.881,0.90745,0.90735,1.19,2.25
2014.08.12,01:01:11.437,0.90747,0.90736,1.77,1.13
2014.08.12,01:01:11.944,0.90748,0.90737,1.19,1.2
2014.08.12,01:01:12.520,0.90749,0.90737,2.14,1.2
2014.08.12,01:01:19.799,0.90749,0.90738,2.14,3
2014.08.12,01:01:20.659,0.90749,0.90738,1.39,3
2014.08.12,01:01:21.216,0.90749,0.9074,1.25,1.5
2014.08.12,01:01:23.099,0.90749,0.90738,1,2.89
2014.08.12,01:01:23.604,0.90749,0.90738,1,2.89
2014.08.12,01:01:24.704,0.9075,0.90741,1.29,1
2014.08.12,01:01:25.218,0.90751,0.9074,1.77,1.88
2014.08.12,01:01:25.993,0.90751,0.9074,1.02,1.88
2014.08.12,01:01:26.705,0.90751,0.90742,1.02,1
2014.08.12,01:01:29.586,0.90751,0.90742,1.25,1.88
2014.08.12,01:01:29.891,0.90751,0.90744,1,1.88
2014.08.12,01:01:30.455,0.90751,0.90744,1,1.13
2014.08.12,01:01:32.602,0.90751,0.90744,1,1.38
2014.08.12,01:01:33.420,0.90751,0.90746,1,1
2014.08.12,01:01:33.521,0.90756,0.90748,1.37,1
2014.08.12,01:01:33.825,0.90759,0.90752,1.39,1
2014.08.12,01:01:34.281,0.9076,0.90751,2.44,1.88
2014.08.12,01:01:34.586,0.90761,0.90753,1,1.88
2014.08.12,01:01:35.092,0.90761,0.90753,1,1.88
2014.08.12,01:01:35.194,0.90765,0.90754,1.13,3.38
2014.08.12,01:01:35.245,0.90765,0.90757,2.55,1.38
2014.08.12,01:01:35.296,0.90765,0.90757,2.1,2.63
2014.08.12,01:01:35.347,0.90768,0.90761,1.27,1
2014.08.12,01:01:35.668,0.90769,0.90762,1.47,1
2014.08.12,01:01:36.198,0.90769,0.90761,1,1.13
2014.08.12,01:01:37.275,0.90769,0.90762,1,1.38
2014.08.12,01:01:37.326,0.90771,0.90762,1.25,1.38
2014.08.12,01:01:37.591,0.90774,0.90764,1.19,1
2014.08.12,01:01:38.049,0.90774,0.90766,1.19,1
2014.08.12,01:01:38.607,0.90774,0.90766,1,1
2014.08.12,01:01:40.844,0.90774,0.90766,1,1.28
2014.08.12,01:01:41.371,0.90774,0.90768,1,1
2014.08.12,01:01:41.882,0.90774,0.90766,1,1.55
2014.08.12,01:01:43.518,0.90776,0.90767,1.25,1.88
2014.08.12,01:01:43.771,0.90776,0.90769,1,1
2014.08.12,01:01:44.198,0.90776,0.90767,1,1
2014.08.12,01:01:44.727,0.90776,0.90766,1,1.88
2014.08.12,01:01:49.154,0.90776,0.90768,1.25,1
2014.08.12,01:01:49.675,0.90776,0.90767,1,3.38
2014.08.12,01:01:50.663,0.90776,0.90768,1,1
2014.08.12,01:01:55.039,0.90776,0.90768,1,2.78
2014.08.12,01:01:55.292,0.90779,0.90771,1,1
2014.08.12,01:01:55.997,0.90779,0.90771,1,1.38
2014.08.12,01:01:56.255,0.90782,0.90771,1.25,2.03
2014.08.12,01:01:56.764,0.90782,0.90773,1.25,1
2014.08.12,01:02:01.358,0.90782,0.90772,1.38,1.58
2014.08.12,01:02:01.459,0.90782,0.90772,2.14,1
2014.08.12,01:02:01.763,0.90782,0.90772,1.09,1
2014.08.12,01:02:02.269,0.90782,0.90773,1.25,1
2014.08.12,01:02:02.777,0.90784,0.90774,2.44,1
2014.08.12,01:02:04.487,0.90784,0.90774,2.07,1
2014.08.12,01:02:06.073,0.90784,0.90774,1.63,1
2014.08.12,01:02:07.171,0.90784,0.90774,1.32,1
2014.08.12,01:02:08.483,0.90784,0.90773,1.25,1.58
2014.08.12,01:02:08.788,0.90787,0.90776,2.44,1
2014.08.12,01:02:09.448,0.90784,0.90775,1,1
2014.08.12,01:02:10.401,0.90784,0.90773,1.32,1.58
2014.08.12,01:02:14.904,0.90784,0.90773,1.69,1.58
2014.08.12,01:02:15.469,0.90784,0.90772,2.07,2.4
2014.08.12,01:02:20.022,0.90784,0.90772,2.07,1.65
2014.08.12,01:02:20.886,0.90784,0.90771,2.07,4.84
2014.08.12,01:02:21.393,0.90783,0.90772,1.57,2.33
2014.08.12,01:02:22.733,0.90784,0.90772,2.14,1.58
2014.08.12,01:02:24.254,0.90784,0.90773,1.69,1.58
2014.08.12,01:02:25.341,0.90784,0.90772,1.77,1.65
2014.08.12,01:02:26.202,0.90784,0.90772,1.77,2.7
2014.08.12,01:02:27.422,0.90784,0.90772,1.77,2.33
2014.08.12,01:02:29.538,0.90783,0.90772,1.25,1.58
2014.08.12,01:02:30.052,0.90783,0.90772,1.69,1.65
2014.08.12,01:02:33.329,0.90783,0.90772,1.19,2.03
2014.08.12,01:02:33.865,0.90783,0.90772,1.19,1.95
2014.08.12,01:02:41.161,0.90783,0.90772,1.25,1.95
2014.08.12,01:02:48.288,0.90783,0.90772,1.19,1.95
2014.08.12,01:02:51.727,0.90783,0.90772,1.25,1.95
2014.08.12,01:02:54.379,0.90781,0.90772,1,1.88
2014.08.12,01:02:56.111,0.90782,0.90772,1.25,1.88
2014.08.12,01:02:57.105,0.90782,0.90771,1.25,1.95
2014.08.12,01:02:57.612,0.90782,0.90772,1.25,1.5
2014.08.12,01:03:02.302,0.90781,0.90772,1,1.5
2014.08.12,01:03:02.816,0.90781,0.90771,1,1.95
2014.08.12,01:03:03.354,0.90781,0.90772,1,1
2014.08.12,01:03:03.868,0.90783,0.90772,1.77,1
2014.08.12,01:03:04.384,0.90782,0.90771,1.25,1.2
2014.08.12,01:03:04.946,0.90781,0.90771,1,1.1
2014.08.12,01:03:06.541,0.90783,0.90771,2.14,1.2
2014.08.12,01:03:07.198,0.90783,0.90772,2.14,1.5
2014.08.12,01:03:09.522,0.90782,0.9077,1.25,2.97
2014.08.12,01:03:11.649,0.90782,0.9077,1.19,2.78
2014.08.12,01:03:12.738,0.90783,0.9077,1.29,2.97
2014.08.12,01:03:15.510,0.90781,0.9077,1,2.59
2014.08.12,01:03:16.021,0.90782,0.9077,1.25,2.59
2014.08.12,01:03:16.723,0.90781,0.9077,1,2.59
2014.08.12,01:03:17.229,0.9078,0.9077,1,2.63
2014.08.12,01:03:18.246,0.90781,0.9077,1.25,2.33
2014.08.12,01:03:18.791,0.90782,0.9077,1.29,2.7
2014.08.12,01:03:19.310,0.90783,0.9077,2.22,2.89
2014.08.12,01:03:20.185,0.90783,0.90772,1.37,1.5
2014.08.12,01:03:20.851,0.90783,0.9077,1.74,3.64
2014.08.12,01:03:21.371,0.90782,0.9077,1.47,1.13
2014.08.12,01:03:21.777,0.90782,0.90772,1.29,1
2014.08.12,01:03:22.295,0.90783,0.90772,1.47,1
2014.08.12,01:03:22.930,0.90783,0.90772,1.74,1
2014.08.12,01:03:22.981,0.90783,0.90769,1.74,3.34
2014.08.12,01:03:23.525,0.90782,0.90769,1.47,2.89
2014.08.12,01:03:23.938,0.90782,0.90771,1.47,1
2014.08.12,01:03:25.315,0.90782,0.90769,1.47,3.64
2014.08.12,01:03:28.740,0.90782,0.90769,1.47,3.64
2014.08.12,01:03:34.135,0.90782,0.90771,1.29,1
2014.08.12,01:03:37.779,0.90782,0.90771,1.19,1.28
2014.08.12,01:03:39.161,0.90783,0.90771,2.07,1.28
2014.08.12,01:03:44.180,0.90783,0.90771,1.32,1.47
2014.08.12,01:03:45.154,0.90783,0.90771,2.07,1.18
2014.08.12,01:03:46.449,0.90782,0.9077,1.32,2.03
2014.08.12,01:03:47.573,0.90783,0.90772,1.19,1.1
2014.08.12,01:03:51.253,0.90783,0.90771,2.07,1.18
2014.08.12,01:03:51.608,0.90783,0.90771,2.07,1.15
2014.08.12,01:03:53.571,0.90782,0.90772,1,1.15
2014.08.12,01:04:00.249,0.90782,0.90771,1.25,1.18
2014.08.12,01:04:00.817,0.90782,0.90771,1.32,1.15
2014.08.12,01:04:01.781,0.90782,0.90771,2.07,1.15
2014.08.12,01:04:06.011,0.90782,0.90776,1.38,1
2014.08.12,01:04:06.113,0.90783,0.90775,1,1.18
2014.08.12,01:04:06.315,0.90786,0.90775,1.32,1.18
2014.08.12,01:04:06.366,0.90786,0.90775,1.32,1.1
2014.08.12,01:04:06.419,0.90786,0.90774,1.63,1.18
2014.08.12,01:04:06.622,0.90786,0.90774,1,1.33
2014.08.12,01:04:07.127,0.90787,0.90775,1.02,1.1
2014.08.12,01:04:07.633,0.90787,0.90776,1.02,1
2014.08.12,01:04:09.845,0.90787,0.90776,1,1.18
2014.08.12,01:04:12.729,0.90787,0.90776,1,1.15
2014.08.12,01:04:13.247,0.90787,0.90776,1,1.18
2014.08.12,01:04:15.453,0.90787,0.90775,1.32,1.4
2014.08.12,01:04:16.322,0.90787,0.90775,1.13,1.65
2014.08.12,01:04:16.832,0.90787,0.90775,1.13,1.65
2014.08.12,01:04:18.280,0.90787,0.90775,1.25,2.22
2014.08.12,01:04:19.907,0.90787,0.90775,1.25,1.47
2014.08.12,01:04:20.437,0.90787,0.90776,1.25,1.18
2014.08.12,01:04:23.934,0.90787,0.90775,1,2.22
2014.08.12,01:04:24.827,0.90787,0.90776,1,2.59
2014.08.12,01:04:27.086,0.90787,0.90775,1,2.97
2014.08.12,01:04:34.126,0.90787,0.90776,1,2.22
2014.08.12,01:04:34.638,0.90789,0.90777,2.44,2.78
2014.08.12,01:04:34.753,0.90789,0.90777,2.44,2.78
2014.08.12,01:04:35.259,0.90789,0.90777,1.5,2.4
2014.08.12,01:04:40.315,0.90789,0.90777,1.38,1.65
2014.08.12,01:04:40.835,0.90789,0.90777,1.13,1.65
2014.08.12,01:04:42.994,0.90788,0.90776,1.25,1.84
2014.08.12,01:04:56.969,0.90789,0.90776,2.52,2.14
2014.08.12,01:04:57.273,0.90789,0.90778,1,1.39
2014.08.12,01:05:00.129,0.90789,0.90778,1,1.39
2014.08.12,01:05:01.199,0.90789,0.90778,1.1,1.63
2014.08.12,01:05:01.301,0.90789,0.90777,1.77,4.58
2014.08.12,01:05:01.822,0.90789,0.90777,2.59,2.25
2014.08.12,01:05:03.160,0.90789,0.90777,2.52,1.95
2014.08.12,01:05:03.824,0.90789,0.90777,2.44,2.03
2014.08.12,01:05:04.339,0.90789,0.90777,2.44,1.95
2014.08.12,01:05:04.861,0.90789,0.90777,1.69,2.22
2014.08.12,01:05:05.475,0.90789,0.90777,2.07,2.97
2014.08.12,01:05:06.096,0.90789,0.90777,1.69,2.22
2014.08.12,01:05:06.654,0.90789,0.90776,1.69,4.47
2014.08.12,01:05:13.278,0.90789,0.90776,1,3.72
2014.08.12,01:05:15.219,0.90789,0.90777,1.1,3.64
2014.08.12,01:05:16.739,0.90789,0.90777,1.1,3.64
2014.08.12,01:05:17.297,0.90789,0.90777,1.1,3.64
2014.08.12,01:05:23.732,0.90789,0.90778,1,1.39
2014.08.12,01:05:26.072,0.90789,0.90779,1,1.88
2014.08.12,01:05:31.010,0.90789,0.90779,1,2.97
2014.08.12,01:05:31.971,0.90789,0.90779,1,2.22
2014.08.12,01:05:33.823,0.90789,0.90779,1,2.22
2014.08.12,01:05:34.445,0.90792,0.90779,1.47,2.52
2014.08.12,01:05:34.971,0.90791,0.90779,1.29,2.33
2014.08.12,01:05:39.706,0.90792,0.90779,1.47,2.52
2014.08.12,01:05:40.472,0.90792,0.9078,1.47,1
2014.08.12,01:05:40.992,0.90792,0.90781,1.39,1
2014.08.12,01:05:43.435,0.90792,0.9078,1.39,1.1
2014.08.12,01:05:46.391,0.90792,0.90782,1.29,1
2014.08.12,01:05:46.907,0.90792,0.90781,1.29,1
2014.08.12,01:05:47.413,0.90792,0.9078,1.39,1.1
2014.08.12,01:05:49.424,0.90792,0.9078,1.47,1
2014.08.12,01:05:49.937,0.90792,0.9078,1.39,1.1
2014.08.12,01:05:51.518,0.90793,0.90781,1.74,1
2014.08.12,01:05:52.052,0.90793,0.90781,1.72,1
2014.08.12,01:05:54.452,0.90792,0.9078,1.47,1
2014.08.12,01:05:54.958,0.90792,0.90779,1.47,2.82
2014.08.12,01:05:56.159,0.90792,0.90779,1.39,2.97
2014.08.12,01:05:57.038,0.90792,0.90779,1.47,2.82
2014.08.12,01:05:57.719,0.90792,0.90781,1.47,1
2014.08.12,01:05:58.402,0.90792,0.90779,1.47,2.89
2014.08.12,01:05:58.664,0.90792,0.9078,1.47,1
2014.08.12,01:05:59.165,0.90792,0.9078,1.72,1
2014.08.12,01:05:59.671,0.90791,0.90779,1.47,1.5
2014.08.12,01:06:00.512,0.90791,0.90779,1.47,1
2014.08.12,01:06:01.075,0.90791,0.90779,1.47,1
2014.08.12,01:06:01.580,0.90791,0.90777,2.22,4.32
2014.08.12,01:06:02.700,0.90791,0.90778,1.72,1.25
2014.08.12,01:06:03.215,0.9079,0.90779,1.39,1
2014.08.12,01:06:03.822,0.9079,0.90779,1.19,1.65
2014.08.12,01:06:03.923,0.90792,0.90779,1.39,1.84
2014.08.12,01:06:04.906,0.90791,0.90779,1.19,1.18
2014.08.12,01:06:05.461,0.90791,0.90779,1.39,1.1
2014.08.12,01:06:08.878,0.9079,0.90779,1.25,1.48
2014.08.12,01:06:09.384,0.90791,0.90779,1.29,1.95
2014.08.12,01:06:10.339,0.90792,0.9078,1.39,1.1
2014.08.12,01:06:15.514,0.90792,0.90781,1.29,1
2014.08.12,01:06:16.041,0.90792,0.90779,1.29,2.22
2014.08.12,01:06:16.845,0.90793,0.90779,1.84,2.03
2014.08.12,01:06:20.616,0.90793,0.9078,1.72,1.1
2014.08.12,01:06:21.127,0.90792,0.90779,1.74,2.14
2014.08.12,01:06:21.639,0.90791,0.90779,1.32,2.03
2014.08.12,01:06:29.377,0.90791,0.90778,2.22,1.32
2014.08.12,01:06:30.023,0.90791,0.90778,2.22,1.39
2014.08.12,01:06:30.564,0.9079,0.90778,1.29,1.2
2014.08.12,01:06:32.537,0.9079,0.90779,1.29,1
2014.08.12,01:06:33.308,0.9079,0.9078,1.29,1
2014.08.12,01:06:33.827,0.90791,0.90779,1.47,1
2014.08.12,01:06:34.554,0.90791,0.9078,1.47,1
2014.08.12,01:06:39.975,0.90791,0.90781,1.19,1
2014.08.12,01:06:40.513,0.90792,0.9078,1.19,1.95
2014.08.12,01:06:40.827,0.90794,0.90783,1.77,1.88
2014.08.12,01:06:41.953,0.90794,0.90786,1.02,1
2014.08.12,01:06:42.257,0.90797,0.90788,2.14,1
2014.08.12,01:06:47.760,0.90799,0.90786,4.47,1.5
2014.08.12,01:06:47.962,0.90797,0.90784,2.97,1.5
2014.08.12,01:06:48.265,0.90797,0.90784,3.72,1
2014.08.12,01:06:48.873,0.90794,0.90783,1.28,1.25
2014.08.12,01:06:54.906,0.90794,0.90784,1.84,1
2014.08.12,01:06:55.421,0.90794,0.90784,1.29,1.5
2014.08.12,01:06:55.941,0.90794,0.90784,1.02,1
2014.08.12,01:06:56.750,0.90794,0.90783,1.02,1.88
2014.08.12,01:07:08.312,0.90794,0.90785,1.25,1.13
2014.08.12,01:07:08.819,0.90797,0.90785,1.84,1.13
2014.08.12,01:07:14.168,0.90795,0.90784,1.1,1.5
2014.08.12,01:07:14.472,0.90792,0.90783,1.2,1.5
2014.08.12,01:07:14.978,0.90794,0.90783,2.03,1.5
2014.08.12,01:07:15.499,0.90794,0.90783,1.28,1.5
2014.08.12,01:07:16.302,0.90794,0.90783,1.84,1.5
2014.08.12,01:07:16.841,0.90794,0.90783,1.84,1.5
2014.08.12,01:07:17.455,0.90794,0.90783,1.09,1.5
2014.08.12,01:07:17.970,0.90794,0.90783,1.09,1.5
2014.08.12,01:07:21.242,0.90794,0.90784,1.02,1
2014.08.12,01:07:21.749,0.90796,0.90784,1.84,1.5
2014.08.12,01:07:22.269,0.90796,0.90784,1.84,1.5
2014.08.12,01:07:26.465,0.90794,0.90783,1.1,2.82
2014.08.12,01:07:28.411,0.90794,0.90783,1.08,2.82
2014.08.12,01:07:29.382,0.90794,0.90783,1.09,2.63
2014.08.12,01:07:29.888,0.90794,0.90783,1.02,2.63
2014.08.12,01:07:32.720,0.90794,0.90785,1.08,1
2014.08.12,01:07:33.256,0.90794,0.90783,1.18,4.32
2014.08.12,01:07:33.806,0.90794,0.90783,1.18,1.25
2014.08.12,01:07:33.908,0.90794,0.90781,1.84,3.64
2014.08.12,01:07:34.413,0.90794,0.90781,1.84,3.64
2014.08.12,01:07:35.222,0.90794,0.90781,1.09,4.39
2014.08.12,01:07:35.795,0.90794,0.90781,1.33,4.47
2014.08.12,01:07:37.852,0.90794,0.90782,1.18,1.19
2014.08.12,01:07:39.037,0.90794,0.90782,1.2,1.39
2014.08.12,01:07:39.538,0.90794,0.90782,1.18,1.32
2014.08.12,01:07:40.055,0.90794,0.90781,1.02,3.64
2014.08.12,01:07:45.594,0.90794,0.90785,1.02,1
2014.08.12,01:08:02.428,0.90794,0.90784,1,1
2014.08.12,01:08:03.097,0.90794,0.90783,1,1.39
2014.08.12,01:08:04.011,0.90794,0.90783,1,1.39
2014.08.12,01:08:04.541,0.90796,0.90785,1.19,1
2014.08.12,01:08:04.844,0.90796,0.90787,1.19,1
2014.08.12,01:08:05.470,0.90797,0.90787,1.25,1
2014.08.12,01:08:06.592,0.90797,0.90786,1.25,1
2014.08.12,01:08:07.098,0.90797,0.90786,1.09,1
2014.08.12,01:08:07.605,0.90797,0.90786,1.02,1
2014.08.12,01:08:08.501,0.90797,0.90786,1.33,1
2014.08.12,01:08:09.145,0.90797,0.90786,1.02,1
2014.08.12,01:08:10.221,0.90797,0.90787,1.02,1
2014.08.12,01:08:12.980,0.90797,0.90787,1.09,1
2014.08.12,01:08:14.626,0.90797,0.90786,1.09,1
2014.08.12,01:08:15.487,0.90797,0.90786,1.02,1
2014.08.12,01:08:15.994,0.90797,0.90786,1.09,1
2014.08.12,01:08:16.504,0.90797,0.90785,1.02,1.02
2014.08.12,01:08:18.008,0.90797,0.90785,1.33,1.25
2014.08.12,01:08:20.781,0.90797,0.90784,2.22,2.14
2014.08.12,01:08:21.286,0.90797,0.90785,2.22,1
2014.08.12,01:08:24.418,0.90797,0.90784,2.22,2.89
2014.08.12,01:08:24.959,0.90797,0.90785,2.22,1
2014.08.12,01:08:27.189,0.90797,0.90784,2.22,2.52
2014.08.12,01:08:27.707,0.90796,0.90784,1.39,1.58
2014.08.12,01:08:28.061,0.90794,0.90783,1.18,1.25
2014.08.12,01:08:28.163,0.90794,0.90781,1.28,2.14
2014.08.12,01:08:28.696,0.90794,0.90782,1.28,1.5
2014.08.12,01:08:30.337,0.90794,0.90781,2.22,3.64
2014.08.12,01:08:32.522,0.90793,0.90781,2.14,2.33
2014.08.12,01:08:40.737,0.90792,0.90781,1.19,1.58
2014.08.12,01:08:41.951,0.90793,0.90781,2.89,1.1
2014.08.12,01:08:51.580,0.90792,0.90781,1.29,1.5
2014.08.12,01:08:58.191,0.90793,0.90781,2.22,1.5
2014.08.12,01:09:03.410,0.90792,0.90781,1.29,1.5
2014.08.12,01:09:05.922,0.90792,0.9078,2.97,1
2014.08.12,01:09:13.094,0.90792,0.90782,2.52,1
2014.08.12,01:09:13.617,0.90792,0.90783,1.69,1
2014.08.12,01:09:14.131,0.90792,0.90783,1,1
2014.08.12,01:09:14.334,0.90792,0.90781,1,1.5
2014.08.12,01:09:18.631,0.90792,0.90782,1,1
2014.08.12,01:09:20.367,0.90792,0.90783,1.25,1
2014.08.12,01:09:21.128,0.90792,0.90781,1.25,1.5
2014.08.12,01:09:24.822,0.90793,0.90781,2.97,1.5
2014.08.12,01:09:25.361,0.90793,0.90781,2.97,1.5
2014.08.12,01:09:25.565,0.90793,0.90783,2.97,1
2014.08.12,01:09:27.866,0.90793,0.90784,2.22,1
2014.08.12,01:09:28.525,0.90793,0.90783,1.84,1
2014.08.12,01:09:29.093,0.90793,0.90782,1.77,1
2014.08.12,01:09:29.627,0.90793,0.90781,1.77,1.5
2014.08.12,01:09:31.491,0.90792,0.90782,1.02,1
2014.08.12,01:09:31.644,0.90794,0.90783,2.07,1
2014.08.12,01:09:39.957,0.90794,0.90782,1.47,1.25
2014.08.12,01:09:40.494,0.90794,0.90783,1.28,1
2014.08.12,01:09:43.574,0.90794,0.90782,1.28,1
2014.08.12,01:09:45.438,0.90794,0.90783,1.28,1
2014.08.12,01:09:46.271,0.90794,0.90783,1.28,1
2014.08.12,01:09:46.798,0.90794,0.90782,1.2,1.1
2014.08.12,01:09:47.774,0.90794,0.90781,2.14,1.84
2014.08.12,01:09:49.867,0.90794,0.90781,2.22,1.77
2014.08.12,01:09:50.279,0.90794,0.90781,2.22,2.44
2014.08.12,01:09:51.302,0.90794,0.90781,2.97,1.5
2014.08.12,01:09:52.208,0.90794,0.90781,2.97,1.5
2014.08.12,01:09:52.714,0.90793,0.90781,1.47,1
2014.08.12,01:09:53.238,0.90791,0.90781,1,1
2014.08.12,01:09:53.772,0.90791,0.9078,1,1.1
2014.08.12,01:09:54.850,0.90792,0.9078,1,1
2014.08.12,01:09:56.595,0.90792,0.90781,1,1.25
2014.08.12,01:09:57.102,0.90794,0.90782,2.14,1.1
2014.08.12,01:09:57.708,0.90794,0.90781,1.39,2.59
2014.08.12,01:09:58.256,0.90793,0.90781,1,2.59
2014.08.12,01:09:58.768,0.90793,0.90781,2.07,1.08
2014.08.12,01:09:59.277,0.90793,0.90781,2.14,1.1
2014.08.12,01:10:04.153,0.90793,0.90781,1.47,1.6
2014.08.12,01:10:04.305,0.90799,0.90785,1.58,5.76
2014.08.12,01:10:04.356,0.908,0.90793,1.8,1
2014.08.12,01:10:04.458,0.90799,0.90787,2.89,1
2014.08.12,01:10:04.559,0.90799,0.90787,2.52,1.08
2014.08.12,01:10:06.028,0.90799,0.90788,1.02,1
2014.08.12,01:10:06.543,0.908,0.90789,1.57,1
2014.08.12,01:10:08.643,0.90801,0.90792,1.2,3
2014.08.12,01:10:08.947,0.90805,0.90799,1,1
2014.08.12,01:10:09.049,0.90807,0.90799,1.25,1
2014.08.12,01:10:10.955,0.90805,0.90799,1,1
2014.08.12,01:10:11.311,0.90807,0.90796,2.22,1
2014.08.12,01:10:12.225,0.90807,0.90798,1.39,1
2014.08.12,01:10:12.351,0.90807,0.908,1.2,1
2014.08.12,01:10:12.707,0.90809,0.90797,1.74,1
2014.08.12,01:10:13.213,0.90809,0.90797,2.22,1
2014.08.12,01:10:13.770,0.90808,0.90797,2.07,1
2014.08.12,01:10:14.528,0.90807,0.90797,1.32,1
2014.08.12,01:10:14.882,0.90804,0.90794,1,1.47
2014.08.12,01:10:15.237,0.90807,0.90796,1.39,1
2014.08.12,01:10:15.742,0.90807,0.90797,1.39,1
2014.08.12,01:10:16.267,0.90806,0.90797,1,1
2014.08.12,01:10:17.391,0.90806,0.90796,1.28,1
2014.08.12,01:10:17.492,0.90804,0.90793,1,1.39
2014.08.12,01:10:17.645,0.90804,0.90796,1,1
2014.08.12,01:10:17.948,0.90807,0.90796,2.14,1
2014.08.12,01:10:18.453,0.90806,0.90796,1.25,1.08
2014.08.12,01:10:18.985,0.90807,0.90796,1.32,1.1
2014.08.12,01:10:19.794,0.90808,0.90796,2.07,1.18
2014.08.12,01:10:20.309,0.90807,0.90795,2.07,1.4
2014.08.12,01:10:20.722,0.90807,0.90798,2.07,1
2014.08.12,01:10:21.026,0.90807,0.908,1,1
2014.08.12,01:10:22.309,0.90808,0.908,1,1
2014.08.12,01:10:23.647,0.9081,0.908,2.14,1
2014.08.12,01:10:24.187,0.9081,0.90799,1.39,1
2014.08.12,01:10:24.490,0.9081,0.90801,1.39,1
2014.08.12,01:10:26.154,0.90809,0.90801,1,1
2014.08.12,01:10:26.357,0.9081,0.90806,1.13,1
2014.08.12,01:10:26.459,0.9081,0.90803,1,1
2014.08.12,01:10:26.661,0.90811,0.90806,1.25,1
2014.08.12,01:10:27.016,0.90814,0.90806,1.02,1
2014.08.12,01:10:27.522,0.90815,0.90806,1.57,1
2014.08.12,01:10:29.046,0.90817,0.90806,1,1.65
2014.08.12,01:10:29.097,0.90817,0.90811,1,1
2014.08.12,01:10:29.350,0.9082,0.90811,2.07,1
2014.08.12,01:10:30.035,0.9082,0.90811,1.32,1
2014.08.12,01:10:30.541,0.90821,0.90811,1.38,1
2014.08.12,01:10:31.047,0.9082,0.90812,1,1.18
2014.08.12,01:10:31.098,0.90822,0.90812,1.25,1.18
2014.08.12,01:10:31.604,0.90822,0.90814,1.32,1
2014.08.12,01:10:31.705,0.90822,0.90812,1.63,1.1
2014.08.12,01:10:33.175,0.90821,0.90811,1.73,1
2014.08.12,01:10:33.738,0.9082,0.90811,1,1
2014.08.12,01:10:34.395,0.90821,0.90811,1.39,1.5
2014.08.12,01:10:35.930,0.90821,0.90812,1.1,1
2014.08.12,01:10:36.031,0.90821,0.90816,1.2,1
2014.08.12,01:10:36.133,0.90821,0.90814,1.13,1
2014.08.12,01:10:36.638,0.90822,0.90814,1,1
2014.08.12,01:10:37.163,0.90823,0.90814,1.32,1
2014.08.12,01:10:37.735,0.90822,0.90814,1,1
2014.08.12,01:10:39.453,0.90821,0.90814,1,1
2014.08.12,01:10:41.239,0.90822,0.90814,1,1
2014.08.12,01:10:41.749,0.90824,0.90814,2.14,1
2014.08.12,01:10:47.817,0.90822,0.90814,1,1
2014.08.12,01:10:50.459,0.90824,0.90814,2.14,1
2014.08.12,01:10:50.966,0.90822,0.90814,1,1
2014.08.12,01:10:51.504,0.90824,0.90814,1.67,1
2014.08.12,01:10:52.422,0.90823,0.90814,1.32,1
2014.08.12,01:10:53.448,0.90824,0.90814,1.67,1
2014.08.12,01:10:57.748,0.90823,0.90814,1.32,1
2014.08.12,01:10:58.878,0.90824,0.90814,1.67,1
2014.08.12,01:10:59.395,0.90822,0.90814,1,1
2014.08.12,01:11:03.497,0.90824,0.90814,2.22,1
2014.08.12,01:11:11.097,0.90824,0.90811,1.57,2.59
2014.08.12,01:11:11.605,0.90824,0.90812,1.57,1
2014.08.12,01:11:12.687,0.90824,0.90812,1.57,1.5
2014.08.12,01:11:12.890,0.90826,0.90814,5.44,1
2014.08.12,01:11:13.145,0.90825,0.90814,1.25,1.18
2014.08.12,01:11:13.909,0.90827,0.90817,2.14,1
2014.08.12,01:11:14.011,0.90825,0.90815,1,1.1
2014.08.12,01:11:14.532,0.90826,0.90816,1.13,1
2014.08.12,01:11:16.478,0.90823,0.90815,1,1.77
2014.08.12,01:11:16.580,0.90823,0.90811,1.1,3.64
2014.08.12,01:11:16.631,0.90823,0.90813,1.2,1.25
2014.08.12,01:11:17.140,0.90825,0.90814,1.39,1
2014.08.12,01:11:17.494,0.90825,0.90821,1.1,1
2014.08.12,01:11:17.697,0.90832,0.90825,1.13,1
2014.08.12,01:11:18.219,0.9083,0.90824,1,1
2014.08.12,01:11:18.676,0.90829,0.90821,1,1.1
2014.08.12,01:11:19.587,0.90829,0.90824,1,1
2014.08.12,01:11:19.638,0.90831,0.90824,1,1
2014.08.12,01:11:19.790,0.90831,0.90822,1,1
2014.08.12,01:11:20.043,0.90829,0.9082,1,1.09
2014.08.12,01:11:20.559,0.90829,0.9082,1,1.02
2014.08.12,01:11:21.064,0.90829,0.90821,1,1
2014.08.12,01:11:21.572,0.90829,0.90819,1,1.33
2014.08.12,01:11:23.370,0.9083,0.90819,1.32,1.08
2014.08.12,01:11:24.189,0.90831,0.90819,1.29,1.1
2014.08.12,01:11:24.706,0.90831,0.90819,1.63,1.09
2014.08.12,01:11:25.729,0.90831,0.90817,2.97,2.44
2014.08.12,01:11:25.830,0.9083,0.90817,1.47,1.77
2014.08.12,01:11:26.345,0.9083,0.90819,1.47,1
2014.08.12,01:11:26.862,0.9083,0.90817,2.22,1.02
2014.08.12,01:11:26.964,0.9083,0.90819,2.22,1
2014.08.12,01:11:32.341,0.9083,0.90821,1.47,1
2014.08.12,01:11:35.850,0.9083,0.90819,1.63,1.1
2014.08.12,01:11:50.766,0.90831,0.90819,2.89,1.1
2014.08.12,01:11:51.277,0.90828,0.90817,1.13,1.37
2014.08.12,01:11:51.781,0.90828,0.90817,1.38,1.37
2014.08.12,01:11:56.828,0.90829,0.90818,1.32,1.1
2014.08.12,01:11:56.930,0.90829,0.90818,1.63,1.1
2014.08.12,01:11:57.436,0.90829,0.90818,1.63,1.1
2014.08.12,01:12:03.285,0.90828,0.90816,1.38,1.34
2014.08.12,01:12:06.821,0.90828,0.90815,1.38,1.4
2014.08.12,01:12:06.973,0.90827,0.90815,1.38,1.09
2014.08.12,01:12:07.484,0.90828,0.90815,1.38,1.4
2014.08.12,01:12:08.675,0.90827,0.90815,4.47,1
2014.08.12,01:12:09.184,0.90824,0.90814,1.38,1
2014.08.12,01:12:09.388,0.90823,0.90811,2.03,1
2014.08.12,01:12:09.742,0.90818,0.90807,1,2.22
2014.08.12,01:12:17.173,0.90818,0.90807,1.1,1.1
2014.08.12,01:12:22.477,0.90818,0.90806,1.02,2.22
2014.08.12,01:12:23.183,0.90818,0.90806,1.1,2.89
2014.08.12,01:12:24.049,0.9082,0.90809,1.74,1
2014.08.12,01:12:27.108,0.90813,0.90808,1,1.25
2014.08.12,01:12:27.310,0.90816,0.90807,1,1
2014.08.12,01:12:27.463,0.90816,0.90805,1,1.02
2014.08.12,01:12:28.012,0.90818,0.90807,1.09,1
2014.08.12,01:12:28.688,0.90818,0.90806,1.18,1.5
2014.08.12,01:12:34.107,0.90818,0.90806,1.63,1.84
2014.08.12,01:12:34.579,0.90819,0.90809,1.74,1
2014.08.12,01:12:36.320,0.90817,0.90809,1.58,1
2014.08.12,01:12:36.371,0.90813,0.90806,1,1
2014.08.12,01:12:36.422,0.90813,0.90804,1,1.5
2014.08.12,01:12:36.675,0.90816,0.90804,1.28,2.44
2014.08.12,01:12:38.593,0.90816,0.90804,1.47,1.69
2014.08.12,01:12:42.863,0.90816,0.90805,1.47,1
2014.08.12,01:12:43.409,0.90817,0.90806,1.72,1
2014.08.12,01:12:44.586,0.90817,0.90809,1.72,1
2014.08.12,01:12:45.097,0.90817,0.90809,1.67,1
2014.08.12,01:12:45.915,0.90813,0.90807,1,1
2014.08.12,01:12:45.966,0.90813,0.90805,1,1.25
2014.08.12,01:12:46.485,0.90813,0.90804,1.1,1
2014.08.12,01:12:47.535,0.90815,0.90804,1.29,1.5
2014.08.12,01:12:48.193,0.90816,0.90804,2.22,1.5
2014.08.12,01:12:48.698,0.90816,0.90805,2.22,1
2014.08.12,01:12:49.209,0.90816,0.90804,2.22,1.5
2014.08.12,01:12:51.919,0.90816,0.90804,1.39,1.77
2014.08.12,01:12:52.584,0.90816,0.90804,1.47,1.69
2014.08.12,01:12:53.602,0.90816,0.90804,1.2,1.58
2014.08.12,01:12:54.859,0.90816,0.90804,1.48,1.58
2014.08.12,01:12:56.836,0.90816,0.90805,1.48,1
2014.08.12,01:12:57.712,0.90816,0.90804,2.14,1.58
2014.08.12,01:12:58.434,0.90816,0.90804,2.22,1
2014.08.12,01:12:59.095,0.90816,0.90804,1.47,1
2014.08.12,01:12:59.614,0.90816,0.90805,1.47,1
2014.08.12,01:13:00.368,0.90816,0.90804,2.22,1.5
2014.08.12,01:13:00.906,0.90816,0.90805,2.22,1
2014.08.12,01:13:01.480,0.90816,0.90804,2.22,1.5
2014.08.12,01:13:03.678,0.90816,0.90805,2.22,1
2014.08.12,01:13:06.997,0.90816,0.90806,1.47,1
2014.08.12,01:13:09.524,0.90816,0.90806,1.32,1
2014.08.12,01:13:15.421,0.90816,0.90805,1.39,1
2014.08.12,01:13:16.292,0.90816,0.90805,2.14,1
2014.08.12,01:13:19.670,0.90809,0.90802,1,1.15
2014.08.12,01:13:19.822,0.90808,0.90802,1,1
2014.08.12,01:13:20.075,0.90808,0.90802,1,1.45
2014.08.12,01:13:20.126,0.90813,0.90802,1,1.53
2014.08.12,01:13:23.368,0.90813,0.90805,1,1
2014.08.12,01:13:28.401,0.90813,0.90804,1,1.13
2014.08.12,01:13:28.912,0.90813,0.90805,1,1
2014.08.12,01:13:30.402,0.90813,0.90804,1,1
2014.08.12,01:13:32.181,0.90813,0.90805,1,1
2014.08.12,01:13:33.580,0.90813,0.90804,1,1.32
2014.08.12,01:13:33.783,0.90813,0.90809,1,1
2014.08.12,01:13:36.634,0.90813,0.90801,1.63,1.4
2014.08.12,01:13:37.153,0.90813,0.90809,1.25,1
2014.08.12,01:13:44.334,0.90813,0.90807,1.25,1
2014.08.12,01:14:03.994,0.90813,0.90806,1,1
2014.08.12,01:14:13.455,0.90816,0.90807,2.14,1
2014.08.12,01:14:14.715,0.90816,0.90807,1.39,1
2014.08.12,01:14:15.563,0.90816,0.90807,1.09,1
2014.08.12,01:14:18.281,0.90816,0.90807,1.02,1
2014.08.12,01:14:18.787,0.90816,0.90807,1.09,1
2014.08.12,01:14:20.432,0.90814,0.90806,1,1
2014.08.12,01:14:25.923,0.90814,0.90806,1.28,1
2014.08.12,01:14:26.480,0.90814,0.90806,1.02,1
2014.08.12,01:14:29.929,0.90814,0.90806,1.08,1
2014.08.12,01:14:30.443,0.90814,0.90806,1.1,1
2014.08.12,01:14:50.881,0.90816,0.90807,2.22,1
2014.08.12,01:14:51.186,0.90816,0.90807,1.02,1
2014.08.12,01:15:01.228,0.90814,0.90806,1,1.5
2014.08.12,01:15:10.492,0.90814,0.90807,1,1
2014.08.12,01:15:11.227,0.90819,0.90808,2.07,1
2014.08.12,01:15:11.429,0.90819,0.90809,1.25,1.65
2014.08.12,01:15:11.734,0.90821,0.90811,1.32,1.15
2014.08.12,01:15:12.239,0.90824,0.90812,2.07,1.18
2014.08.12,01:15:13.250,0.90824,0.90812,2.14,1.1
2014.08.12,01:15:14.336,0.90824,0.90813,2.07,1
2014.08.12,01:15:14.854,0.90824,0.90812,2.07,1
2014.08.12,01:15:15.779,0.90824,0.90812,1.69,1.15
2014.08.12,01:15:16.292,0.90824,0.90812,1.69,1.18
2014.08.12,01:15:17.213,0.90824,0.90812,1.25,1.09
2014.08.12,01:15:17.800,0.90824,0.90812,1.25,1.4
2014.08.12,01:15:25.627,0.90824,0.90812,1.69,1.15
2014.08.12,01:15:26.133,0.90824,0.90812,1.69,1.55
2014.08.12,01:15:26.673,0.90824,0.90812,1.25,1.78
2014.08.12,01:15:28.463,0.90824,0.90813,1.25,1.28
2014.08.12,01:15:30.073,0.90824,0.90813,1.69,1.1
2014.08.12,01:15:34.479,0.90824,0.90814,1.69,1
2014.08.12,01:15:36.684,0.90824,0.90813,1,1.28
2014.08.12,01:15:37.107,0.90824,0.90816,1,1
2014.08.12,01:15:37.320,0.90824,0.90813,1,1.55
2014.08.12,01:15:37.574,0.90824,0.90812,1,1.78
2014.08.12,01:15:38.130,0.90824,0.90815,1,1.55
2014.08.12,01:15:40.284,0.90824,0.90815,1,2.03
2014.08.12,01:15:45.863,0.90824,0.90815,1,1.2
2014.08.12,01:15:46.908,0.90824,0.90814,1,1.48
2014.08.12,01:16:08.277,0.90824,0.90814,1,2.03
2014.08.12,01:16:11.925,0.90826,0.90814,1.19,1.58
2014.08.12,01:16:14.467,0.90826,0.90814,1.19,1.28
2014.08.12,01:16:15.661,0.90825,0.90812,1.29,3.53
2014.08.12,01:16:15.965,0.90824,0.90812,1.47,2.25
2014.08.12,01:16:20.553,0.90821,0.9081,1,3.64
2014.08.12,01:16:21.194,0.90821,0.9081,1,3.27
2014.08.12,01:16:21.683,0.90819,0.9081,1,2.78
2014.08.12,01:16:21.987,0.90816,0.90807,1,1.4
2014.08.12,01:16:22.240,0.90818,0.90808,1.58,1
2014.08.12,01:16:23.049,0.90817,0.90808,1.19,1
2014.08.12,01:16:25.477,0.90818,0.90808,1.02,1
2014.08.12,01:16:32.781,0.90818,0.90808,1.77,1
2014.08.12,01:16:57.549,0.90818,0.90808,1.84,1
2014.08.12,01:16:58.088,0.90816,0.90807,1,1
2014.08.12,01:17:02.351,0.90816,0.90807,1.77,1
2014.08.12,01:17:03.474,0.90816,0.90807,1,1
2014.08.12,01:17:07.696,0.90816,0.90806,1.1,1.13
2014.08.12,01:17:08.204,0.90816,0.90806,1.84,1.13
2014.08.12,01:17:09.568,0.90816,0.90808,1.37,1
2014.08.12,01:17:10.175,0.90818,0.90808,1.84,1
2014.08.12,01:17:10.684,0.90818,0.90809,1.37,1
2014.08.12,01:17:17.188,0.90818,0.90808,1.09,1
2014.08.12,01:17:19.395,0.90816,0.90806,1.1,1
2014.08.12,01:17:19.916,0.90817,0.90807,1.37,1
2014.08.12,01:17:20.270,0.90815,0.90806,1.09,1
2014.08.12,01:17:20.776,0.90813,0.90805,1.1,1
2014.08.12,01:17:27.531,0.90813,0.90801,1,2.22
2014.08.12,01:17:41.451,0.90813,0.90801,1.1,1.2
2014.08.12,01:17:41.979,0.90813,0.90801,1.25,1.47
2014.08.12,01:18:04.803,0.90813,0.90802,1.69,1.1
2014.08.12,01:18:07.765,0.90813,0.90802,1.25,1.58
2014.08.12,01:18:19.839,0.90813,0.90803,1.25,1
2014.08.12,01:18:32.030,0.90814,0.90802,1.67,1.1
2014.08.12,01:18:32.604,0.90814,0.90801,2.14,1.47
2014.08.12,01:18:33.138,0.90813,0.90801,1.32,1.28
2014.08.12,01:18:33.780,0.90813,0.90801,1.32,1.28
2014.08.12,01:18:34.342,0.90813,0.90801,1.32,1.2
2014.08.12,01:18:35.127,0.90813,0.90801,1.32,1.13
2014.08.12,01:18:38.580,0.90813,0.90801,1.32,1.2
2014.08.12,01:18:39.570,0.90814,0.90801,2.89,1.47
2014.08.12,01:18:44.781,0.90814,0.90802,1.47,1.58
2014.08.12,01:18:47.005,0.90814,0.90802,1.47,1.5
2014.08.12,01:18:48.179,0.90813,0.90802,1.39,1
2014.08.12,01:18:49.673,0.90811,0.90802,1,1
2014.08.12,01:18:50.230,0.90811,0.908,1,3.72
2014.08.12,01:18:50.742,0.90813,0.90801,1.69,1.28
2014.08.12,01:18:51.403,0.90813,0.90801,1.77,1.95
2014.08.12,01:19:00.086,0.90813,0.90801,1.02,2.14
2014.08.12,01:19:02.200,0.90813,0.90802,1.39,1
2014.08.12,01:19:02.724,0.90813,0.90802,2.14,1
2014.08.12,01:19:04.248,0.90813,0.90803,1.69,1
2014.08.12,01:19:04.753,0.90813,0.90802,1.25,1.58
2014.08.12,01:19:12.368,0.90813,0.90801,1.02,2.89
2014.08.12,01:19:14.698,0.90813,0.90802,1.02,1
2014.08.12,01:19:16.221,0.90813,0.90801,1.02,2.89
2014.08.12,01:19:23.768,0.90813,0.90801,2.14,1.58
2014.08.12,01:19:37.362,0.90813,0.90801,1.39,1.77
2014.08.12,01:19:38.397,0.90813,0.90801,2.14,1.58
2014.08.12,01:19:47.113,0.90813,0.90801,2.82,1.08
2014.08.12,01:19:47.617,0.90813,0.90801,2.89,1.1
2014.08.12,01:19:56.012,0.90813,0.90799,2.07,3.72
2014.08.12,01:19:56.898,0.90813,0.90801,1.67,1.1
2014.08.12,01:19:57.404,0.90813,0.90801,1.57,1.18
2014.08.12,01:19:58.823,0.90813,0.90801,1.67,1.1
2014.08.12,01:19:59.328,0.90813,0.90801,1.57,1.18
2014.08.12,01:19:59.873,0.90814,0.90801,1.77,1.25
2014.08.12,01:20:01.151,0.90814,0.90801,1.67,1.09
2014.08.12,01:20:01.691,0.90814,0.90801,1.77,1.25
2014.08.12,01:20:03.241,0.90814,0.90801,1.77,1.25
2014.08.12,01:20:04.149,0.90814,0.90801,1.67,1.09
2014.08.12,01:20:04.792,0.90814,0.90801,1.74,1.02
2014.08.12,01:20:05.879,0.90814,0.90801,1.77,1.33
2014.08.12,01:20:06.402,0.90814,0.90801,1.74,1.02
2014.08.12,01:20:08.632,0.90814,0.90801,1.77,1.33
2014.08.12,01:20:09.175,0.90814,0.90801,1.64,1.02
2014.08.12,01:20:10.836,0.90814,0.90801,1.67,1.09
2014.08.12,01:20:11.387,0.90814,0.90801,1.64,1.02
2014.08.12,01:20:13.272,0.90813,0.90799,1.39,5.22
2014.08.12,01:20:14.796,0.90813,0.90799,1.32,5.22
2014.08.12,01:20:15.355,0.90813,0.90799,1.39,2.22
2014.08.12,01:20:21.165,0.90813,0.90799,1.32,2.22
2014.08.12,01:20:21.680,0.90813,0.90799,1.32,5.22
2014.08.12,01:20:22.208,0.90813,0.90799,1.32,5.22
2014.08.12,01:20:22.717,0.90813,0.90799,1.39,5.22
2014.08.12,01:20:33.665,0.90813,0.90802,1.39,1
2014.08.12,01:20:36.018,0.90814,0.90802,1.74,1
2014.08.12,01:20:37.105,0.90813,0.90802,1.39,1
2014.08.12,01:20:42.715,0.90814,0.90802,1.74,1
2014.08.12,01:20:43.237,0.90814,0.90802,1.72,1
2014.08.12,01:20:45.577,0.90813,0.90802,1.47,1
2014.08.12,01:20:46.341,0.90813,0.908,1.47,1.25
2014.08.12,01:20:46.853,0.90813,0.908,1.47,1.25
2014.08.12,01:20:47.521,0.90813,0.908,1.72,1.25
2014.08.12,01:20:48.194,0.90812,0.90799,1.47,1.39
2014.08.12,01:20:49.825,0.90812,0.908,1.47,1
2014.08.12,01:20:55.223,0.90813,0.90801,1.72,1
2014.08.12,01:20:55.735,0.90813,0.908,1.72,1.25
2014.08.12,01:20:56.776,0.90813,0.90801,1.72,1
2014.08.12,01:20:58.298,0.90813,0.908,1.72,1.25
2014.08.12,01:21:10.677,0.90813,0.90801,1.72,1.5
2014.08.12,01:21:19.913,0.90814,0.90801,1.72,1.25
2014.08.12,01:21:36.631,0.90813,0.908,1.74,1.02
2014.08.12,01:22:01.234,0.90813,0.908,1.39,1.09
2014.08.12,01:22:40.958,0.90814,0.90802,1.74,1
2014.08.12,01:22:50.140,0.90814,0.90801,1.47,1.77
2014.08.12,01:22:50.646,0.90814,0.90802,1.47,1
2014.08.12,01:22:51.841,0.90814,0.90803,1.47,1
2014.08.12,01:22:53.089,0.90814,0.90803,1.67,1
2014.08.12,01:23:01.026,0.90814,0.90803,1.77,1
2014.08.12,01:23:01.996,0.90813,0.90803,1.32,1
2014.08.12,01:23:09.985,0.90814,0.90803,1.77,1
2014.08.12,01:23:11.989,0.90813,0.90803,1.32,1
2014.08.12,01:23:14.018,0.90814,0.90803,1.77,1
2014.08.12,01:23:16.261,0.90815,0.90803,2.14,1
2014.08.12,01:23:16.774,0.90815,0.90803,2.22,1
2014.08.12,01:23:17.300,0.90815,0.90804,2.22,1
2014.08.12,01:23:17.694,0.90816,0.90804,1.25,2.22
2014.08.12,01:23:17.965,0.90818,0.90806,1.02,1.95
2014.08.12,01:23:18.068,0.90818,0.90808,1.02,1
2014.08.12,01:23:20.034,0.90818,0.90806,1.32,2.14
2014.08.12,01:23:20.338,0.90816,0.90804,1.25,3.72
2014.08.12,01:23:21.299,0.90814,0.90804,1,1.47
2014.08.12,01:23:22.047,0.90815,0.90804,1.25,2.03
2014.08.12,01:23:22.098,0.90815,0.90804,1.25,1.58
2014.08.12,01:23:22.452,0.90816,0.90804,1.69,3.53
2014.08.12,01:23:23.452,0.90818,0.90805,1.19,1.78
2014.08.12,01:23:24.830,0.90818,0.90806,1.19,1.58
2014.08.12,01:23:26.633,0.90818,0.90806,1.19,1.2
2014.08.12,01:23:27.313,0.90818,0.90806,1.19,1.58
2014.08.12,01:23:27.960,0.90816,0.90806,1,1.28
2014.08.12,01:23:28.727,0.90816,0.90808,1,1
2014.08.12,01:23:29.183,0.90818,0.90808,1.25,1
2014.08.12,01:23:29.906,0.90818,0.9081,1.25,1
2014.08.12,01:23:30.209,0.90818,0.90808,1.25,1
2014.08.12,01:23:31.587,0.90818,0.90808,1.69,1
2014.08.12,01:23:34.258,0.90818,0.9081,1.69,1
2014.08.12,01:23:34.562,0.90818,0.90812,1,1
2014.08.12,01:23:39.285,0.9082,0.90812,1.19,1
2014.08.12,01:23:39.791,0.90821,0.90812,2.14,1
2014.08.12,01:23:45.302,0.9082,0.90812,1.32,1
2014.08.12,01:23:45.825,0.90818,0.90812,1,1
2014.08.12,01:23:50.715,0.90818,0.9081,1.25,1
2014.08.12,01:23:58.162,0.90818,0.90813,1.1,1
2014.08.12,01:23:58.263,0.90821,0.90811,1.27,1.88
2014.08.12,01:23:58.314,0.90823,0.90811,1.84,1.88
2014.08.12,01:23:58.834,0.90823,0.90811,1.69,1.65
2014.08.12,01:24:06.673,0.90823,0.90811,1.25,2.97
2014.08.12,01:24:07.027,0.90823,0.90811,1.25,3.72
2014.08.12,01:24:07.639,0.90823,0.90811,1.25,3.72
2014.08.12,01:24:18.588,0.90823,0.90811,1,5.22
2014.08.12,01:24:19.093,0.90823,0.90811,1,5.22
2014.08.12,01:24:21.373,0.90823,0.90811,1,4.47
2014.08.12,01:24:21.883,0.90823,0.90811,1,4.47
2014.08.12,01:24:26.278,0.90822,0.90811,1,4.47
2014.08.12,01:24:26.944,0.90821,0.90811,1,3.34
2014.08.12,01:24:27.567,0.90823,0.90811,1.25,3.72
2014.08.12,01:24:27.921,0.90823,0.90813,1.25,1.55
2014.08.12,01:24:28.023,0.90826,0.90815,1.69,1.28
2014.08.12,01:24:28.530,0.90826,0.90816,1.19,1.18
2014.08.12,01:24:28.896,0.90829,0.90816,2.14,1.28
2014.08.12,01:24:29.882,0.90828,0.90816,1.19,1.28
2014.08.12,01:24:30.884,0.90829,0.90816,2.14,1.47
2014.08.12,01:24:32.912,0.90829,0.90816,2.14,1.28
2014.08.12,01:24:34.382,0.90828,0.90816,1,1.28
2014.08.12,01:24:35.912,0.90828,0.90816,2.07,1.28
2014.08.12,01:24:38.893,0.90829,0.90816,2.52,1.09
2014.08.12,01:24:41.934,0.90829,0.90816,1.77,1.18
2014.08.12,01:24:42.443,0.90829,0.90816,2.14,1.18
2014.08.12,01:24:42.993,0.90828,0.90816,1.32,1.18
2014.08.12,01:24:43.700,0.90829,0.90817,1.32,1.15
2014.08.12,01:24:44.205,0.90829,0.90817,1.32,1.18
2014.08.12,01:24:46.754,0.90829,0.90816,2.59,1.39
2014.08.12,01:24:46.805,0.90828,0.90816,1.29,1.2
2014.08.12,01:24:55.559,0.90828,0.90816,1.39,1.1
2014.08.12,01:24:58.541,0.90827,0.90816,1.19,1.1
2014.08.12,01:25:07.650,0.90828,0.90816,2.14,1.1
2014.08.12,01:25:09.692,0.90827,0.90816,1.32,1.1
2014.08.12,01:25:13.758,0.90826,0.90814,1.32,1.69
2014.08.12,01:25:13.910,0.90824,0.90813,1.1,2.07
2014.08.12,01:25:14.062,0.90824,0.90812,1.09,1.25
2014.08.12,01:25:14.567,0.90824,0.90811,1.09,3.64
2014.08.12,01:25:14.806,0.90824,0.90811,2.59,2.33
2014.08.12,01:25:15.314,0.90821,0.90811,1,1.1
2014.08.12,01:25:15.861,0.90822,0.90811,1.13,1.02
2014.08.12,01:25:16.366,0.90824,0.90811,2.97,1.02
2014.08.12,01:25:17.557,0.90823,0.90811,1.02,2.89
2014.08.12,01:25:19.577,0.90823,0.90811,1.77,2.7
2014.08.12,01:25:20.597,0.90823,0.90811,1.02,2.89
2014.08.12,01:25:23.617,0.90823,0.90811,1.77,2.7
2014.08.12,01:25:24.123,0.90823,0.90811,1.77,1.2
2014.08.12,01:25:29.860,0.90822,0.90811,1.25,1.48
2014.08.12,01:25:35.777,0.90818,0.90811,1,1.1
2014.08.12,01:25:36.081,0.90819,0.90808,1,2.03
2014.08.12,01:25:36.233,0.90821,0.90808,1.95,2.03
2014.08.12,01:25:36.670,0.90819,0.90807,1,1.09
2014.08.12,01:25:36.979,0.90816,0.90805,1,2.22
2014.08.12,01:25:37.080,0.90819,0.90806,1,1.47
2014.08.12,01:25:39.058,0.90819,0.90806,1.69,1.78
2014.08.12,01:25:42.040,0.90819,0.90806,1,1.78
2014.08.12,01:25:45.911,0.90819,0.90806,1,1.78
2014.08.12,01:25:47.528,0.90819,0.90806,1,1.78
2014.08.12,01:25:51.330,0.90819,0.90806,1.25,2.22
2014.08.12,01:25:51.835,0.90819,0.90806,1.25,2.22
2014.08.12,01:25:52.370,0.90819,0.90806,1.69,1.78
2014.08.12,01:25:53.077,0.90819,0.90806,1.25,2.22
2014.08.12,01:25:53.936,0.90819,0.90806,1.25,2.22
2014.08.12,01:25:54.441,0.90819,0.90806,1.25,2.22
2014.08.12,01:25:55.148,0.90819,0.90806,1.25,2.22
2014.08.12,01:25:55.654,0.90819,0.90806,1.25,2.22
2014.08.12,01:25:56.162,0.90819,0.90806,1.69,1.47
2014.08.12,01:25:56.567,0.90819,0.90806,1.69,1.47
2014.08.12,01:25:56.769,0.90819,0.90806,1.69,1.47
2014.08.12,01:25:57.275,0.90819,0.90806,1.69,1.47
2014.08.12,01:25:58.319,0.90819,0.90806,1.69,1.47
2014.08.12,01:25:59.077,0.90819,0.90806,1.69,1.78
2014.08.12,01:25:59.582,0.90819,0.90806,1.69,1.78
2014.08.12,01:26:00.088,0.90819,0.90806,1.69,1.78
2014.08.12,01:26:02.068,0.90819,0.90806,1.25,1.53
2014.08.12,01:26:13.216,0.90819,0.90806,1.69,2.22
2014.08.12,01:26:27.164,0.90819,0.90806,2.07,1.4
2014.08.12,01:26:27.675,0.90819,0.90806,1.69,1.78
2014.08.12,01:26:29.095,0.90819,0.90806,1.69,1.47
2014.08.12,01:26:29.298,0.90819,0.90806,1.69,1.47
2014.08.12,01:26:34.191,0.90819,0.90806,2.07,2.22
2014.08.12,01:26:34.706,0.90819,0.90806,2.07,2.22
2014.08.12,01:26:35.555,0.90819,0.90806,1.69,1.84
2014.08.12,01:26:39.984,0.90819,0.90806,1.19,1.47
2014.08.12,01:26:40.489,0.90819,0.90807,1.32,1.08
2014.08.12,01:26:43.276,0.9082,0.90806,1.29,1.47
2014.08.12,01:26:43.824,0.9082,0.90806,1.32,1.34
2014.08.12,01:26:44.355,0.9082,0.90806,1.39,1.72
2014.08.12,01:26:45.343,0.9082,0.90806,1.19,2.97
2014.08.12,01:26:45.849,0.9082,0.90806,1.57,2.97
2014.08.12,01:26:47.370,0.9082,0.90806,1.57,2.97
2014.08.12,01:26:47.884,0.9082,0.90806,1.67,2.97
2014.08.12,01:26:48.399,0.90819,0.90806,1.32,2.22
2014.08.12,01:26:48.903,0.90819,0.90806,1.32,2.22
2014.08.12,01:26:50.538,0.90819,0.90806,1.57,1.84
2014.08.12,01:27:01.795,0.90819,0.90806,1.19,2.22
2014.08.12,01:27:02.304,0.90819,0.90806,1.19,1.84
2014.08.12,01:27:13.613,0.90819,0.90806,1.39,2.22
2014.08.12,01:27:15.908,0.90819,0.90806,1.74,1.02
2014.08.12,01:27:16.413,0.90819,0.90805,1.74,1.32
2014.08.12,01:27:16.959,0.90818,0.90804,1.47,4.47
2014.08.12,01:27:17.512,0.90818,0.90804,1.47,4.47
2014.08.12,01:27:18.065,0.90818,0.90804,1.47,4.39
2014.08.12,01:27:25.068,0.90818,0.90804,1.72,4.39
2014.08.12,01:27:25.604,0.90818,0.90804,1.74,4.47
2014.08.12,01:27:32.011,0.90818,0.90804,1.72,4.39
2014.08.12,01:27:32.668,0.90818,0.90804,2.22,3.64
2014.08.12,01:27:32.921,0.90816,0.90803,1.84,3.94
2014.08.12,01:27:33.603,0.90815,0.90803,1.78,3.19
2014.08.12,01:27:34.108,0.90815,0.90803,1.77,3
2014.08.12,01:27:34.621,0.90815,0.90804,1.29,1
2014.08.12,01:27:34.723,0.90816,0.90804,1.02,2.33
2014.08.12,01:27:34.930,0.90816,0.90805,1.25,1.18
2014.08.12,01:27:35.672,0.90819,0.90805,2.22,4.09
2014.08.12,01:27:36.570,0.90819,0.90805,1.74,3.34
2014.08.12,01:27:40.698,0.90819,0.90805,1.47,4.09
2014.08.12,01:27:43.080,0.90818,0.90805,1.39,4.09
2014.08.12,01:27:48.985,0.90816,0.90804,1,5.22
2014.08.12,01:27:49.490,0.90816,0.90804,1.25,1.28
2014.08.12,01:27:49.642,0.90816,0.90803,1.47,3.19
2014.08.12,01:27:50.349,0.90816,0.90803,1.47,3.64
2014.08.12,01:27:50.987,0.90816,0.90803,2.22,3.64
2014.08.12,01:27:51.577,0.90816,0.90803,2.22,3.64
2014.08.12,01:27:52.083,0.90816,0.90803,2.97,2.89
2014.08.12,01:27:52.589,0.90816,0.90803,2.59,3.64
2014.08.12,01:27:56.226,0.90816,0.90804,1.69,1.2
2014.08.12,01:27:57.212,0.90816,0.90803,1.32,5.22
2014.08.12,01:28:06.811,0.90816,0.90803,1.39,4.39
2014.08.12,01:28:07.355,0.90816,0.90803,1.47,3.57
2014.08.12,01:28:07.882,0.90816,0.90803,2.22,2.82
2014.08.12,01:28:08.195,0.90816,0.90803,2.22,2.82
2014.08.12,01:28:08.561,0.90816,0.90803,2.22,2.82
2014.08.12,01:28:11.354,0.90816,0.90803,2.22,2.82
2014.08.12,01:28:11.898,0.90817,0.90805,1.77,1.1
2014.08.12,01:28:12.841,0.90818,0.90805,2.22,1.39
2014.08.12,01:28:27.961,0.90818,0.90806,1.47,1.5
2014.08.12,01:28:33.072,0.90819,0.90806,1.72,2.52
2014.08.12,01:28:37.167,0.90819,0.90806,1.77,2.52
