Date,Time,Ask,Bid,AskVolume,BidVolume
12-08-2014,00:00:00.377,102.225,102.222,4.5,1
12-08-2014,00:00:00.892,102.224,102.222,1,1
12-08-2014,00:00:20.935,102.225,102.222,4.5,1
12-08-2014,00:00:21.461,102.224,102.222,1,1
12-08-2014,00:00:24.729,102.225,102.222,4.5,1
12-08-2014,00:00:25.289,102.224,102.222,1,1
12-08-2014,00:00:25.823,102.225,102.222,4.5,1
12-08-2014,00:00:26.585,102.224,102.222,1,1
12-08-2014,00:00:33.714,102.225,102.222,1.69,1
12-08-2014,00:00:36.018,102.224,102.222,1,1
12-08-2014,00:00:36.533,102.225,102.222,1.69,2.25
12-08-2014,00:00:37.044,102.224,102.221,1,1.69
12-08-2014,00:01:17.198,102.225,102.221,2.44,3.94
12-08-2014,00:01:34.524,102.225,102.222,6.19,1
12-08-2014,00:01:38.186,102.224,102.222,1,1
12-08-2014,00:01:39.694,102.224,102.221,1,1.69
12-08-2014,00:01:41.643,102.225,102.221,5.25,2.25
12-08-2014,00:01:43.236,102.225,102.221,3.75,5.44
12-08-2014,00:01:46.148,102.225,102.221,3.94,6.19
12-08-2014,00:01:47.269,102.226,102.221,5.44,6.94
12-08-2014,00:01:49.587,102.226,102.224,1,1
12-08-2014,00:01:50.104,102.227,102.225,1,5.25
12-08-2014,00:01:50.608,102.228,102.225,1.25,1.5
12-08-2014,00:01:51.598,102.229,102.225,2.44,1.25
12-08-2014,00:01:54.270,102.229,102.226,2.44,1
12-08-2014,00:01:55.040,102.229,102.225,2.44,5.44
12-08-2014,00:01:55.910,102.229,102.227,1.69,1
12-08-2014,00:01:56.113,102.229,102.225,1.69,6.19
12-08-2014,00:01:56.978,102.229,102.226,1,1.25
12-08-2014,00:02:09.858,102.229,102.225,1.25,3.94
12-08-2014,00:02:14.059,102.229,102.226,1.5,1
12-08-2014,00:02:20.395,102.23,102.227,2.44,5.25
12-08-2014,00:02:20.910,102.231,102.228,1,1.69
12-08-2014,00:02:21.838,102.232,102.228,2.44,1.25
12-08-2014,00:02:23.565,102.233,102.229,4.69,1.5
12-08-2014,00:02:23.766,102.234,102.23,1.25,6.19
12-08-2014,00:02:23.817,102.234,102.232,1.25,1
12-08-2014,00:02:24.333,102.234,102.231,1.25,1.5
12-08-2014,00:02:54.827,102.234,102.23,1,3
12-08-2014,00:02:55.363,102.234,102.231,1,1
12-08-2014,00:03:02.309,102.235,102.232,1.69,1
12-08-2014,00:03:05.189,102.235,102.231,6.19,1.69
12-08-2014,00:03:05.492,102.232,102.23,1.25,2.25
12-08-2014,00:03:05.694,102.231,102.228,1.25,1
12-08-2014,00:03:06.207,102.231,102.227,1.25,1.69
12-08-2014,00:03:06.742,102.23,102.227,1,1.69
12-08-2014,00:03:09.233,102.23,102.228,1,1
12-08-2014,00:03:09.690,102.232,102.229,1,1
12-08-2014,00:03:36.544,102.23,102.229,1,1
12-08-2014,00:03:36.897,102.23,102.227,1.5,5.44
12-08-2014,00:03:59.857,102.229,102.226,1,1.5
12-08-2014,00:04:00.361,102.228,102.226,1,1
12-08-2014,00:04:05.244,102.229,102.226,1,1.5
12-08-2014,00:04:06.224,102.23,102.226,3.19,1
12-08-2014,00:04:12.409,102.229,102.226,1.19,1
12-08-2014,00:04:13.049,102.23,102.227,3.19,3.75
12-08-2014,00:04:14.620,102.23,102.226,2.44,2.44
12-08-2014,00:04:15.144,102.23,102.227,3.19,3.75
12-08-2014,00:04:16.329,102.229,102.227,1.25,3.75
12-08-2014,00:04:18.158,102.23,102.227,1.69,4.5
12-08-2014,00:04:20.354,102.229,102.227,1.25,4.5
12-08-2014,00:04:25.472,102.23,102.227,1.69,5.25
12-08-2014,00:04:27.922,102.23,102.228,1.69,1
12-08-2014,00:04:28.225,102.231,102.23,1.25,1
12-08-2014,00:04:28.276,102.233,102.23,5.25,1
12-08-2014,00:04:29.057,102.234,102.23,1.69,4.69
12-08-2014,00:04:29.571,102.234,102.231,1.69,1
12-08-2014,00:04:37.769,102.234,102.23,2.44,6.94
12-08-2014,00:04:40.647,102.234,102.231,2.44,1
12-08-2014,00:04:41.176,102.234,102.23,2.44,6.19
12-08-2014,00:04:42.665,102.234,102.231,2.44,1
12-08-2014,00:04:43.170,102.234,102.23,2.44,5.25
12-08-2014,00:04:45.513,102.234,102.231,2.44,1
12-08-2014,00:04:46.040,102.234,102.231,2.44,1
12-08-2014,00:04:46.558,102.234,102.231,1.5,1.5
12-08-2014,00:04:57.605,102.234,102.232,1.25,1
12-08-2014,00:04:59.123,102.234,102.231,1,2.44
12-08-2014,00:05:01.657,102.234,102.233,1,1
12-08-2014,00:05:05.082,102.236,102.233,6.19,1
12-08-2014,00:05:05.591,102.236,102.233,4.69,1
12-08-2014,00:05:06.096,102.237,102.234,4.5,1.5
12-08-2014,00:05:06.601,102.238,102.235,1,1
12-08-2014,00:05:07.131,102.238,102.234,1,4.5
12-08-2014,00:05:07.635,102.238,102.235,1,1
12-08-2014,00:05:08.158,102.238,102.236,1,1
12-08-2014,00:05:14.036,102.239,102.236,5.44,1
12-08-2014,00:05:18.661,102.239,102.236,5.44,1
12-08-2014,00:05:20.659,102.239,102.236,5.44,1
12-08-2014,00:05:22.190,102.238,102.236,3.75,1
12-08-2014,00:05:22.729,102.238,102.235,3.75,1.69
12-08-2014,00:05:25.078,102.239,102.235,1.69,1.5
12-08-2014,00:05:27.107,102.239,102.235,1.69,2.25
12-08-2014,00:05:28.080,102.239,102.235,6.19,1.5
12-08-2014,00:05:30.910,102.238,102.235,3.75,3
12-08-2014,00:05:32.029,102.239,102.235,5.44,3
12-08-2014,00:05:32.910,102.239,102.235,5.44,3
12-08-2014,00:05:33.262,102.239,102.237,4.69,1
12-08-2014,00:05:33.927,102.239,102.237,4.69,1
12-08-2014,00:05:42.335,102.24,102.237,1,1
12-08-2014,00:05:42.839,102.241,102.237,5.44,2.25
12-08-2014,00:05:48.050,102.241,102.238,1,1
12-08-2014,00:05:48.302,102.245,102.241,5.44,2.25
12-08-2014,00:05:48.824,102.244,102.241,3.75,2.25
12-08-2014,00:05:49.341,102.245,102.241,1.25,3
12-08-2014,00:05:49.644,102.246,102.243,6.19,1
12-08-2014,00:05:50.250,102.247,102.243,6.94,1
12-08-2014,00:05:50.773,102.247,102.243,7.69,1
12-08-2014,00:05:51.278,102.246,102.243,1.19,1
12-08-2014,00:05:52.260,102.245,102.241,1.25,3.19
12-08-2014,00:05:52.773,102.245,102.242,1.25,1
12-08-2014,00:05:53.744,102.245,102.241,1.25,3.19
12-08-2014,00:05:54.986,102.245,102.242,1.25,1
12-08-2014,00:05:55.490,102.245,102.241,1.25,3.19
12-08-2014,00:05:55.995,102.245,102.242,1.25,1
12-08-2014,00:05:58.815,102.245,102.241,1.25,3.19
12-08-2014,00:05:59.317,102.245,102.242,1.25,1
12-08-2014,00:06:07.411,102.245,102.243,1.25,1
12-08-2014,00:06:11.000,102.245,102.241,1.25,3.19
12-08-2014,00:06:18.205,102.245,102.241,1.69,1.5
12-08-2014,00:06:18.868,102.245,102.241,1.25,1.5
12-08-2014,00:06:19.392,102.245,102.241,1.69,2.25
12-08-2014,00:06:24.278,102.242,102.24,1,2.44
12-08-2014,00:06:24.430,102.244,102.24,1.25,3.19
12-08-2014,00:06:25.037,102.242,102.24,1,1.25
12-08-2014,00:06:25.543,102.242,102.239,1,1.69
12-08-2014,00:06:26.876,102.242,102.24,1,1
12-08-2014,00:06:27.769,102.244,102.24,1.32,2.25
12-08-2014,00:06:28.131,102.243,102.242,1.25,1
12-08-2014,00:06:28.652,102.245,102.242,1.19,1
12-08-2014,00:06:29.494,102.246,102.242,5.82,1
12-08-2014,00:06:30.624,102.245,102.242,1.25,1
12-08-2014,00:06:40.836,102.246,102.242,5.82,1
12-08-2014,00:06:41.854,102.245,102.242,1.25,1
12-08-2014,00:06:44.304,102.244,102.241,1,3.19
12-08-2014,00:06:44.809,102.245,102.241,1.69,2.44
12-08-2014,00:06:49.395,102.244,102.24,1,8.44
12-08-2014,00:06:54.330,102.244,102.24,1,7.5
12-08-2014,00:06:59.100,102.242,102.24,1,1
12-08-2014,00:06:59.622,102.242,102.239,1.25,5.25
12-08-2014,00:06:59.925,102.244,102.24,1.69,1.25
12-08-2014,00:07:01.925,102.244,102.241,1.25,1
12-08-2014,00:07:03.204,102.245,102.241,3.94,1.25
12-08-2014,00:07:06.290,102.245,102.242,2.44,1.5
12-08-2014,00:07:07.979,102.246,102.242,1,3
12-08-2014,00:07:08.484,102.246,102.244,1,1
12-08-2014,00:07:09.016,102.247,102.245,1,1
12-08-2014,00:07:10.185,102.247,102.244,1.5,1
12-08-2014,00:07:11.736,102.247,102.243,1.69,6.94
12-08-2014,00:07:12.658,102.247,102.244,1.69,1
12-08-2014,00:07:14.532,102.247,102.243,1.25,8.44
12-08-2014,00:07:20.568,102.247,102.245,1,1
12-08-2014,00:07:21.251,102.249,102.245,1.25,7.69
12-08-2014,00:07:22.959,102.249,102.246,1.25,1
12-08-2014,00:07:23.476,102.248,102.245,1.5,1.69
12-08-2014,00:07:24.907,102.249,102.248,1,1.69
12-08-2014,00:07:24.958,102.252,102.248,2.25,4.69
12-08-2014,00:07:25.472,102.252,102.249,1,6.19
12-08-2014,00:07:25.976,102.252,102.249,1,6.57
12-08-2014,00:07:26.856,102.254,102.25,2.44,1
12-08-2014,00:07:27.670,102.252,102.249,1,7.32
12-08-2014,00:07:27.923,102.251,102.249,1,5.25
12-08-2014,00:07:28.427,102.251,102.248,1.69,1
12-08-2014,00:07:31.042,102.251,102.247,2.44,6.94
12-08-2014,00:07:35.399,102.251,102.249,2.44,1
12-08-2014,00:07:35.911,102.252,102.248,1.69,1.5
12-08-2014,00:07:36.213,102.252,102.25,1.25,1
12-08-2014,00:07:36.733,102.253,102.25,1,1.25
12-08-2014,00:07:37.238,102.254,102.251,1,1.69
12-08-2014,00:07:39.138,102.254,102.25,2.07,5.25
12-08-2014,00:07:39.442,102.251,102.248,1.25,1.5
12-08-2014,00:07:55.502,102.252,102.247,3.19,7.69
12-08-2014,00:08:01.359,102.252,102.249,2.44,1
12-08-2014,00:08:01.864,102.252,102.25,1.25,1
12-08-2014,00:08:03.409,102.252,102.248,1,2.44
12-08-2014,00:08:04.305,102.252,102.248,1.25,2.44
12-08-2014,00:08:06.177,102.252,102.248,1,2.44
12-08-2014,00:08:09.220,102.252,102.248,1.25,3.19
12-08-2014,00:08:09.573,102.25,102.247,1,2.82
12-08-2014,00:08:20.451,102.251,102.249,1.69,1
12-08-2014,00:08:23.927,102.25,102.249,1,1
12-08-2014,00:08:27.979,102.251,102.249,1.25,1
12-08-2014,00:08:28.383,102.254,102.25,1.69,1.5
12-08-2014,00:08:28.434,102.255,102.25,7.5,1.5
12-08-2014,00:08:28.939,102.255,102.251,7.69,1
12-08-2014,00:08:29.580,102.255,102.251,6.75,1
12-08-2014,00:08:30.085,102.254,102.25,1,2.44
12-08-2014,00:08:30.337,102.25,102.249,1,1
12-08-2014,00:08:30.842,102.25,102.248,1.5,1
12-08-2014,00:08:36.137,102.25,102.247,1,1
12-08-2014,00:08:41.862,102.25,102.246,1.25,6.94
12-08-2014,00:08:42.467,102.25,102.246,1,6.94
12-08-2014,00:08:43.029,102.249,102.246,1.5,5.44
12-08-2014,00:08:43.869,102.25,102.246,1.25,6.19
12-08-2014,00:08:50.374,102.25,102.247,1,1
12-08-2014,00:08:53.690,102.251,102.247,1.25,3.94
12-08-2014,00:09:01.286,102.251,102.247,1,3.94
12-08-2014,00:09:02.288,102.251,102.247,1.69,2.44
12-08-2014,00:09:13.734,102.25,102.247,1.25,1
12-08-2014,00:09:18.824,102.251,102.247,3.94,1.25
12-08-2014,00:09:21.461,102.25,102.247,1,1
12-08-2014,00:09:21.612,102.25,102.245,1,3.19
12-08-2014,00:09:21.713,102.248,102.245,1,1.5
12-08-2014,00:09:22.221,102.247,102.244,1,1.69
12-08-2014,00:09:23.705,102.246,102.244,1,1
12-08-2014,00:09:24.237,102.246,102.243,1.25,3.75
12-08-2014,00:09:24.900,102.246,102.242,1.69,4.69
12-08-2014,00:09:29.095,102.245,102.242,3.75,1.25
12-08-2014,00:09:29.196,102.245,102.24,5.25,6.94
12-08-2014,00:09:29.247,102.243,102.24,1,5.44
12-08-2014,00:09:42.188,102.244,102.241,1,1
12-08-2014,00:09:54.003,102.244,102.241,1,1.69
12-08-2014,00:09:56.190,102.244,102.241,1,1.25
12-08-2014,00:09:57.203,102.244,102.242,1,1.25
12-08-2014,00:10:00.183,102.244,102.241,1,1.69
12-08-2014,00:10:34.378,102.245,102.241,3.19,1.25
12-08-2014,00:10:35.252,102.244,102.241,1,1.69
12-08-2014,00:10:36.807,102.245,102.241,6.19,2.44
12-08-2014,00:10:46.272,102.245,102.241,6,1.69
12-08-2014,00:10:47.306,102.245,102.241,5.44,1.69
12-08-2014,00:10:49.985,102.244,102.241,1,1.69
12-08-2014,00:10:57.624,102.244,102.24,1.5,1.69
12-08-2014,00:10:58.431,102.244,102.24,1.5,1.69
12-08-2014,00:11:00.430,102.244,102.24,1.5,1
12-08-2014,00:11:00.954,102.244,102.24,1.5,6.19
12-08-2014,00:11:16.434,102.244,102.24,2.25,5.25
12-08-2014,00:11:17.472,102.244,102.241,3,1.25
12-08-2014,00:11:28.580,102.244,102.24,3,5.25
12-08-2014,00:11:28.884,102.239,102.237,3.75,1
12-08-2014,00:11:29.188,102.238,102.235,1.69,1.5
12-08-2014,00:11:29.708,102.237,102.235,1,1.25
12-08-2014,00:11:31.840,102.237,102.234,1,5.07
12-08-2014,00:11:33.282,102.237,102.234,1,5.44
12-08-2014,00:11:33.383,102.239,102.237,2.25,1
12-08-2014,00:11:33.737,102.239,102.236,1,1.69
12-08-2014,00:11:36.515,102.239,102.235,5.44,2.82
12-08-2014,00:11:37.031,102.238,102.235,1,2.07
12-08-2014,00:11:37.568,102.239,102.235,6.94,1.25
12-08-2014,00:11:38.072,102.239,102.236,5.44,1
12-08-2014,00:12:08.636,102.238,102.236,1,1.5
12-08-2014,00:12:09.141,102.238,102.235,1,6
12-08-2014,00:12:18.678,102.237,102.235,1,6
12-08-2014,00:12:18.981,102.239,102.235,1.5,2.25
12-08-2014,00:12:23.084,102.238,102.235,1,2.44
12-08-2014,00:12:26.388,102.239,102.235,2.44,2.44
12-08-2014,00:12:26.901,102.238,102.235,1.5,1.5
12-08-2014,00:12:34.992,102.237,102.234,1,6.19
12-08-2014,00:12:35.294,102.235,102.234,1,1
12-08-2014,00:12:35.803,102.235,102.233,1.5,3.75
12-08-2014,00:12:36.467,102.234,102.233,1,3.75
12-08-2014,00:12:43.482,102.234,102.232,1,3.75
12-08-2014,00:13:12.849,102.236,102.232,2.25,5.25
12-08-2014,00:13:13.379,102.235,102.232,1,6.19
12-08-2014,00:13:27.853,102.236,102.232,1,5.25
12-08-2014,00:13:28.365,102.236,102.232,1,5.25
12-08-2014,00:13:40.042,102.236,102.232,1.69,4.69
12-08-2014,00:13:47.525,102.236,102.232,1,5.44
12-08-2014,00:13:48.029,102.236,102.232,1,4.5
12-08-2014,00:13:48.538,102.236,102.232,1,5.44
12-08-2014,00:13:53.557,102.236,102.232,1,4.5
12-08-2014,00:13:54.166,102.237,102.233,3.94,1
12-08-2014,00:13:54.673,102.237,102.233,7.69,1
12-08-2014,00:14:08.561,102.235,102.232,1,3.75
12-08-2014,00:14:10.366,102.235,102.233,1,3.75
12-08-2014,00:14:25.789,102.236,102.233,1.25,3.75
12-08-2014,00:14:47.179,102.237,102.233,3.75,3.75
12-08-2014,00:15:05.027,102.237,102.232,7.69,4.5
12-08-2014,00:15:07.883,102.236,102.232,1.25,4.69
12-08-2014,00:15:13.991,102.235,102.232,1,4.69
12-08-2014,00:15:14.243,102.233,102.231,1,2.44
12-08-2014,00:15:14.597,102.232,102.23,1,1.5
12-08-2014,00:15:14.698,102.233,102.23,2.25,1.69
12-08-2014,00:15:14.881,102.233,102.23,1.5,1.69
12-08-2014,00:15:15.033,102.233,102.23,1.5,1.25
12-08-2014,00:15:15.101,102.231,102.23,1,1.25
12-08-2014,00:15:15.242,102.233,102.23,2.25,1.25
12-08-2014,00:15:15.347,102.231,102.23,1,1.25
12-08-2014,00:15:15.554,102.233,102.23,2.25,1.25
12-08-2014,00:15:16.091,102.231,102.23,1,1.25
12-08-2014,00:15:16.201,102.233,102.23,2.25,1.25
12-08-2014,00:15:16.669,102.231,102.23,1,1.25
12-08-2014,00:15:16.773,102.233,102.23,2.25,1.25
12-08-2014,00:15:17.131,102.231,102.23,1,1.25
12-08-2014,00:15:17.232,102.233,102.23,2.25,1.25
12-08-2014,00:15:17.737,102.232,102.23,1,1.25
12-08-2014,00:15:17.988,102.23,102.228,1,2.63
12-08-2014,00:15:18.140,102.229,102.228,1.5,1
12-08-2014,00:15:18.191,102.228,102.226,1.5,1.5
12-08-2014,00:15:18.717,102.227,102.225,1.5,1
12-08-2014,00:15:19.226,102.228,102.226,1.5,1
12-08-2014,00:15:19.738,102.228,102.225,1,5.07
12-08-2014,00:15:22.198,102.228,102.223,3,6.94
12-08-2014,00:15:22.776,102.228,102.224,1,1.5
12-08-2014,00:15:22.827,102.226,102.224,1,1.5
12-08-2014,00:15:23.180,102.224,102.223,1,1.5
12-08-2014,00:15:23.685,102.225,102.222,1.5,4.5
12-08-2014,00:15:24.191,102.225,102.223,1.5,3.75
12-08-2014,00:15:27.462,102.225,102.222,1,5.44
12-08-2014,00:15:27.977,102.226,102.223,1.25,1
12-08-2014,00:15:28.493,102.226,102.224,1,2.25
12-08-2014,00:15:28.997,102.227,102.225,1.25,1
12-08-2014,00:15:30.391,102.228,102.225,3.19,1
12-08-2014,00:15:31.588,102.228,102.224,2.44,3.94
12-08-2014,00:15:35.585,102.227,102.224,1,3
12-08-2014,00:15:38.433,102.227,102.225,1,1
12-08-2014,00:15:38.995,102.228,102.225,1.5,1
12-08-2014,00:15:40.321,102.227,102.225,1,1
12-08-2014,00:15:40.858,102.228,102.225,1.69,1
12-08-2014,00:15:41.952,102.229,102.225,1.25,6.19
12-08-2014,00:15:42.255,102.231,102.23,1,1
12-08-2014,00:15:42.406,102.233,102.23,2.44,1
12-08-2014,00:15:48.347,102.231,102.23,1,1
12-08-2014,00:15:50.836,102.233,102.23,2.25,1
12-08-2014,00:15:58.118,102.231,102.23,1,1
12-08-2014,00:15:59.783,102.231,102.229,1,1.69
12-08-2014,00:15:59.884,102.23,102.227,1,1.13
12-08-2014,00:16:00.338,102.228,102.226,1,1.69
12-08-2014,00:16:00.959,102.227,102.225,1,1
12-08-2014,00:16:01.463,102.227,102.224,1.5,2.44
12-08-2014,00:16:03.634,102.225,102.224,1,1.69
12-08-2014,00:16:03.736,102.227,102.224,1,2.44
12-08-2014,00:16:06.043,102.228,102.224,2.44,2.44
12-08-2014,00:16:06.296,102.228,102.226,1.69,1
12-08-2014,00:16:08.455,102.23,102.227,3.75,2.5
12-08-2014,00:16:08.607,102.23,102.229,1,1
12-08-2014,00:16:08.708,102.233,102.229,6.19,1
12-08-2014,00:16:09.224,102.233,102.23,4.69,1.5
12-08-2014,00:16:09.425,102.231,102.23,1,1.5
12-08-2014,00:16:14.453,102.231,102.229,1,1.69
12-08-2014,00:16:17.521,102.233,102.23,3.75,1
12-08-2014,00:16:18.550,102.233,102.231,3.75,1
12-08-2014,00:16:22.105,102.232,102.23,1,1.5
12-08-2014,00:16:22.772,102.231,102.23,1,1
12-08-2014,00:16:23.289,102.231,102.228,1,3.19
12-08-2014,00:16:26.267,102.231,102.23,1,1.5
12-08-2014,00:16:27.790,102.233,102.23,4.5,2.44
12-08-2014,00:16:32.409,102.232,102.23,1,1.25
12-08-2014,00:16:34.283,102.233,102.23,1.5,1.69
12-08-2014,00:16:36.958,102.232,102.23,1,1.25
12-08-2014,00:16:40.050,102.233,102.23,1.5,1
12-08-2014,00:16:40.568,102.233,102.231,1,1
12-08-2014,00:16:45.079,102.234,102.231,2.25,1
12-08-2014,00:16:45.603,102.233,102.231,1,1
12-08-2014,00:16:46.235,102.233,102.23,2.25,1
12-08-2014,00:16:59.515,102.233,102.23,1,1.69
12-08-2014,00:16:59.617,102.233,102.23,1.5,1.69
12-08-2014,00:17:00.494,102.233,102.23,1.5,1
12-08-2014,00:17:02.381,102.233,102.229,1.5,2.82
12-08-2014,00:17:08.517,102.233,102.229,1.5,3.19
12-08-2014,00:17:10.944,102.233,102.231,1.5,1
12-08-2014,00:17:11.468,102.233,102.229,1.5,3.19
12-08-2014,00:17:11.990,102.232,102.229,1,3.19
12-08-2014,00:17:12.505,102.232,102.229,1,3.19
12-08-2014,00:17:17.513,102.232,102.23,1,1.25
12-08-2014,00:17:18.745,102.233,102.23,1.5,1
12-08-2014,00:17:20.064,102.233,102.231,1.5,1
12-08-2014,00:17:20.568,102.233,102.232,1,1
12-08-2014,00:17:26.218,102.234,102.232,1,1
12-08-2014,00:17:27.340,102.234,102.233,1,1.5
12-08-2014,00:17:27.441,102.236,102.233,1.5,2.44
12-08-2014,00:17:28.427,102.236,102.235,1,1
12-08-2014,00:17:28.529,102.238,102.235,3,4.5
12-08-2014,00:17:31.045,102.236,102.234,1,1.25
12-08-2014,00:17:31.553,102.235,102.233,1,1.25
12-08-2014,00:17:33.261,102.234,102.233,1,1
12-08-2014,00:17:35.808,102.236,102.233,1.25,1
12-08-2014,00:17:36.315,102.235,102.233,1,1
12-08-2014,00:17:39.779,102.235,102.234,1,1
12-08-2014,00:17:40.378,102.236,102.234,1,1
12-08-2014,00:17:44.375,102.237,102.234,1.69,1.5
12-08-2014,00:17:45.142,102.236,102.234,1,2.44
12-08-2014,00:17:49.455,102.237,102.234,1.69,1.5
12-08-2014,00:17:50.018,102.236,102.234,1,1.5
12-08-2014,00:17:52.873,102.236,102.233,1.5,1.25
12-08-2014,00:17:53.377,102.235,102.233,1,1.25
12-08-2014,00:17:53.680,102.237,102.233,3.94,1.69
12-08-2014,00:17:54.211,102.236,102.232,7.69,1.69
12-08-2014,00:17:59.787,102.236,102.232,7.69,1.5
12-08-2014,00:18:00.816,102.236,102.232,8.44,1.69
12-08-2014,00:18:02.560,102.236,102.233,3.19,1
12-08-2014,00:18:03.177,102.237,102.233,1.69,1.32
12-08-2014,00:18:08.808,102.237,102.234,1,1.69
12-08-2014,00:18:09.320,102.237,102.235,1,1
12-08-2014,00:18:09.889,102.238,102.235,1.25,1.5
12-08-2014,00:18:10.400,102.237,102.235,1,1.88
12-08-2014,00:18:17.300,102.236,102.234,1,1.25
12-08-2014,00:18:17.815,102.236,102.233,1.5,1.69
12-08-2014,00:18:21.368,102.235,102.233,1,1
12-08-2014,00:18:23.148,102.236,102.233,1.25,1
12-08-2014,00:18:23.987,102.237,102.234,2.44,1
12-08-2014,00:18:24.492,102.237,102.233,3.19,1.69
12-08-2014,00:18:24.997,102.237,102.233,2.44,1.69
12-08-2014,00:18:25.501,102.236,102.233,1,2.44
12-08-2014,00:18:26.382,102.237,102.233,1.69,2.44
12-08-2014,00:18:27.289,102.236,102.233,1,2.82
12-08-2014,00:18:32.172,102.236,102.234,1,1
12-08-2014,00:18:32.690,102.237,102.234,1,1.5
12-08-2014,00:18:40.268,102.238,102.234,1.69,6.19
12-08-2014,00:18:43.787,102.238,102.235,1.69,1
12-08-2014,00:18:43.888,102.236,102.234,1,2.44
12-08-2014,00:18:45.726,102.237,102.234,1,1
12-08-2014,00:18:53.551,102.236,102.233,1,6
12-08-2014,00:18:53.652,102.236,102.234,1,1.69
12-08-2014,00:18:57.862,102.237,102.234,1,1.5
12-08-2014,00:18:59.078,102.236,102.234,1,1.69
12-08-2014,00:19:00.184,102.236,102.233,1,6.38
12-08-2014,00:19:02.156,102.237,102.234,1,1.69
12-08-2014,00:19:03.156,102.236,102.234,1,1.69
12-08-2014,00:19:04.548,102.237,102.234,1,5.44
12-08-2014,00:19:06.640,102.236,102.234,1,5.44
12-08-2014,00:19:10.289,102.238,102.235,2.44,1
12-08-2014,00:19:10.721,102.238,102.235,2.25,1.25
12-08-2014,00:19:17.080,102.239,102.236,1.69,3.75
12-08-2014,00:19:18.573,102.24,102.236,1,3.75
12-08-2014,00:19:19.181,102.239,102.236,1,3.75
12-08-2014,00:19:32.586,102.239,102.237,1,1
12-08-2014,00:19:34.177,102.24,102.237,1,1
12-08-2014,00:19:37.147,102.241,102.237,4.69,1
12-08-2014,00:19:37.659,102.24,102.237,1,1
12-08-2014,00:19:38.583,102.24,102.238,1,1.25
12-08-2014,00:19:38.633,102.241,102.238,3,3.75
12-08-2014,00:19:38.885,102.243,102.24,1.69,3.75
12-08-2014,00:19:40.024,102.244,102.24,2.44,6.19
12-08-2014,00:19:43.073,102.243,102.24,1,6.19
12-08-2014,00:19:46.135,102.244,102.24,1.25,6.19
12-08-2014,00:19:50.815,102.245,102.241,1.69,3.75
12-08-2014,00:19:51.320,102.245,102.241,1.69,3.94
12-08-2014,00:19:53.146,102.245,102.242,1.25,3.75
12-08-2014,00:19:56.051,102.246,102.242,3.57,3.75
12-08-2014,00:19:57.855,102.246,102.243,3.19,1
12-08-2014,00:19:58.376,102.246,102.243,1.69,1.5
12-08-2014,00:19:58.583,102.246,102.244,1,3.75
12-08-2014,00:19:58.634,102.247,102.245,1.69,3.75
12-08-2014,00:19:59.761,102.248,102.245,1,1
12-08-2014,00:20:10.938,102.247,102.244,1,6.19
12-08-2014,00:20:21.606,102.248,102.245,2.44,1
12-08-2014,00:20:26.889,102.249,102.246,1.25,1
12-08-2014,00:20:26.991,102.251,102.249,2.25,1
12-08-2014,00:20:27.294,102.252,102.25,1,6.19
12-08-2014,00:20:27.546,102.253,102.25,1,1.69
12-08-2014,00:20:27.799,102.251,102.25,3.94,1
12-08-2014,00:20:27.850,102.251,102.248,3.94,1
12-08-2014,00:20:28.355,102.25,102.247,1,4.5
12-08-2014,00:20:30.144,102.25,102.249,1,1
12-08-2014,00:20:44.343,102.25,102.248,1,1
12-08-2014,00:20:46.079,102.251,102.248,1,1.5
12-08-2014,00:20:47.194,102.251,102.25,1.25,1
12-08-2014,00:20:47.396,102.253,102.25,1.25,1.5
12-08-2014,00:20:47.548,102.254,102.252,1.5,1
12-08-2014,00:20:47.851,102.257,102.253,3.19,1
12-08-2014,00:20:47.952,102.257,102.255,2.44,1
12-08-2014,00:20:48.708,102.257,102.255,2.44,1
12-08-2014,00:20:49.680,102.255,102.252,1,1.69
12-08-2014,00:20:50.189,102.255,102.254,1,1
12-08-2014,00:20:51.619,102.255,102.253,1,1
12-08-2014,00:20:55.923,102.255,102.252,1.5,1
12-08-2014,00:20:56.427,102.254,102.251,1.5,1.69
12-08-2014,00:20:56.780,102.252,102.251,1,3.75
12-08-2014,00:20:56.882,102.252,102.249,1,5.07
12-08-2014,00:20:57.387,102.251,102.249,1.5,3.75
12-08-2014,00:20:58.004,102.252,102.249,1,4.5
12-08-2014,00:20:58.156,102.252,102.251,1,3.75
12-08-2014,00:20:58.307,102.254,102.251,2.82,3.75
12-08-2014,00:20:58.761,102.252,102.251,1,3.75
12-08-2014,00:20:58.971,102.251,102.249,1,3.75
12-08-2014,00:21:01.591,102.252,102.25,3.19,3.75
12-08-2014,00:21:02.098,102.252,102.25,1,3.75
12-08-2014,00:21:03.246,102.253,102.25,3.19,3.75
12-08-2014,00:21:03.700,102.253,102.252,1,3.75
12-08-2014,00:21:04.209,102.255,102.252,2.44,3.75
12-08-2014,00:21:04.748,102.255,102.252,1.69,3.75
12-08-2014,00:21:06.447,102.255,102.251,1.69,1.25
12-08-2014,00:21:07.381,102.254,102.25,1.5,4.69
12-08-2014,00:21:07.895,102.254,102.25,1.69,4.69
12-08-2014,00:21:16.444,102.254,102.251,1.69,3.75
12-08-2014,00:21:21.294,102.254,102.252,1.5,1
12-08-2014,00:21:21.446,102.256,102.252,1.25,4.69
12-08-2014,00:21:24.455,102.257,102.254,3.19,3.75
12-08-2014,00:21:24.657,102.258,102.254,1.5,3.75
12-08-2014,00:21:24.708,102.259,102.256,3.94,3.75
12-08-2014,00:21:25.313,102.26,102.256,1.5,5.25
12-08-2014,00:21:25.867,102.26,102.258,1,1
12-08-2014,00:21:25.968,102.262,102.258,2.25,6.57
12-08-2014,00:21:26.887,102.262,102.258,2.25,6.75
12-08-2014,00:21:27.206,102.262,102.259,1.5,4.69
12-08-2014,00:21:31.256,102.263,102.26,1,3.94
12-08-2014,00:21:32.115,102.262,102.26,1,3.94
12-08-2014,00:21:32.367,102.262,102.258,1.5,1.5
12-08-2014,00:21:32.469,102.26,102.258,1,1
12-08-2014,00:21:32.519,102.26,102.256,1.69,3.19
12-08-2014,00:21:32.570,102.258,102.256,1,2.44
12-08-2014,00:21:32.873,102.26,102.257,1.69,3.75
12-08-2014,00:21:33.382,102.258,102.257,1,3.75
12-08-2014,00:21:37.727,102.26,102.257,1.25,3.75
12-08-2014,00:21:39.774,102.258,102.256,1,1.19
12-08-2014,00:21:39.926,102.258,102.255,1,2.44
12-08-2014,00:21:55.027,102.258,102.254,3,4.69
12-08-2014,00:21:59.032,102.258,102.254,3,5.44
12-08-2014,00:22:20.191,102.258,102.254,2.44,5.44
12-08-2014,00:22:20.696,102.257,102.254,1,1.69
12-08-2014,00:22:21.922,102.255,102.254,1,1.25
12-08-2014,00:22:22.426,102.255,102.252,1,6.19
12-08-2014,00:22:46.006,102.257,102.253,1.69,5.82
12-08-2014,00:22:46.107,102.258,102.255,1.5,1
12-08-2014,00:22:49.253,102.258,102.255,1,1.69
12-08-2014,00:22:51.256,102.258,102.255,1,1.25
12-08-2014,00:23:10.359,102.258,102.254,1.5,1.69
12-08-2014,00:23:11.393,102.258,102.254,1.5,2.44
12-08-2014,00:23:14.379,102.258,102.254,1.5,2.07
12-08-2014,00:23:15.414,102.258,102.254,1.5,2.44
12-08-2014,00:23:18.384,102.257,102.254,1,2.44
12-08-2014,00:23:20.588,102.257,102.256,1,1
12-08-2014,00:23:22.279,102.258,102.256,1,1
12-08-2014,00:23:22.582,102.257,102.255,1,1.13
12-08-2014,00:23:22.784,102.258,102.256,1,2.44
12-08-2014,00:23:22.835,102.26,102.256,3.19,6.19
12-08-2014,00:23:22.937,102.26,102.258,1.5,1.25
12-08-2014,00:23:23.038,102.262,102.259,4.5,1.25
12-08-2014,00:23:23.089,102.262,102.261,3.75,1.69
12-08-2014,00:23:23.291,102.264,102.261,1.5,1.69
12-08-2014,00:23:25.473,102.263,102.261,1,1.69
12-08-2014,00:23:27.593,102.264,102.261,1,2.44
12-08-2014,00:23:28.365,102.263,102.261,1,2.44
12-08-2014,00:23:28.466,102.265,102.261,5.44,2.44
12-08-2014,00:23:28.567,102.262,102.259,1,1.5
12-08-2014,00:23:30.332,102.261,102.258,1,1.19
12-08-2014,00:23:30.534,102.261,102.257,1,1.69
12-08-2014,00:23:31.039,102.261,102.257,1,2.44
12-08-2014,00:23:32.036,102.261,102.259,1,1.32
12-08-2014,00:23:32.289,102.262,102.261,1,1
12-08-2014,00:23:32.800,102.263,102.261,1.5,1.25
12-08-2014,00:23:42.333,102.263,102.259,2.25,2.82
12-08-2014,00:23:43.335,102.263,102.26,2.25,1.19
12-08-2014,00:23:44.343,102.263,102.259,2.25,2.82
12-08-2014,00:23:45.367,102.263,102.259,1.5,2.82
12-08-2014,00:23:47.343,102.263,102.259,1.5,2.82
12-08-2014,00:23:49.397,102.263,102.259,1.5,2.82
12-08-2014,00:23:50.578,102.262,102.259,1,1.88
12-08-2014,00:23:50.679,102.26,102.259,3.75,1
12-08-2014,00:23:50.730,102.26,102.257,3.75,1
12-08-2014,00:23:50.831,102.258,102.255,1,1.69
12-08-2014,00:23:51.760,102.258,102.254,1,6.19
12-08-2014,00:23:52.528,102.258,102.256,1,4.5
12-08-2014,00:23:52.630,102.258,102.254,1,2.44
12-08-2014,00:23:52.782,102.256,102.254,1,1
12-08-2014,00:23:53.790,102.256,102.253,2.25,5.44
12-08-2014,00:23:53.891,102.258,102.254,3,3.75
12-08-2014,00:23:56.890,102.258,102.254,3.75,4.69
12-08-2014,00:23:57.855,102.258,102.254,3.19,1.69
12-08-2014,00:23:58.359,102.257,102.253,1.25,1.69
12-08-2014,00:24:08.048,102.256,102.253,1,1.25
12-08-2014,00:24:15.546,102.256,102.254,1,1
12-08-2014,00:24:16.050,102.257,102.255,1.25,1
12-08-2014,00:24:33.117,102.257,102.254,5.25,1.25
12-08-2014,00:24:33.622,102.256,102.253,1,2.44
12-08-2014,00:24:35.213,102.255,102.253,1,1.5
12-08-2014,00:24:35.718,102.255,102.252,2.25,1
12-08-2014,00:24:36.223,102.255,102.251,3.94,1.69
12-08-2014,00:24:40.083,102.254,102.251,1,2.44
12-08-2014,00:24:40.630,102.255,102.251,3.19,2.44
12-08-2014,00:24:41.303,102.255,102.251,3,2.44
12-08-2014,00:24:46.341,102.255,102.251,3,1.5
12-08-2014,00:24:48.096,102.254,102.251,1,1.5
12-08-2014,00:24:48.605,102.253,102.25,1,1.69
12-08-2014,00:25:17.490,102.253,102.25,1,1
12-08-2014,00:25:18.002,102.253,102.25,1,1.69
12-08-2014,00:25:18.515,102.253,102.25,1,1.25
12-08-2014,00:25:30.244,102.254,102.25,1.69,2.44
12-08-2014,00:25:33.535,102.254,102.25,1.5,2.44
12-08-2014,00:25:35.538,102.254,102.25,1.69,2.44
12-08-2014,00:25:38.862,102.254,102.251,1.5,1
12-08-2014,00:25:47.285,102.254,102.25,2.44,1.25
12-08-2014,00:25:47.803,102.253,102.25,1,1.25
12-08-2014,00:25:50.172,102.253,102.249,1.5,6.19
12-08-2014,00:25:50.777,102.253,102.25,1.5,1.19
12-08-2014,00:25:58.912,102.255,102.251,1.25,6.94
12-08-2014,00:25:59.417,102.255,102.252,1,1.25
12-08-2014,00:26:00.444,102.256,102.253,1.69,1
12-08-2014,00:26:04.999,102.257,102.253,6.19,1.25
12-08-2014,00:26:05.352,102.257,102.255,2.44,1
12-08-2014,00:26:06.601,102.258,102.255,2.25,1.25
12-08-2014,00:26:09.032,102.257,102.255,3.75,1
12-08-2014,00:26:09.487,102.256,102.253,1,1.13
12-08-2014,00:26:10.142,102.256,102.252,1,7.69
12-08-2014,00:26:12.496,102.256,102.253,1,1.19
12-08-2014,00:26:12.597,102.258,102.255,2.44,1
12-08-2014,00:26:41.818,102.258,102.254,2.44,1.32
12-08-2014,00:26:48.818,102.257,102.253,1,2.44
12-08-2014,00:26:49.222,102.255,102.253,1,1.69
12-08-2014,00:26:49.323,102.257,102.253,1,2.44
12-08-2014,00:26:49.676,102.255,102.253,1,1
12-08-2014,00:26:49.777,102.254,102.251,5.25,1.25
12-08-2014,00:26:50.282,102.253,102.25,1.5,1.25
12-08-2014,00:26:52.154,102.253,102.251,1.5,1
12-08-2014,00:26:52.926,102.252,102.251,3.75,1
12-08-2014,00:26:53.028,102.251,102.249,1,1.69
12-08-2014,00:26:53.280,102.249,102.247,1,1.5
12-08-2014,00:26:53.482,102.248,102.245,1.5,1.5
12-08-2014,00:26:53.987,102.247,102.244,1,1
12-08-2014,00:26:54.189,102.245,102.243,1,1.69
12-08-2014,00:26:57.643,102.248,102.243,3.19,3.19
12-08-2014,00:26:59.498,102.248,102.243,3.19,3.19
12-08-2014,00:27:00.513,102.248,102.244,3.19,1
12-08-2014,00:27:01.884,102.248,102.245,1.69,1.5
12-08-2014,00:27:02.411,102.248,102.245,1,1.5
12-08-2014,00:27:06.368,102.248,102.246,1,1
12-08-2014,00:27:08.509,102.248,102.247,1,1
12-08-2014,00:27:08.560,102.25,102.247,1.5,1
12-08-2014,00:27:08.661,102.25,102.249,1,1
12-08-2014,00:27:08.863,102.253,102.249,5.44,1.32
12-08-2014,00:27:09.378,102.252,102.249,4.5,1.32
12-08-2014,00:27:09.889,102.253,102.249,1,5.82
12-08-2014,00:27:11.212,102.252,102.25,1,1
12-08-2014,00:27:11.716,102.252,102.249,1,1.32
12-08-2014,00:27:11.767,102.25,102.249,1,1.32
12-08-2014,00:27:12.283,102.251,102.248,1,3.19
12-08-2014,00:27:12.557,102.251,102.247,1.69,4.32
12-08-2014,00:27:14.992,102.251,102.248,1.5,1
12-08-2014,00:27:15.345,102.253,102.249,1.69,1.25
12-08-2014,00:27:15.850,102.253,102.25,1,1.25
12-08-2014,00:27:19.743,102.253,102.25,1,1.69
12-08-2014,00:27:34.784,102.253,102.25,1,1
12-08-2014,00:27:39.799,102.253,102.25,2.25,1.69
12-08-2014,00:27:42.484,102.253,102.25,2.44,1
12-08-2014,00:27:42.692,102.25,102.248,4.5,1
12-08-2014,00:27:42.794,102.249,102.246,1,1.69
12-08-2014,00:27:43.298,102.248,102.245,1.5,6.19
12-08-2014,00:27:43.802,102.248,102.245,1.5,4.69
12-08-2014,00:27:46.670,102.249,102.247,1.69,1
12-08-2014,00:27:46.773,102.25,102.248,1,4.5
12-08-2014,00:27:47.280,102.25,102.247,1,1
12-08-2014,00:27:48.099,102.25,102.247,1,2.07
12-08-2014,00:27:48.201,102.252,102.248,2.25,1.32
12-08-2014,00:27:48.302,102.253,102.25,1.5,1
12-08-2014,00:27:48.805,102.254,102.25,6,1.69
12-08-2014,00:27:55.613,102.254,102.25,6.75,1
12-08-2014,00:27:57.539,102.253,102.25,1,1.69
12-08-2014,00:27:57.842,102.25,102.248,1,1
12-08-2014,00:27:58.044,102.25,102.246,1.5,1
12-08-2014,00:27:58.447,102.25,102.248,1,1.25
12-08-2014,00:27:58.498,102.252,102.249,1,3.75
12-08-2014,00:27:58.851,102.25,102.248,1,1.69
12-08-2014,00:28:00.352,102.25,102.249,1,1.25
12-08-2014,00:28:01.359,102.251,102.249,1,1.25
12-08-2014,00:28:03.111,102.252,102.249,1.5,1.25
12-08-2014,00:28:03.615,102.252,102.249,1,1.69
12-08-2014,00:28:08.078,102.251,102.25,1,1.25
12-08-2014,00:28:08.583,102.252,102.249,1,1.25
12-08-2014,00:28:12.967,102.252,102.248,1,2.44
12-08-2014,00:28:13.503,102.252,102.248,1,2.44
12-08-2014,00:28:14.592,102.252,102.25,1,1.25
12-08-2014,00:28:17.573,102.252,102.249,1,1.25
12-08-2014,00:28:20.572,102.252,102.25,1,1.19
12-08-2014,00:28:23.593,102.252,102.25,1,1.25
12-08-2014,00:28:24.592,102.252,102.249,1,1.69
12-08-2014,00:28:25.558,102.252,102.25,1,1.25
12-08-2014,00:28:27.605,102.252,102.249,1,1.25
12-08-2014,00:28:30.815,102.252,102.25,1,1.25
12-08-2014,00:28:31.747,102.253,102.251,1,1
12-08-2014,00:28:31.999,102.255,102.252,1.69,1
12-08-2014,00:28:44.860,102.257,102.253,3.57,1
12-08-2014,00:28:45.607,102.255,102.252,1,4.5
12-08-2014,00:28:48.225,102.255,102.253,1,1
12-08-2014,00:28:54.412,102.255,102.252,1,4.69
12-08-2014,00:29:26.217,102.256,102.252,1,4.5
12-08-2014,00:29:31.631,102.256,102.252,3.19,5.25
12-08-2014,00:29:31.965,102.253,102.251,1,4.5
12-08-2014,00:29:40.872,102.254,102.251,1,2.44
12-08-2014,00:29:43.662,102.255,102.251,3.19,3.19
12-08-2014,00:29:50.969,102.255,102.251,3,2.44
12-08-2014,00:29:51.487,102.255,102.251,3,1.5
12-08-2014,00:29:51.995,102.255,102.251,4.69,1.5
12-08-2014,00:29:55.964,102.255,102.251,4.69,1.69
12-08-2014,00:30:00.392,102.255,102.252,3,4.69
12-08-2014,00:30:33.922,102.257,102.252,3.19,2.25
12-08-2014,00:30:43.328,102.256,102.254,1,1
12-08-2014,00:30:43.479,102.258,102.254,8.44,6.19
12-08-2014,00:30:43.580,102.258,102.256,8.44,3.75
12-08-2014,00:30:43.732,102.26,102.256,1,6
12-08-2014,00:30:43.833,102.262,102.259,1,1
12-08-2014,00:30:44.337,102.262,102.259,1,1.69
12-08-2014,00:30:44.853,102.263,102.261,1.5,1
12-08-2014,00:30:45.056,102.266,102.262,3.94,1.69
12-08-2014,00:30:46.166,102.266,102.262,1.5,2.44
12-08-2014,00:30:47.092,102.266,102.262,1.69,2.44
12-08-2014,00:30:50.114,102.266,102.262,1.5,2.44
12-08-2014,00:30:51.088,102.266,102.262,1.5,1.5
12-08-2014,00:30:56.146,102.265,102.261,5.25,1.19
12-08-2014,00:30:56.197,102.263,102.26,1,3.19
12-08-2014,00:30:57.229,102.263,102.26,1,1
12-08-2014,00:30:58.455,102.263,102.259,1,3.57
12-08-2014,00:31:00.212,102.263,102.259,1.5,2.82
12-08-2014,00:31:01.312,102.262,102.259,1,2.07
12-08-2014,00:31:01.736,102.261,102.257,1.5,1.25
12-08-2014,00:31:02.322,102.261,102.258,1,1
12-08-2014,00:31:02.726,102.262,102.259,1,1.69
12-08-2014,00:31:03.799,102.262,102.259,1.5,2.07
12-08-2014,00:31:06.204,102.262,102.258,1.69,2.44
12-08-2014,00:31:06.507,102.26,102.257,1,1.69
12-08-2014,00:31:07.480,102.262,102.258,6.94,1
12-08-2014,00:31:08.328,102.262,102.258,5.25,1
12-08-2014,00:31:13.632,102.262,102.258,1,2.44
12-08-2014,00:31:17.651,102.262,102.258,1,1.69
12-08-2014,00:31:20.176,102.262,102.259,1,1.25
12-08-2014,00:31:20.716,102.262,102.258,1,1.5
12-08-2014,00:31:21.258,102.262,102.259,1,1.25
12-08-2014,00:31:22.641,102.262,102.258,1,1.69
12-08-2014,00:31:24.658,102.262,102.259,1,1.25
12-08-2014,00:31:28.123,102.263,102.259,3.19,1.69
12-08-2014,00:31:32.758,102.263,102.259,2.25,1.69
12-08-2014,00:31:33.722,102.262,102.259,3.75,1.69
12-08-2014,00:31:34.242,102.262,102.259,3.75,1.69
12-08-2014,00:31:38.569,102.263,102.259,6.19,1.69
12-08-2014,00:31:39.073,102.263,102.26,1.5,1.25
12-08-2014,00:31:44.819,102.263,102.26,1,1.69
12-08-2014,00:31:45.710,102.263,102.261,1,1.19
12-08-2014,00:31:45.861,102.265,102.262,1.5,1.25
12-08-2014,00:31:46.364,102.266,102.262,1.25,2.44
12-08-2014,00:31:46.871,102.267,102.262,1.69,3.19
12-08-2014,00:31:51.956,102.268,102.265,1.5,2.5
12-08-2014,00:31:52.058,102.27,102.268,3.75,1.69
12-08-2014,00:31:52.260,102.272,102.27,1,1
12-08-2014,00:31:52.361,102.274,102.27,1.5,1
12-08-2014,00:31:52.412,102.274,102.273,1.5,1
12-08-2014,00:31:52.715,102.276,102.273,1.88,1.69
12-08-2014,00:31:52.816,102.276,102.274,1,1.19
12-08-2014,00:31:52.866,102.278,102.274,1,1.19
12-08-2014,00:31:53.024,102.279,102.273,4.69,6.19
12-08-2014,00:31:53.539,102.278,102.273,1.25,7.69
12-08-2014,00:31:54.816,102.279,102.273,6.94,6.94
12-08-2014,00:31:55.446,102.276,102.273,1,7.69
12-08-2014,00:31:59.661,102.277,102.272,3.94,1.19
12-08-2014,00:32:01.557,102.277,102.271,3.75,3.94
12-08-2014,00:32:02.073,102.277,102.272,5.44,1.19
12-08-2014,00:32:07.672,102.275,102.271,1,3.94
12-08-2014,00:32:08.177,102.276,102.271,2.44,3.19
12-08-2014,00:32:10.594,102.275,102.271,1.25,3.19
12-08-2014,00:32:10.896,102.274,102.271,1,1.69
12-08-2014,00:32:12.112,102.274,102.271,1,1.5
12-08-2014,00:32:12.617,102.275,102.271,1,1.5
12-08-2014,00:32:13.393,102.275,102.272,1,1
12-08-2014,00:32:18.451,102.275,102.272,1,2.44
12-08-2014,00:32:19.113,102.277,102.273,3.19,1.25
12-08-2014,00:32:32.138,102.277,102.274,1.69,1
12-08-2014,00:32:32.341,102.279,102.275,1.5,1
12-08-2014,00:32:34.601,102.279,102.277,1,1
12-08-2014,00:32:34.904,102.283,102.279,2.44,1.32
12-08-2014,00:32:35.207,102.282,102.276,1.69,9.94
12-08-2014,00:32:40.228,102.282,102.277,3.19,1.32
12-08-2014,00:32:41.207,102.282,102.277,3.19,1.19
12-08-2014,00:32:41.712,102.281,102.277,1.25,1.25
12-08-2014,00:32:41.914,102.281,102.278,1,6.19
12-08-2014,00:32:42.067,102.283,102.28,1,1
12-08-2014,00:32:42.574,102.284,102.28,2.44,1.25
12-08-2014,00:32:44.045,102.284,102.28,1,1.69
12-08-2014,00:32:44.807,102.284,102.28,3.19,1
12-08-2014,00:32:44.909,102.282,102.278,1.69,3
12-08-2014,00:32:45.720,102.281,102.277,1.25,5.44
12-08-2014,00:32:47.516,102.281,102.279,1,1.25
12-08-2014,00:32:47.769,102.283,102.279,1.69,1.69
12-08-2014,00:32:48.543,102.283,102.279,1.5,1.69
12-08-2014,00:32:49.459,102.282,102.279,1,1.19
12-08-2014,00:32:49.664,102.282,102.278,1.25,1.25
12-08-2014,00:32:51.815,102.283,102.28,1.25,1
12-08-2014,00:32:52.320,102.284,102.28,1.25,2.44
12-08-2014,00:32:56.238,102.284,102.281,1,1
12-08-2014,00:32:57.531,102.284,102.282,1,1
12-08-2014,00:32:57.734,102.287,102.281,2.44,3.19
12-08-2014,00:32:57.784,102.285,102.281,1,3.19
12-08-2014,00:32:58.289,102.284,102.281,1,1.69
12-08-2014,00:32:58.793,102.284,102.281,1,1.69
12-08-2014,00:32:59.549,102.284,102.281,1,1.25
12-08-2014,00:33:02.584,102.284,102.281,1,1.69
12-08-2014,00:33:05.226,102.283,102.281,1,1.19
12-08-2014,00:33:05.377,102.283,102.28,1,1.69
12-08-2014,00:33:05.938,102.283,102.281,1,1
12-08-2014,00:33:07.520,102.284,102.281,6.94,1
12-08-2014,00:33:07.722,102.281,102.278,4.75,2.63
12-08-2014,00:33:09.056,102.279,102.278,1.25,1
12-08-2014,00:33:09.671,102.28,102.278,1.5,1
12-08-2014,00:33:15.391,102.28,102.277,1.5,1
12-08-2014,00:33:15.898,102.28,102.278,1.5,1
12-08-2014,00:33:16.613,102.28,102.277,1.5,1
12-08-2014,00:33:17.380,102.28,102.276,1.5,1.69
12-08-2014,00:33:18.197,102.279,102.276,1,1.69
12-08-2014,00:33:18.975,102.279,102.274,5.25,1.69
12-08-2014,00:33:23.328,102.279,102.275,5.44,1.25
12-08-2014,00:33:25.292,102.279,102.274,5.25,2.44
12-08-2014,00:33:25.799,102.279,102.275,5.25,1
12-08-2014,00:33:27.374,102.277,102.275,3.75,1.25
12-08-2014,00:33:27.677,102.276,102.274,1,1
12-08-2014,00:33:30.241,102.275,102.273,1,2.82
12-08-2014,00:33:30.762,102.275,102.274,1,1
12-08-2014,00:33:31.388,102.276,102.274,1,1
12-08-2014,00:33:35.441,102.276,102.274,1,2.44
12-08-2014,00:33:39.422,102.276,102.274,1,3.19
12-08-2014,00:33:40.525,102.278,102.274,1.69,3.94
12-08-2014,00:33:41.779,102.278,102.275,1.5,1
12-08-2014,00:33:42.659,102.277,102.275,3.75,1
12-08-2014,00:33:42.963,102.276,102.274,3.75,1.69
12-08-2014,00:33:43.476,102.274,102.273,1,1
12-08-2014,00:33:43.991,102.274,102.271,1.5,1.69
12-08-2014,00:33:44.504,102.274,102.271,1.5,1.69
12-08-2014,00:33:49.294,102.274,102.27,1.69,1.69
12-08-2014,00:33:50.683,102.273,102.27,1.25,1
12-08-2014,00:33:50.986,102.27,102.268,1,1.25
12-08-2014,00:33:51.289,102.272,102.269,3.75,1.32
12-08-2014,00:33:51.390,102.274,102.269,4.5,1.32
12-08-2014,00:33:52.290,102.274,102.269,4.5,2.44
12-08-2014,00:34:00.282,102.274,102.271,1,1.25
12-08-2014,00:34:06.388,102.274,102.271,1,1.19
12-08-2014,00:34:06.919,102.275,102.272,1,1.69
12-08-2014,00:34:10.722,102.275,102.272,1,1.25
12-08-2014,00:34:11.226,102.275,102.273,1,1.25
12-08-2014,00:34:13.978,102.278,102.275,2.44,1
12-08-2014,00:34:14.492,102.278,102.275,1.25,1
12-08-2014,00:34:14.852,102.276,102.274,1,1.69
12-08-2014,00:34:15.104,102.275,102.273,1,1.32
12-08-2014,00:34:24.575,102.275,102.272,1,5.44
12-08-2014,00:34:30.848,102.275,102.273,1,1.25
12-08-2014,00:34:38.095,102.275,102.273,1,1.19
12-08-2014,00:34:40.068,102.275,102.273,1,1.25
12-08-2014,00:34:42.069,102.275,102.273,1,1.69
12-08-2014,00:34:43.112,102.275,102.273,1,1.69
12-08-2014,00:34:44.083,102.275,102.273,1,1.69
12-08-2014,00:34:48.156,102.276,102.273,1,1.69
12-08-2014,00:34:50.095,102.276,102.273,1,1.25
12-08-2014,00:35:11.701,102.277,102.273,4.69,1.25
12-08-2014,00:35:27.999,102.277,102.273,6.75,1.19
12-08-2014,00:35:28.519,102.278,102.274,1,6.19
12-08-2014,00:35:34.066,102.277,102.274,1,2.82
12-08-2014,00:35:34.570,102.277,102.274,1,1.25
12-08-2014,00:35:35.111,102.277,102.272,3.94,6.19
12-08-2014,00:35:35.722,102.277,102.272,3,5.44
12-08-2014,00:35:43.551,102.277,102.275,2.25,1
12-08-2014,00:35:49.183,102.277,102.276,1,1
12-08-2014,00:35:51.241,102.278,102.276,4.5,1
12-08-2014,00:35:51.442,102.28,102.276,2.44,4.69
12-08-2014,00:35:51.644,102.281,102.279,1,2.25
12-08-2014,00:35:51.897,102.285,102.282,5.44,1
12-08-2014,00:35:52.534,102.284,102.282,1,1.69
12-08-2014,00:35:53.416,102.285,102.282,4.69,1.5
12-08-2014,00:35:53.671,102.283,102.282,1,1.5
12-08-2014,00:35:54.074,102.285,102.282,4.69,1.5
12-08-2014,00:35:56.074,102.284,102.282,1,1.5
12-08-2014,00:36:00.226,102.284,102.281,1.5,1.69
12-08-2014,00:36:01.062,102.284,102.281,1,6.94
12-08-2014,00:36:02.082,102.284,102.281,1,6.94
12-08-2014,00:36:03.034,102.284,102.282,1,1
12-08-2014,00:36:03.164,102.286,102.282,1,1.5
12-08-2014,00:36:05.041,102.286,102.282,1,2.44
12-08-2014,00:36:12.074,102.286,102.282,1.25,6.94
12-08-2014,00:36:13.066,102.286,102.282,1,6.94
12-08-2014,00:36:14.101,102.286,102.282,1.25,6.94
12-08-2014,00:36:16.068,102.286,102.282,1,6.94
12-08-2014,00:36:19.078,102.286,102.282,1.25,6.94
12-08-2014,00:36:36.043,102.286,102.282,1.5,6.94
12-08-2014,00:36:36.245,102.288,102.285,1.25,1
12-08-2014,00:36:36.548,102.289,102.287,1,5.25
12-08-2014,00:36:37.066,102.291,102.287,3.19,6
12-08-2014,00:36:37.570,102.291,102.287,2.25,6
12-08-2014,00:36:39.107,102.29,102.287,1,1.69
12-08-2014,00:36:40.712,102.289,102.287,1,1
12-08-2014,00:36:41.938,102.289,102.286,1.5,2.44
12-08-2014,00:36:42.958,102.289,102.287,1,4.5
12-08-2014,00:36:45.495,102.29,102.287,1,5.44
12-08-2014,00:36:45.999,102.291,102.287,2.44,6.19
12-08-2014,00:36:46.302,102.288,102.287,1,1.69
12-08-2014,00:36:46.554,102.291,102.289,1.5,1
12-08-2014,00:36:46.655,102.292,102.29,1.5,7.5
12-08-2014,00:36:47.159,102.292,102.29,1,1.25
12-08-2014,00:36:50.284,102.292,102.289,1,3.19
12-08-2014,00:36:50.588,102.29,102.289,1,1
12-08-2014,00:36:50.842,102.29,102.287,1.5,4.5
12-08-2014,00:36:51.346,102.289,102.287,2.25,1
12-08-2014,00:36:51.900,102.289,102.285,2.25,6.19
12-08-2014,00:36:52.404,102.288,102.286,1,1
12-08-2014,00:36:54.470,102.289,102.286,1.5,1
12-08-2014,00:36:54.974,102.291,102.288,1.5,7.5
12-08-2014,00:36:55.277,102.293,102.29,1,1.5
12-08-2014,00:36:57.551,102.292,102.29,1,1
12-08-2014,00:36:59.607,102.293,102.29,1,1.69
12-08-2014,00:37:01.708,102.293,102.291,1.5,1
12-08-2014,00:37:02.269,102.293,102.29,1,1.25
12-08-2014,00:37:06.605,102.294,102.29,5.44,1.69
12-08-2014,00:37:09.234,102.293,102.29,1.25,1
12-08-2014,00:37:10.599,102.292,102.29,1,1.25
12-08-2014,00:37:15.127,102.293,102.29,1.25,1
12-08-2014,00:37:15.655,102.293,102.289,1.25,1.69
12-08-2014,00:37:16.682,102.292,102.289,1,1.69
12-08-2014,00:37:17.186,102.292,102.29,1,1
12-08-2014,00:37:17.901,102.292,102.289,1,1
12-08-2014,00:37:19.142,102.292,102.287,3.19,2.44
12-08-2014,00:37:19.951,102.292,102.287,6.94,5.25
12-08-2014,00:37:21.484,102.291,102.287,1,5.25
12-08-2014,00:37:22.101,102.29,102.287,1,5.25
12-08-2014,00:37:22.616,102.291,102.287,1.5,6
12-08-2014,00:37:23.121,102.292,102.287,7.69,6
12-08-2014,00:37:23.653,102.292,102.29,5.25,1
12-08-2014,00:37:23.856,102.294,102.291,1,1
12-08-2014,00:37:24.369,102.295,102.291,2.44,2.25
12-08-2014,00:37:26.958,102.294,102.291,1,1.69
12-08-2014,00:37:27.472,102.295,102.291,6.19,1.69
12-08-2014,00:37:27.985,102.294,102.29,2.44,1.69
12-08-2014,00:37:28.603,102.294,102.291,1.69,1
12-08-2014,00:37:32.552,102.294,102.292,1.5,1
12-08-2014,00:37:35.388,102.294,102.291,1.5,1
12-08-2014,00:37:43.788,102.293,102.29,1.25,1
12-08-2014,00:37:43.839,102.292,102.29,3.75,1
12-08-2014,00:37:44.040,102.291,102.287,1.25,6
12-08-2014,00:37:44.142,102.289,102.287,1,4.5
12-08-2014,00:37:45.656,102.292,102.287,8.44,5.25
12-08-2014,00:37:49.902,102.292,102.289,6.75,1.25
12-08-2014,00:37:50.519,102.292,102.29,2.25,1.25
12-08-2014,00:37:51.023,102.293,102.29,1,1.25
12-08-2014,00:37:51.537,102.293,102.289,1,2.44
12-08-2014,00:37:51.841,102.293,102.291,1,1.25
12-08-2014,00:37:51.942,102.295,102.291,3.19,1.69
12-08-2014,00:37:52.614,102.295,102.292,3,1.25
12-08-2014,00:37:53.208,102.293,102.291,1,1
12-08-2014,00:37:53.713,102.294,102.291,1,1.25
12-08-2014,00:37:54.925,102.293,102.291,1,1.69
12-08-2014,00:37:55.869,102.293,102.289,3,2.44
12-08-2014,00:37:56.400,102.292,102.289,5.25,1.5
12-08-2014,00:38:00.953,102.293,102.289,2.44,1.69
12-08-2014,00:38:01.555,102.292,102.289,1,1.69
12-08-2014,00:38:02.739,102.292,102.289,1,1.69
12-08-2014,00:38:08.117,102.292,102.289,1,1.25
12-08-2014,00:38:12.610,102.293,102.289,1.5,1.25
12-08-2014,00:38:13.247,102.293,102.29,1,1
12-08-2014,00:38:14.977,102.292,102.29,1,1
12-08-2014,00:38:16.573,102.292,102.289,1,2.44
12-08-2014,00:38:17.168,102.293,102.289,1.69,2.44
12-08-2014,00:38:17.269,102.292,102.289,1.69,2.25
12-08-2014,00:38:17.811,102.291,102.288,1.25,1.5
12-08-2014,00:38:19.296,102.291,102.287,1.25,2.44
12-08-2014,00:38:21.172,102.291,102.289,1,1
12-08-2014,00:38:21.711,102.291,102.288,1,5.44
12-08-2014,00:38:23.238,102.29,102.287,3.75,2.44
12-08-2014,00:38:23.756,102.289,102.287,1.5,1.25
12-08-2014,00:38:24.297,102.289,102.286,1.5,1.69
12-08-2014,00:38:26.204,102.289,102.286,1,1.69
12-08-2014,00:38:28.715,102.291,102.287,2.25,1.25
12-08-2014,00:38:28.766,102.291,102.289,1,1
12-08-2014,00:38:29.271,102.291,102.287,2.25,5.44
12-08-2014,00:38:29.776,102.291,102.287,2.44,5.44
12-08-2014,00:38:34.425,102.29,102.287,1,5.44
12-08-2014,00:38:34.931,102.291,102.287,2.82,1.69
12-08-2014,00:38:35.284,102.292,102.289,1.25,1
12-08-2014,00:38:36.687,102.293,102.289,3.94,4.69
12-08-2014,00:38:41.088,102.293,102.289,3.94,1
12-08-2014,00:38:43.495,102.29,102.288,4.75,1
12-08-2014,00:38:43.647,102.289,102.286,1,1
12-08-2014,00:38:44.194,102.289,102.285,1,6.19
12-08-2014,00:38:44.724,102.289,102.285,1,6.19
12-08-2014,00:38:46.009,102.288,102.285,1,5.44
12-08-2014,00:38:46.621,102.288,102.284,1,4.32
12-08-2014,00:38:52.380,102.288,102.285,1,1
12-08-2014,00:39:02.942,102.288,102.284,1,4.32
12-08-2014,00:39:03.661,102.288,102.284,1,4.32
12-08-2014,00:39:04.650,102.288,102.285,1,1.69
12-08-2014,00:39:06.169,102.289,102.285,3,1.69
12-08-2014,00:39:06.670,102.289,102.287,3,1
12-08-2014,00:39:13.011,102.289,102.285,2.25,2.44
12-08-2014,00:39:19.726,102.289,102.285,2.25,1.69
12-08-2014,00:39:20.235,102.289,102.286,2.25,1.25
12-08-2014,00:39:24.719,102.289,102.285,3.19,1.25
12-08-2014,00:39:26.089,102.286,102.285,1,1.69
12-08-2014,00:39:26.442,102.285,102.283,1,2.07
12-08-2014,00:39:28.244,102.285,102.282,1,7.69
12-08-2014,00:39:29.213,102.285,102.282,1,6.19
12-08-2014,00:39:30.235,102.285,102.282,1,6.19
12-08-2014,00:39:39.326,102.285,102.284,1,1
12-08-2014,00:39:53.220,102.286,102.284,1,1
12-08-2014,00:39:55.436,102.287,102.284,1.69,4.5
12-08-2014,00:40:08.598,102.287,102.284,1,5.44
12-08-2014,00:40:09.640,102.287,102.284,1,1.69
12-08-2014,00:40:14.640,102.287,102.284,1,1.69
12-08-2014,00:40:16.611,102.287,102.284,1,1.69
12-08-2014,00:40:17.631,102.287,102.285,1,1.25
12-08-2014,00:40:18.963,102.289,102.285,6.19,1.69
12-08-2014,00:40:24.643,102.289,102.286,2.44,1
12-08-2014,00:40:25.163,102.289,102.285,2.44,1.69
12-08-2014,00:40:36.928,102.289,102.286,5.25,1
12-08-2014,00:40:43.589,102.288,102.286,1,1.69
12-08-2014,00:41:00.815,102.288,102.285,1,1.69
12-08-2014,00:41:01.326,102.288,102.286,1,1.25
12-08-2014,00:41:06.827,102.288,102.285,1,2.44
12-08-2014,00:41:07.843,102.288,102.285,1,2.44
12-08-2014,00:41:10.821,102.288,102.285,1,1.69
12-08-2014,00:41:11.369,102.288,102.285,1,2.44
12-08-2014,00:41:11.873,102.288,102.285,1,1.69
12-08-2014,00:41:12.840,102.288,102.285,1,2.44
12-08-2014,00:41:19.941,102.288,102.284,1.5,5.44
12-08-2014,00:41:20.966,102.288,102.284,1.5,5.44
12-08-2014,00:41:26.991,102.288,102.285,1.5,1.19
12-08-2014,00:41:27.602,102.288,102.284,1.5,5.25
12-08-2014,00:41:27.804,102.286,102.284,1,4.5
12-08-2014,00:41:30.118,102.287,102.285,1,3.75
12-08-2014,00:41:33.663,102.286,102.284,1,3.75
12-08-2014,00:41:35.747,102.29,102.285,3,3.75
12-08-2014,00:41:35.798,102.29,102.288,1,8.26
12-08-2014,00:41:36.202,102.289,102.287,1,1.25
12-08-2014,00:41:37.126,102.289,102.286,1,4.69
12-08-2014,00:41:51.711,102.289,102.286,1,5.44
12-08-2014,00:41:53.761,102.289,102.286,1,5.44
12-08-2014,00:42:02.059,102.289,102.287,1.5,1.25
12-08-2014,00:42:02.110,102.29,102.288,1,7.75
12-08-2014,00:42:02.665,102.29,102.287,1,5.44
12-08-2014,00:42:08.727,102.289,102.287,1,1
12-08-2014,00:42:09.310,102.289,102.286,1,7.69
12-08-2014,00:42:10.139,102.29,102.286,3.75,7.69
12-08-2014,00:42:10.190,102.29,102.288,3,1.69
12-08-2014,00:42:10.493,102.292,102.29,1.5,4.5
12-08-2014,00:42:17.506,102.292,102.29,1,1.69
12-08-2014,00:42:18.022,102.293,102.29,1,6.19
12-08-2014,00:42:18.526,102.293,102.29,1,6.19
12-08-2014,00:42:21.240,102.292,102.289,1,1.25
12-08-2014,00:42:23.420,102.292,102.29,1,1.19
12-08-2014,00:42:23.925,102.293,102.29,1,1.19
12-08-2014,00:42:27.461,102.293,102.29,1,4.69
12-08-2014,00:42:28.424,102.293,102.29,1,4.69
12-08-2014,00:42:29.432,102.293,102.29,1,3.94
12-08-2014,00:42:30.450,102.293,102.29,1,4.69
12-08-2014,00:42:31.107,102.291,102.289,1,3
12-08-2014,00:42:31.158,102.29,102.288,1.5,1
12-08-2014,00:42:31.259,102.289,102.287,1,1
12-08-2014,00:42:31.360,102.288,102.284,1,7.69
12-08-2014,00:42:31.562,102.29,102.285,3.94,4.5
12-08-2014,00:42:32.218,102.29,102.286,3.94,1.25
12-08-2014,00:42:33.509,102.289,102.286,1,1.25
12-08-2014,00:42:34.043,102.288,102.286,1,1.25
12-08-2014,00:42:34.144,102.29,102.286,1.69,1.25
12-08-2014,00:42:34.357,102.29,102.288,1.25,4.5
12-08-2014,00:42:34.862,102.292,102.288,1.25,6.94
12-08-2014,00:42:35.431,102.293,102.288,6.75,6.19
12-08-2014,00:42:42.688,102.293,102.29,6.94,1
12-08-2014,00:42:45.094,102.292,102.288,1,8.07
12-08-2014,00:42:45.609,102.29,102.288,1,2.07
12-08-2014,00:42:46.495,102.29,102.287,1,2.25
12-08-2014,00:42:58.910,102.289,102.287,1,1.25
12-08-2014,00:42:59.221,102.288,102.285,1,6.19
12-08-2014,00:42:59.767,102.287,102.285,1,6.19
12-08-2014,00:43:00.675,102.289,102.286,1,5.5
12-08-2014,00:43:00.726,102.292,102.288,6,1
12-08-2014,00:43:00.827,102.29,102.287,1.5,1.13
12-08-2014,00:43:01.130,102.288,102.286,1,3.94
12-08-2014,00:43:12.317,102.289,102.287,2.5,1.25
12-08-2014,00:43:12.821,102.289,102.287,1,4.69
12-08-2014,00:43:15.607,102.289,102.286,1,3.75
12-08-2014,00:43:21.246,102.289,102.286,1,5.44
12-08-2014,00:43:21.398,102.291,102.288,4.5,1.25
12-08-2014,00:43:21.912,102.289,102.287,4.5,1.25
12-08-2014,00:43:22.215,102.287,102.285,1,1.69
12-08-2014,00:43:22.756,102.287,102.284,1,1.69
12-08-2014,00:43:24.066,102.287,102.284,1,2.44
12-08-2014,00:43:24.576,102.287,102.283,1,7.69
12-08-2014,00:43:25.560,102.287,102.283,1,6.75
12-08-2014,00:43:29.537,102.287,102.284,1.69,1
12-08-2014,00:43:33.909,102.287,102.286,1,3.75
12-08-2014,00:43:38.628,102.289,102.287,1,6
12-08-2014,00:43:38.678,102.291,102.288,1.69,2.25
12-08-2014,00:43:38.779,102.289,102.288,1,1
12-08-2014,00:43:38.981,102.289,102.286,1,4.69
12-08-2014,00:43:42.690,102.289,102.288,1,5.25
12-08-2014,00:43:42.740,102.291,102.288,1,5.25
12-08-2014,00:43:43.245,102.29,102.287,3.19,3.75
12-08-2014,00:43:48.423,102.288,102.286,4.5,1
12-08-2014,00:43:48.575,102.287,102.284,1,2.44
12-08-2014,00:43:52.532,102.287,102.283,1.69,9.94
12-08-2014,00:43:55.552,102.286,102.283,3.75,5.44
12-08-2014,00:43:55.703,102.284,102.282,1,4.69
12-08-2014,00:43:56.218,102.284,102.282,1,4.69
12-08-2014,00:43:58.775,102.284,102.283,1,3.75
12-08-2014,00:44:11.950,102.283,102.282,1,4.5
12-08-2014,00:44:16.184,102.284,102.282,1.25,3.75
12-08-2014,00:44:58.180,102.285,102.282,1.5,3.75
12-08-2014,00:45:09.974,102.284,102.282,1,3.75
12-08-2014,00:45:10.477,102.285,102.282,1.5,3.75
12-08-2014,00:45:13.007,102.285,102.281,1.69,1.69
12-08-2014,00:45:15.994,102.285,102.281,1.5,1.69
12-08-2014,00:45:17.999,102.285,102.281,1.69,1.69
12-08-2014,00:45:19.072,102.284,102.281,1,1.25
12-08-2014,00:45:22.995,102.284,102.281,1,1.69
12-08-2014,00:45:24.990,102.284,102.281,1,1
12-08-2014,00:45:34.054,102.284,102.281,1,1.69
12-08-2014,00:45:34.425,102.286,102.283,3.19,2.25
12-08-2014,00:45:35.030,102.286,102.283,1.5,5.07
12-08-2014,00:45:37.266,102.286,102.282,3.75,1
12-08-2014,00:45:39.529,102.286,102.283,1.5,4.5
12-08-2014,00:45:40.036,102.285,102.282,1,4.69
12-08-2014,00:45:45.385,102.285,102.282,1.5,7.5
12-08-2014,00:45:45.905,102.286,102.283,2.44,4.5
12-08-2014,00:45:46.428,102.286,102.283,2.44,4.13
12-08-2014,00:45:50.214,102.285,102.282,1,5.25
12-08-2014,00:45:51.412,102.285,102.283,1.69,3.75
12-08-2014,00:45:51.916,102.285,102.282,2.44,3.75
12-08-2014,00:45:52.426,102.284,102.282,1.25,3.75
12-08-2014,00:45:55.473,102.285,102.283,1.5,1
12-08-2014,00:45:55.576,102.287,102.285,3.19,4.5
12-08-2014,00:45:55.930,102.287,102.283,3.19,5.25
12-08-2014,00:45:55.980,102.285,102.283,1,4.5
12-08-2014,00:45:56.284,102.285,102.281,1.69,7.32
12-08-2014,00:45:56.889,102.285,102.283,1.25,3.75
12-08-2014,00:46:00.542,102.285,102.284,1.25,3.75
12-08-2014,00:46:00.913,102.285,102.282,1.25,3.75
12-08-2014,00:46:01.418,102.286,102.282,1.5,3.75
12-08-2014,00:46:01.822,102.286,102.284,1,3.75
12-08-2014,00:46:02.790,102.287,102.284,3.19,3.75
12-08-2014,00:46:07.124,102.286,102.284,1.25,3.75
12-08-2014,00:46:09.122,102.285,102.284,1.25,3.75
12-08-2014,00:46:13.053,102.285,102.282,1.69,3.75
12-08-2014,00:46:17.524,102.286,102.283,1.69,1
12-08-2014,00:46:39.654,102.286,102.283,1.69,2.63
12-08-2014,00:46:41.651,102.286,102.283,1.69,2.63
12-08-2014,00:46:44.153,102.286,102.284,1,1.25
12-08-2014,00:46:44.255,102.288,102.284,1.69,1.25
12-08-2014,00:46:59.119,102.288,102.284,2.25,1.19
12-08-2014,00:47:01.108,102.288,102.283,2.25,5.44
12-08-2014,00:47:02.792,102.288,102.284,2.25,1.19
12-08-2014,00:47:03.833,102.288,102.283,2.25,5.44
12-08-2014,00:47:04.794,102.287,102.283,1,2.44
12-08-2014,00:47:05.249,102.285,102.282,1,1.69
12-08-2014,00:47:18.325,102.285,102.281,1.5,5.63
12-08-2014,00:47:22.726,102.285,102.282,1.5,2.25
12-08-2014,00:47:23.230,102.285,102.282,1,1
12-08-2014,00:47:28.358,102.285,102.282,1,1.69
12-08-2014,00:47:29.334,102.285,102.282,1,1
12-08-2014,00:47:42.381,102.285,102.282,1,1.69
12-08-2014,00:47:43.159,102.286,102.282,3,2.44
12-08-2014,00:47:43.688,102.286,102.282,3.19,2.44
12-08-2014,00:47:44.201,102.285,102.282,1,2.44
12-08-2014,00:47:45.321,102.286,102.282,3,1
12-08-2014,00:48:02.681,102.286,102.283,2.25,1
12-08-2014,00:48:03.206,102.286,102.284,1,1
12-08-2014,00:48:04.226,102.288,102.284,3.19,1.69
12-08-2014,00:48:05.849,102.288,102.283,2.25,2.44
12-08-2014,00:48:08.412,102.288,102.284,3.75,1
12-08-2014,00:48:11.595,102.287,102.284,1,1
12-08-2014,00:48:12.856,102.287,102.283,1,2.44
12-08-2014,00:48:13.477,102.285,102.282,1,6.75
12-08-2014,00:48:13.679,102.285,102.281,1,5.44
12-08-2014,00:48:22.872,102.285,102.283,1,5.63
12-08-2014,00:48:22.973,102.287,102.283,1.69,6.57
12-08-2014,00:48:23.226,102.285,102.283,1,1.32
12-08-2014,00:48:23.945,102.285,102.282,1,5.44
12-08-2014,00:48:26.970,102.285,102.282,1,5.44
12-08-2014,00:48:30.984,102.285,102.282,1,4.5
12-08-2014,00:48:31.548,102.285,102.282,1,5.44
12-08-2014,00:48:33.975,102.285,102.282,1,5.44
12-08-2014,00:48:35.002,102.285,102.283,1,1.25
12-08-2014,00:48:35.974,102.285,102.282,1,5.44
12-08-2014,00:48:44.181,102.286,102.282,7.69,5.44
12-08-2014,00:49:10.220,102.286,102.284,6.19,1
12-08-2014,00:49:19.594,102.286,102.283,4.5,1.69
12-08-2014,00:49:38.731,102.286,102.284,1,1
12-08-2014,00:49:38.933,102.288,102.285,3.19,1
12-08-2014,00:49:39.437,102.288,102.284,3.94,1.69
12-08-2014,00:49:44.002,102.288,102.285,1.5,1
12-08-2014,00:50:01.051,102.287,102.284,1,3.19
12-08-2014,00:50:01.960,102.287,102.284,1,1.5
12-08-2014,00:50:07.310,102.287,102.283,1,3.94
12-08-2014,00:50:11.133,102.287,102.283,1,4.69
12-08-2014,00:50:18.969,102.287,102.283,2.44,2.44
12-08-2014,00:50:19.020,102.287,102.285,1.69,1
12-08-2014,00:50:20.303,102.288,102.285,1,1
12-08-2014,00:50:21.973,102.288,102.284,1.69,1.69
12-08-2014,00:50:26.501,102.288,102.283,1.5,2.44
12-08-2014,00:50:28.218,102.288,102.285,1.5,1
12-08-2014,00:50:28.520,102.288,102.287,1.5,3.75
12-08-2014,00:50:28.724,102.29,102.288,1,1.5
12-08-2014,00:50:29.233,102.291,102.288,5.44,1
12-08-2014,00:50:30.276,102.292,102.29,1.5,1
12-08-2014,00:50:30.578,102.295,102.293,1,1
12-08-2014,00:50:31.086,102.294,102.292,1,1.25
12-08-2014,00:50:31.591,102.293,102.291,1,2.44
12-08-2014,00:50:31.894,102.295,102.293,1.69,3.75
12-08-2014,00:50:33.577,102.297,102.294,3.19,3.75
12-08-2014,00:50:34.174,102.297,102.294,2.25,3.75
12-08-2014,00:50:35.597,102.296,102.294,1,3.75
12-08-2014,00:50:36.101,102.297,102.294,2.25,3.75
12-08-2014,00:50:39.070,102.297,102.295,1,3.75
12-08-2014,00:50:39.581,102.297,102.294,1,1.25
12-08-2014,00:50:40.106,102.297,102.292,1,9.57
12-08-2014,00:50:42.001,102.297,102.292,1,10.69
12-08-2014,00:50:42.865,102.295,102.292,1,9.94
12-08-2014,00:50:44.504,102.298,102.293,7.69,5.63
12-08-2014,00:50:44.706,102.296,102.294,1,1
12-08-2014,00:50:45.780,102.296,102.292,1,3.57
12-08-2014,00:50:48.810,102.296,102.292,1,6.94
12-08-2014,00:50:53.841,102.297,102.293,1.25,5.44
12-08-2014,00:50:59.648,102.297,102.294,1.25,3.75
12-08-2014,00:51:06.079,102.296,102.294,1,5.25
12-08-2014,00:51:06.180,102.298,102.294,1,5.25
12-08-2014,00:51:06.281,102.296,102.294,1,5.25
12-08-2014,00:51:06.786,102.296,102.295,1,1
12-08-2014,00:51:07.499,102.297,102.295,1,1
12-08-2014,00:51:11.765,102.297,102.295,1,1.25
12-08-2014,00:51:12.269,102.297,102.295,1,1
12-08-2014,00:51:12.791,102.296,102.295,1,1
12-08-2014,00:51:19.463,102.297,102.295,1.5,1.5
12-08-2014,00:51:21.318,102.297,102.294,1.5,5.07
12-08-2014,00:51:27.697,102.297,102.293,1.69,3.19
12-08-2014,00:51:30.176,102.296,102.293,1.25,1.88
12-08-2014,00:51:30.726,102.296,102.294,1.25,1
12-08-2014,00:51:31.231,102.296,102.295,1.25,3.75
12-08-2014,00:51:34.392,102.297,102.295,1.69,3.75
12-08-2014,00:51:36.281,102.297,102.296,1.69,3.75
12-08-2014,00:51:36.634,102.299,102.297,1.69,3.75
12-08-2014,00:51:38.390,102.3,102.297,1.69,3.75
12-08-2014,00:51:40.238,102.301,102.299,2.44,4.5
12-08-2014,00:51:40.798,102.302,102.299,1.25,6.75
12-08-2014,00:51:41.427,102.303,102.299,2.25,6
12-08-2014,00:51:41.730,102.304,102.302,1.25,1
12-08-2014,00:51:42.235,102.303,102.301,1,3.75
12-08-2014,00:51:42.590,102.302,102.3,1,3.75
12-08-2014,00:51:43.517,102.301,102.299,1,6
12-08-2014,00:51:44.327,102.302,102.299,1.25,5.25
12-08-2014,00:51:44.836,102.301,102.299,1,1
12-08-2014,00:51:45.351,102.302,102.299,1.25,1.5
12-08-2014,00:51:45.856,102.301,102.299,1,1
12-08-2014,00:51:48.138,102.301,102.298,1,1.69
12-08-2014,00:51:48.474,102.303,102.3,6,1
12-08-2014,00:51:48.996,102.303,102.301,1,1.5
12-08-2014,00:51:50.181,102.304,102.301,3.75,1.5
12-08-2014,00:51:51.050,102.303,102.301,1,1
12-08-2014,00:51:51.201,102.303,102.299,1.25,5.44
12-08-2014,00:51:51.454,102.301,102.298,1.69,3
12-08-2014,00:51:51.807,102.299,102.297,1,5.44
12-08-2014,00:51:52.334,102.302,102.298,3.19,6.94
12-08-2014,00:51:52.788,102.303,102.3,1.5,1
12-08-2014,00:51:54.762,102.304,102.3,1.5,1.5
12-08-2014,00:51:55.281,102.303,102.3,1.25,1
12-08-2014,00:51:55.785,102.304,102.301,2.44,1
12-08-2014,00:51:56.316,102.304,102.3,1.69,6.94
12-08-2014,00:51:56.618,102.302,102.3,1,3.19
12-08-2014,00:51:57.073,102.301,102.299,1,1
12-08-2014,00:51:57.176,102.3,102.298,1,6
12-08-2014,00:51:57.731,102.299,102.298,3.75,1
12-08-2014,00:51:57.832,102.299,102.296,6.19,1
12-08-2014,00:51:58.337,102.298,102.294,1,5.07
12-08-2014,00:51:58.841,102.299,102.296,3.19,3.75
12-08-2014,00:52:00.392,102.299,102.298,1.5,1
12-08-2014,00:52:00.912,102.3,102.298,3.19,1
12-08-2014,00:52:01.445,102.299,102.298,1,1
12-08-2014,00:52:01.957,102.3,102.297,3.19,1
12-08-2014,00:52:05.261,102.3,102.298,1,1.5
12-08-2014,00:52:11.574,102.3,102.297,2.25,4.69
12-08-2014,00:52:13.030,102.299,102.297,1,1
12-08-2014,00:52:13.539,102.299,102.296,1,1.25
12-08-2014,00:52:17.981,102.298,102.296,1,1
12-08-2014,00:52:18.488,102.298,102.295,3.94,1.5
12-08-2014,00:52:19.872,102.296,102.295,1,1
12-08-2014,00:52:19.974,102.296,102.293,4.19,6
12-08-2014,00:52:20.024,102.295,102.291,2.44,1
12-08-2014,00:52:20.127,102.292,102.291,1.25,1
12-08-2014,00:52:20.228,102.292,102.288,3.19,1.5
12-08-2014,00:52:20.430,102.289,102.287,1.25,1.5
12-08-2014,00:52:20.945,102.288,102.286,3.94,1
12-08-2014,00:52:22.238,102.287,102.286,2.44,1
12-08-2014,00:52:22.340,102.287,102.284,3.19,1
12-08-2014,00:52:23.553,102.286,102.283,3.75,3.19
12-08-2014,00:52:23.906,102.284,102.282,1,1.5
12-08-2014,00:52:24.411,102.283,102.28,1,6.94
12-08-2014,00:52:24.945,102.283,102.28,1.5,2.25
12-08-2014,00:52:25.404,102.283,102.282,1,1
12-08-2014,00:52:25.882,102.285,102.282,2.44,1
12-08-2014,00:52:28.662,102.285,102.283,1,1
12-08-2014,00:52:29.424,102.286,102.283,1,1.25
12-08-2014,00:52:29.954,102.286,102.284,1,1
12-08-2014,00:52:30.950,102.286,102.285,1,1
12-08-2014,00:52:31.001,102.288,102.285,2.44,1
12-08-2014,00:52:31.052,102.29,102.287,1.5,4
12-08-2014,00:52:31.203,102.292,102.288,1.5,1
12-08-2014,00:52:31.254,102.292,102.289,1.5,1.19
12-08-2014,00:52:31.759,102.292,102.289,1.5,3.94
12-08-2014,00:52:32.273,102.292,102.29,1.5,3.75
12-08-2014,00:52:40.158,102.292,102.291,1.5,3.75
12-08-2014,00:52:40.664,102.293,102.292,1,1
12-08-2014,00:52:50.132,102.293,102.291,1,5.25
12-08-2014,00:52:51.612,102.292,102.291,1,1
12-08-2014,00:52:52.138,102.292,102.29,1,3.75
12-08-2014,00:52:53.435,102.292,102.291,1,1
12-08-2014,00:52:53.940,102.293,102.292,1,4.5
12-08-2014,00:53:00.255,102.296,102.292,2.25,4.69
12-08-2014,00:53:00.356,102.296,102.295,1.5,1
12-08-2014,00:53:17.380,102.296,102.293,1.69,1
12-08-2014,00:53:20.590,102.296,102.292,4.69,5.25
12-08-2014,00:53:21.110,102.295,102.292,1,4.5
12-08-2014,00:53:25.617,102.295,102.291,3.19,5.63
12-08-2014,00:53:33.459,102.295,102.292,3.19,1
12-08-2014,00:53:36.947,102.295,102.291,3.19,6.57
12-08-2014,00:53:40.465,102.295,102.292,1,1
12-08-2014,00:53:40.981,102.294,102.292,1,1
12-08-2014,00:53:49.804,102.294,102.293,1,3.75
12-08-2014,00:53:50.677,102.294,102.293,1,2.44
12-08-2014,00:53:52.100,102.297,102.294,2.25,4.5
12-08-2014,00:53:52.252,102.299,102.297,1,1
12-08-2014,00:53:52.756,102.3,102.297,1,1.69
12-08-2014,00:53:54.667,102.299,102.297,1,1.25
12-08-2014,00:53:54.768,102.299,102.295,2.25,3.19
12-08-2014,00:53:55.272,102.298,102.296,1.5,1
12-08-2014,00:53:57.160,102.299,102.296,1.5,1
12-08-2014,00:53:57.686,102.3,102.298,1.5,1
12-08-2014,00:53:58.191,102.3,102.297,1,1
12-08-2014,00:53:59.303,102.3,102.296,2.25,3.94
12-08-2014,00:53:59.934,102.3,102.297,2.25,3.75
12-08-2014,00:54:00.388,102.3,102.298,1.5,1
12-08-2014,00:54:01.475,102.299,102.298,1,1
12-08-2014,00:54:02.200,102.301,102.299,1,1
12-08-2014,00:54:02.251,102.301,102.299,1,1
12-08-2014,00:54:02.766,102.3,102.298,1,1.25
12-08-2014,00:54:03.271,102.301,102.298,6.19,1
12-08-2014,00:54:04.351,102.3,102.298,1,1
12-08-2014,00:54:05.450,102.298,102.295,1,6.19
12-08-2014,00:54:05.662,102.299,102.295,1,6
12-08-2014,00:54:06.504,102.299,102.296,1,1.25
12-08-2014,00:54:08.450,102.298,102.296,1,1.69
12-08-2014,00:54:09.475,102.298,102.295,1,1.69
12-08-2014,00:54:10.009,102.299,102.295,2.44,1.69
12-08-2014,00:54:10.549,102.299,102.295,2.25,1.69
12-08-2014,00:54:11.482,102.299,102.295,2.44,1.69
12-08-2014,00:54:13.505,102.299,102.295,2.25,1.69
12-08-2014,00:54:16.462,102.298,102.296,1,1.69
12-08-2014,00:54:16.563,102.296,102.295,1,1.25
12-08-2014,00:54:17.113,102.296,102.294,1,3.19
12-08-2014,00:54:36.236,102.296,102.294,1,1.69
12-08-2014,00:54:37.176,102.297,102.294,1,1.69
12-08-2014,00:54:37.721,102.297,102.294,1,1.69
12-08-2014,00:54:41.745,102.295,102.294,1,1
12-08-2014,00:54:42.250,102.295,102.293,1.5,1
12-08-2014,00:54:42.585,102.294,102.292,1.25,1
12-08-2014,00:54:42.737,102.292,102.29,1.69,4.5
12-08-2014,00:54:43.241,102.292,102.291,1.69,1
12-08-2014,00:54:45.507,102.292,102.288,1,6.75
12-08-2014,00:54:46.049,102.291,102.289,1.25,1.5
12-08-2014,00:54:47.311,102.291,102.288,1.25,5.25
12-08-2014,00:54:47.816,102.29,102.288,1.69,1
12-08-2014,00:54:48.270,102.289,102.286,1.69,2.25
12-08-2014,00:54:48.776,102.288,102.286,1,1
12-08-2014,00:54:49.129,102.29,102.286,1.25,2.82
12-08-2014,00:54:49.635,102.29,102.287,1.25,1
12-08-2014,00:54:50.446,102.291,102.287,1.25,1
12-08-2014,00:54:51.647,102.291,102.288,1.25,1
12-08-2014,00:54:52.207,102.292,102.288,3.94,1
12-08-2014,00:54:53.078,102.291,102.288,1.25,4.5
12-08-2014,00:54:53.656,102.292,102.289,3,3
12-08-2014,00:54:53.707,102.294,102.291,1,4.13
12-08-2014,00:54:53.808,102.296,102.293,3.75,1
12-08-2014,00:54:54.312,102.295,102.293,2.44,1
12-08-2014,00:54:54.565,102.295,102.291,2.44,5.25
12-08-2014,00:54:56.148,102.294,102.291,1,1
12-08-2014,00:54:56.401,102.294,102.289,1.5,6
12-08-2014,00:54:59.602,102.292,102.289,1.25,2.25
12-08-2014,00:55:00.179,102.293,102.291,1.25,1
12-08-2014,00:55:00.482,102.295,102.292,12.75,1
12-08-2014,00:55:00.988,102.293,102.29,1.25,9.75
12-08-2014,00:55:01.185,102.295,102.29,1.25,9
12-08-2014,00:55:01.698,102.295,102.29,1.25,5.25
12-08-2014,00:55:05.209,102.294,102.29,1.25,5.25
12-08-2014,00:55:05.978,102.292,102.289,9,3
12-08-2014,00:55:06.180,102.288,102.284,2.44,6.94
12-08-2014,00:55:06.231,102.29,102.287,9,1
12-08-2014,00:55:06.332,102.288,102.286,1.25,1
12-08-2014,00:55:06.434,102.288,102.284,2.44,2.44
12-08-2014,00:55:06.955,102.287,102.284,1.25,1.5
12-08-2014,00:55:08.189,102.286,102.284,1,1
12-08-2014,00:55:18.923,102.285,102.283,4.75,2.63
12-08-2014,00:55:19.024,102.284,102.282,1,2.25
12-08-2014,00:55:19.529,102.286,102.282,3.94,1.5
12-08-2014,00:55:20.052,102.286,102.282,2.44,2.44
12-08-2014,00:55:21.449,102.284,102.282,1,1.25
12-08-2014,00:55:21.954,102.284,102.281,1,1.69
12-08-2014,00:55:23.072,102.284,102.281,1,1.19
12-08-2014,00:55:25.059,102.284,102.281,1,1.25
12-08-2014,00:55:26.076,102.284,102.281,1,1.69
12-08-2014,00:55:28.645,102.286,102.281,3.94,3.57
12-08-2014,00:55:30.096,102.286,102.281,2.25,3.57
12-08-2014,00:55:35.219,102.285,102.281,1,3.57
12-08-2014,00:55:36.063,102.285,102.281,1,3.19
12-08-2014,00:55:36.603,102.286,102.281,2.44,3.19
12-08-2014,00:55:42.271,102.286,102.282,1.5,5.25
12-08-2014,00:55:42.800,102.288,102.284,3.19,1
12-08-2014,00:55:43.304,102.288,102.284,3.19,1.25
12-08-2014,00:55:48.741,102.288,102.285,1,3.75
12-08-2014,00:55:52.486,102.289,102.285,1.5,6
12-08-2014,00:55:53.458,102.288,102.285,1,6.94
12-08-2014,00:55:57.293,102.288,102.287,1,3.75
12-08-2014,00:55:57.344,102.29,102.288,1,1
12-08-2014,00:55:57.649,102.292,102.288,1.25,7.69
12-08-2014,00:55:59.660,102.293,102.29,4.5,1.69
12-08-2014,00:56:00.167,102.293,102.291,1,1
12-08-2014,00:56:00.694,102.293,102.292,1.5,1
12-08-2014,00:56:01.242,102.294,102.292,4.5,1
12-08-2014,00:56:01.790,102.294,102.291,4.5,2.44
12-08-2014,00:56:04.216,102.293,102.291,1,2.44
12-08-2014,00:56:06.024,102.293,102.291,1,1
12-08-2014,00:56:06.125,102.292,102.29,1,1.25
12-08-2014,00:56:06.931,102.292,102.289,1,4.5
12-08-2014,00:56:08.814,102.292,102.29,1,1
12-08-2014,00:56:09.422,102.292,102.288,1.69,8.44
12-08-2014,00:56:10.388,102.292,102.289,2.44,3.75
12-08-2014,00:56:13.030,102.292,102.288,1.69,7.69
12-08-2014,00:56:13.383,102.29,102.288,1,2.25
12-08-2014,00:56:13.900,102.289,102.287,1,1
12-08-2014,00:56:14.416,102.289,102.286,1,1.5
12-08-2014,00:56:15.425,102.289,102.287,1.25,3.75
12-08-2014,00:56:15.932,102.288,102.287,1,3.75
12-08-2014,00:56:18.541,102.288,102.285,1,6.57
12-08-2014,00:56:19.045,102.287,102.285,1.5,1
12-08-2014,00:56:19.718,102.287,102.284,1.5,1.5
12-08-2014,00:56:20.758,102.287,102.285,1.5,1
12-08-2014,00:56:28.141,102.287,102.284,1.5,6.19
12-08-2014,00:56:29.978,102.287,102.285,1.5,3.75
12-08-2014,00:56:32.923,102.287,102.284,1.5,5.44
12-08-2014,00:56:33.446,102.287,102.285,1.5,1
12-08-2014,00:56:35.546,102.287,102.286,1.5,1
12-08-2014,00:56:37.463,102.289,102.286,1,1.5
12-08-2014,00:56:40.096,102.289,102.286,1,6.19
12-08-2014,00:56:41.098,102.289,102.286,1,5.44
12-08-2014,00:56:44.230,102.289,102.286,1,6.19
12-08-2014,00:56:44.739,102.29,102.288,1,3.19
12-08-2014,00:56:45.255,102.291,102.288,1.5,2.44
12-08-2014,00:56:47.660,102.291,102.287,1.69,1.69
12-08-2014,00:57:00.375,102.291,102.289,1.25,1
12-08-2014,00:57:04.475,102.293,102.289,6.75,1
12-08-2014,00:57:09.364,102.293,102.289,5.25,2.44
12-08-2014,00:57:09.881,102.293,102.289,5.25,1
12-08-2014,00:57:10.908,102.293,102.289,6.19,1
12-08-2014,00:57:11.412,102.291,102.289,1.25,1
12-08-2014,00:57:11.984,102.291,102.288,1.25,1
12-08-2014,00:57:14.099,102.292,102.289,2.44,1
12-08-2014,00:57:14.402,102.293,102.289,6.19,1.5
12-08-2014,00:57:17.300,102.293,102.289,6.94,1.5
12-08-2014,00:57:21.599,102.293,102.289,6.94,1.69
12-08-2014,00:57:33.718,102.292,102.289,1,5.25
12-08-2014,00:57:33.819,102.29,102.289,1,4.5
12-08-2014,00:57:34.336,102.29,102.288,1,1
12-08-2014,00:57:54.612,102.29,102.287,1,6.57
12-08-2014,00:57:57.045,102.29,102.289,1,1
12-08-2014,00:57:57.550,102.291,102.288,1.69,5.25
12-08-2014,00:57:59.110,102.29,102.288,1,5.25
12-08-2014,00:57:59.621,102.291,102.288,1.25,5.25
12-08-2014,00:58:00.199,102.291,102.29,1.25,1
12-08-2014,00:58:01.754,102.291,102.288,1.25,6
12-08-2014,00:58:03.178,102.291,102.288,1,7.69
12-08-2014,00:58:03.380,102.294,102.291,3,1
12-08-2014,00:58:03.633,102.293,102.289,1.25,6.94
12-08-2014,00:58:14.013,102.293,102.29,1.25,3.75
12-08-2014,00:58:15.361,102.293,102.289,1.69,5.44
12-08-2014,00:58:18.779,102.293,102.289,1.69,5.25
12-08-2014,00:58:24.157,102.293,102.29,1.69,3.75
12-08-2014,00:58:26.034,102.291,102.289,1,1.5
12-08-2014,00:58:27.537,102.29,102.288,1,1.25
12-08-2014,00:58:28.116,102.29,102.287,1,6
12-08-2014,00:58:36.814,102.289,102.287,1,2.25
12-08-2014,00:58:45.155,102.288,102.285,1,1.69
12-08-2014,00:59:00.278,102.288,102.287,1,1
12-08-2014,00:59:04.439,102.289,102.287,1.25,1
12-08-2014,00:59:13.654,102.288,102.286,1.5,1
12-08-2014,00:59:49.838,102.288,102.285,1,3.19
12-08-2014,00:59:50.342,102.289,102.286,1.25,1
12-08-2014,00:59:50.868,102.288,102.286,1,1
12-08-2014,00:59:58.263,102.288,102.285,1,1.5
12-08-2014,01:00:00.156,102.289,102.285,2.44,2.44
12-08-2014,01:00:00.207,102.289,102.287,2.44,1
12-08-2014,01:00:02.539,102.289,102.285,1.69,3.94
12-08-2014,01:00:03.862,102.288,102.285,1,3.19
12-08-2014,01:00:04.633,102.289,102.285,2.44,2.44
12-08-2014,01:00:25.553,102.288,102.285,1.19,1.5
12-08-2014,01:00:26.078,102.288,102.284,1.69,4.5
12-08-2014,01:00:27.265,102.288,102.284,2.44,4.69
12-08-2014,01:00:34.076,102.288,102.286,1.5,3.75
12-08-2014,01:00:34.682,102.289,102.286,1,7.69
12-08-2014,01:00:35.219,102.29,102.287,1.25,3.75
12-08-2014,01:00:36.285,102.29,102.288,1,1
12-08-2014,01:00:36.790,102.291,102.288,1.25,1
12-08-2014,01:00:38.966,102.292,102.288,2.25,1
12-08-2014,01:00:39.471,102.293,102.289,2.44,5.25
12-08-2014,01:00:39.874,102.293,102.291,1.69,1
12-08-2014,01:00:40.076,102.293,102.289,1.69,6.19
12-08-2014,01:00:44.599,102.293,102.29,1.69,1
12-08-2014,01:00:46.085,102.293,102.292,1,1
12-08-2014,01:00:46.186,102.296,102.293,2.44,3.75
12-08-2014,01:00:46.691,102.298,102.294,4.69,5.25
12-08-2014,01:00:48.798,102.298,102.295,3.94,3.75
12-08-2014,01:00:49.101,102.299,102.297,1,1
12-08-2014,01:00:49.622,102.3,102.297,8.44,1
12-08-2014,01:00:50.293,102.3,102.298,1.25,1
12-08-2014,01:00:50.854,102.3,102.298,1.25,1
12-08-2014,01:00:51.008,102.303,102.299,2.44,1.69
12-08-2014,01:00:51.674,102.303,102.301,1.25,3.75
12-08-2014,01:00:51.776,102.305,102.302,1,1
12-08-2014,01:00:52.285,102.304,102.301,3.19,3.75
12-08-2014,01:00:52.806,102.304,102.3,3.94,4.69
12-08-2014,01:00:57.773,102.304,102.301,3.19,1
12-08-2014,01:00:58.291,102.305,102.301,1,3.75
12-08-2014,01:00:58.886,102.304,102.301,1,1.5
12-08-2014,01:00:59.391,102.304,102.301,3.19,1
12-08-2014,01:00:59.920,102.304,102.302,1,1.25
12-08-2014,01:01:00.424,102.306,102.303,1.69,5.25
12-08-2014,01:01:00.944,102.306,102.304,1.25,1
12-08-2014,01:01:01.465,102.306,102.303,1.25,6.75
12-08-2014,01:01:01.516,102.307,102.305,1,1
12-08-2014,01:01:01.617,102.31,102.308,1,1
12-08-2014,01:01:02.121,102.309,102.306,1,6.19
12-08-2014,01:01:02.625,102.308,102.306,1.5,4.69
12-08-2014,01:01:02.727,102.307,102.304,1,2.44
12-08-2014,01:01:02.878,102.308,102.306,2.44,3.75
12-08-2014,01:01:02.980,102.308,102.306,1.69,3.75
12-08-2014,01:01:03.635,102.308,102.307,1.5,3.75
12-08-2014,01:01:04.594,102.31,102.308,1,1
12-08-2014,01:01:04.644,102.311,102.309,1.5,3.75
12-08-2014,01:01:04.897,102.31,102.306,1.69,6.19
12-08-2014,01:01:04.947,102.31,102.308,1.69,3.75
12-08-2014,01:01:05.745,102.31,102.307,1.25,3.75
12-08-2014,01:01:06.250,102.309,102.307,1,3.75
12-08-2014,01:01:06.789,102.31,102.307,1.5,3.75
12-08-2014,01:01:07.303,102.31,102.308,1,3.75
12-08-2014,01:01:10.012,102.31,102.307,1,1.25
12-08-2014,01:01:10.924,102.311,102.307,1.69,1.25
12-08-2014,01:01:11.447,102.31,102.307,1.5,1.25
12-08-2014,01:01:13.203,102.31,102.309,1.5,3.75
12-08-2014,01:01:13.718,102.311,102.309,1,4.5
12-08-2014,01:01:14.914,102.312,102.309,1,5.44
12-08-2014,01:01:33.793,102.313,102.309,1.5,1.5
12-08-2014,01:01:34.097,102.311,102.309,1,1
12-08-2014,01:01:34.406,102.313,102.311,1,1
12-08-2014,01:01:35.165,102.313,102.311,1.5,4.88
12-08-2014,01:01:35.268,102.315,102.312,5.25,1
12-08-2014,01:01:35.485,102.317,102.314,1,1.5
12-08-2014,01:01:35.820,102.315,102.314,1,1
12-08-2014,01:01:36.299,102.315,102.312,1,3.94
12-08-2014,01:01:37.262,102.316,102.314,2.25,1
12-08-2014,01:01:38.905,102.316,102.311,3.75,1.25
12-08-2014,01:01:40.819,102.316,102.312,3,1.19
12-08-2014,01:01:44.404,102.316,102.314,1.5,1
12-08-2014,01:01:44.723,102.315,102.311,1.5,1.69
12-08-2014,01:01:44.824,102.313,102.31,1.5,2.44
12-08-2014,01:01:45.328,102.312,102.309,1,2.44
12-08-2014,01:01:46.512,102.313,102.309,1.69,3.94
12-08-2014,01:01:49.203,102.312,102.309,1,1.25
12-08-2014,01:01:54.762,102.31,102.309,1,1
12-08-2014,01:01:54.964,102.31,102.306,2.25,3.19
12-08-2014,01:01:56.941,102.31,102.307,2.25,1.25
12-08-2014,01:01:57.454,102.311,102.308,1.25,2.25
12-08-2014,01:01:57.978,102.312,102.308,1.69,3.19
12-08-2014,01:01:58.380,102.31,102.308,1,2.44
12-08-2014,01:01:58.734,102.31,102.306,1,2.44
12-08-2014,01:01:59.563,102.31,102.306,1,1.69
12-08-2014,01:02:06.846,102.311,102.308,1,2.25
12-08-2014,01:02:07.351,102.312,102.308,1.5,3
12-08-2014,01:02:08.382,102.312,102.308,1.5,4.32
12-08-2014,01:02:11.442,102.311,102.309,1,2.07
12-08-2014,01:02:11.695,102.311,102.309,1,2.07
12-08-2014,01:02:12.359,102.312,102.31,1,1
12-08-2014,01:02:12.914,102.311,102.309,1,1
12-08-2014,01:02:13.431,102.312,102.308,1,2.44
12-08-2014,01:02:14.792,102.312,102.31,1.5,1
12-08-2014,01:02:16.526,102.313,102.311,1.25,1
12-08-2014,01:02:17.044,102.312,102.311,1,1
12-08-2014,01:02:17.094,102.312,102.309,1,1.69
12-08-2014,01:02:17.409,102.312,102.311,1,1
12-08-2014,01:02:17.712,102.314,102.311,2.44,1
12-08-2014,01:02:17.863,102.314,102.313,1,1
12-08-2014,01:02:17.914,102.316,102.313,4.5,1.25
12-08-2014,01:02:18.418,102.317,102.313,7.69,1.25
12-08-2014,01:02:19.152,102.317,102.314,6.19,1
12-08-2014,01:02:21.042,102.317,102.313,5.44,1.69
12-08-2014,01:02:21.396,102.317,102.316,1,1
12-08-2014,01:02:21.904,102.319,102.316,6.19,1
12-08-2014,01:02:22.424,102.319,102.315,6.19,2.25
12-08-2014,01:02:23.251,102.319,102.315,6.19,2.44
12-08-2014,01:02:25.985,102.32,102.318,1.69,6.75
12-08-2014,01:02:26.288,102.322,102.32,1,4.5
12-08-2014,01:02:26.792,102.323,102.321,1,1.25
12-08-2014,01:02:27.447,102.323,102.32,1.5,1.25
12-08-2014,01:02:27.548,102.323,102.318,7.5,6.19
12-08-2014,01:02:27.649,102.32,102.317,1,2.44
12-08-2014,01:02:27.954,102.318,102.316,1,1
12-08-2014,01:02:28.479,102.318,102.314,1.5,6.19
12-08-2014,01:02:30.274,102.318,102.314,2.44,5.44
12-08-2014,01:02:31.022,102.318,102.316,1.69,3.75
12-08-2014,01:02:36.667,102.318,102.317,1,3.75
12-08-2014,01:02:40.605,102.318,102.316,1,4.5
12-08-2014,01:02:48.175,102.319,102.316,1.69,1
12-08-2014,01:02:51.719,102.32,102.317,3.19,1
12-08-2014,01:02:56.335,102.319,102.317,1,1
12-08-2014,01:02:56.853,102.319,102.316,1,1.69
12-08-2014,01:03:03.144,102.319,102.315,1,3
12-08-2014,01:03:04.325,102.319,102.315,1,4.32
12-08-2014,01:03:10.559,102.319,102.315,2.44,3.19
12-08-2014,01:03:15.764,102.319,102.315,2.25,3.19
12-08-2014,01:03:19.517,102.32,102.316,6.19,1.25
12-08-2014,01:03:21.214,102.319,102.316,1,1.25
12-08-2014,01:03:23.163,102.32,102.316,6.19,1.69
12-08-2014,01:03:23.678,102.319,102.316,1,1.25
12-08-2014,01:03:31.917,102.319,102.315,4.69,2.44
12-08-2014,01:03:34.086,102.318,102.315,1,2.44
12-08-2014,01:03:45.152,102.319,102.315,6.94,1.69
12-08-2014,01:03:45.467,102.317,102.315,1,2.44
12-08-2014,01:03:46.244,102.317,102.316,1,1
12-08-2014,01:03:47.929,102.317,102.315,1,2.44
12-08-2014,01:03:48.030,102.319,102.316,6.19,1.5
12-08-2014,01:03:58.100,102.319,102.315,7.69,2.44
12-08-2014,01:04:17.658,102.319,102.316,6.94,1
12-08-2014,01:04:19.903,102.32,102.318,1,1
12-08-2014,01:04:20.004,102.322,102.319,1,4.5
12-08-2014,01:04:20.056,102.322,102.321,1,1
12-08-2014,01:04:20.156,102.324,102.321,5.25,1.5
12-08-2014,01:04:20.571,102.322,102.32,3.75,2.82
12-08-2014,01:04:21.075,102.323,102.32,1,2.44
12-08-2014,01:04:25.330,102.322,102.319,1,8.82
12-08-2014,01:04:25.858,102.322,102.321,1,1.25
12-08-2014,01:04:26.010,102.324,102.321,1,1.25
12-08-2014,01:04:26.517,102.325,102.321,3.94,1.69
12-08-2014,01:04:27.240,102.325,102.322,3,1
12-08-2014,01:04:27.745,102.325,102.321,2.25,4.5
12-08-2014,01:04:28.279,102.324,102.321,2.44,3.75
12-08-2014,01:04:28.834,102.323,102.32,1,6.19
12-08-2014,01:04:29.906,102.322,102.32,1,3.75
12-08-2014,01:04:30.007,102.32,102.319,1,2.25
12-08-2014,01:04:30.159,102.32,102.316,2.44,2.44
12-08-2014,01:04:31.356,102.318,102.316,1,1.69
12-08-2014,01:04:32.247,102.318,102.316,1,2.44
12-08-2014,01:04:32.550,102.322,102.321,1,3.75
12-08-2014,01:04:32.651,102.324,102.321,1.5,5.25
12-08-2014,01:04:34.642,102.324,102.32,6,1.69
12-08-2014,01:04:35.149,102.323,102.32,1,1.25
12-08-2014,01:04:36.397,102.323,102.319,3.19,5.44
12-08-2014,01:04:36.902,102.322,102.318,2.25,1.19
12-08-2014,01:04:37.654,102.322,102.317,2.25,7.69
12-08-2014,01:04:38.630,102.321,102.317,1,7.69
12-08-2014,01:04:38.832,102.321,102.319,1,4.5
12-08-2014,01:04:39.387,102.322,102.319,1,3.75
12-08-2014,01:04:40.924,102.322,102.32,1,3.75
12-08-2014,01:04:48.118,102.322,102.319,1,6
12-08-2014,01:04:48.673,102.322,102.32,1,3.75
12-08-2014,01:05:00.339,102.322,102.321,1,1
12-08-2014,01:05:00.491,102.324,102.322,1.5,1
12-08-2014,01:05:00.592,102.325,102.324,1,1.5
12-08-2014,01:05:00.743,102.33,102.327,1.5,4.88
12-08-2014,01:05:00.845,102.33,102.329,1,4.5
12-08-2014,01:05:00.946,102.332,102.329,1.5,4.5
12-08-2014,01:05:01.300,102.33,102.328,1,1
12-08-2014,01:05:01.818,102.329,102.327,1.69,1
12-08-2014,01:05:03.130,102.329,102.327,1.25,3.75
12-08-2014,01:05:03.636,102.33,102.326,6.19,2.44
12-08-2014,01:05:05.105,102.33,102.328,5.44,1
12-08-2014,01:05:05.155,102.332,102.329,2.25,3.75
12-08-2014,01:05:05.676,102.333,102.329,1.69,5.44
12-08-2014,01:05:05.727,102.334,102.33,6.75,1.19
12-08-2014,01:05:06.031,102.336,102.334,1,1
12-08-2014,01:05:06.486,102.338,102.335,3.75,2.25
12-08-2014,01:05:06.791,102.338,102.337,1,1
12-08-2014,01:05:06.993,102.34,102.338,1,1
12-08-2014,01:05:08.311,102.342,102.338,2.25,5.25
12-08-2014,01:05:11.210,102.341,102.338,1,2.44
12-08-2014,01:05:12.201,102.342,102.338,1.69,2.44
12-08-2014,01:05:12.716,102.341,102.338,1,2.44
12-08-2014,01:05:13.220,102.342,102.338,2.44,2.44
12-08-2014,01:05:13.756,102.341,102.338,1,1.69
12-08-2014,01:05:14.283,102.342,102.338,1.69,1.69
12-08-2014,01:05:14.692,102.34,102.338,1,1.69
12-08-2014,01:05:15.707,102.34,102.336,1,3
12-08-2014,01:05:16.211,102.34,102.337,1.69,1
12-08-2014,01:05:18.781,102.339,102.337,1.25,1
12-08-2014,01:05:19.184,102.338,102.335,2.44,1
12-08-2014,01:05:19.235,102.336,102.335,1,1
12-08-2014,01:05:19.336,102.338,102.335,3.19,1
12-08-2014,01:05:19.865,102.337,102.335,1,1
12-08-2014,01:05:20.369,102.338,102.335,2.25,1
12-08-2014,01:05:21.788,102.337,102.335,1,1
12-08-2014,01:05:23.186,102.337,102.334,1,1.69
12-08-2014,01:05:23.721,102.338,102.335,1,4.69
12-08-2014,01:05:24.239,102.339,102.335,1.69,4.69
12-08-2014,01:05:26.136,102.34,102.335,2.25,3.94
12-08-2014,01:05:27.093,102.34,102.336,2.44,1.25
12-08-2014,01:05:29.009,102.337,102.336,1,1.25
12-08-2014,01:05:29.550,102.337,102.335,1,1.69
12-08-2014,01:05:30.687,102.338,102.335,1,1.69
12-08-2014,01:05:31.008,102.34,102.337,1.69,6
12-08-2014,01:05:31.523,102.341,102.338,1.25,1
12-08-2014,01:05:32.026,102.34,102.338,1,1
12-08-2014,01:05:32.531,102.341,102.338,1,1.69
12-08-2014,01:05:34.158,102.341,102.339,1,1
12-08-2014,01:05:34.722,102.341,102.338,1,2.44
12-08-2014,01:05:37.939,102.342,102.338,1.5,3
12-08-2014,01:05:39.129,102.342,102.339,1,4.5
12-08-2014,01:05:39.633,102.342,102.34,1,1
12-08-2014,01:05:39.938,102.344,102.342,1.5,1
12-08-2014,01:05:40.090,102.343,102.341,1,1.25
12-08-2014,01:05:40.443,102.344,102.342,1,3.75
12-08-2014,01:05:40.544,102.345,102.344,1,1.25
12-08-2014,01:05:40.645,102.347,102.345,1.5,1
12-08-2014,01:05:41.150,102.347,102.344,1,2.07
12-08-2014,01:05:41.693,102.347,102.345,1,1
12-08-2014,01:05:45.624,102.347,102.344,1,1.13
12-08-2014,01:05:45.977,102.351,102.346,2.25,2.25
12-08-2014,01:05:46.078,102.35,102.347,1,1
12-08-2014,01:05:46.179,102.35,102.349,1.5,1
12-08-2014,01:05:46.583,102.349,102.347,1,1.5
12-08-2014,01:05:47.088,102.35,102.347,1.5,1.69
12-08-2014,01:05:47.744,102.348,102.347,1,1.69
12-08-2014,01:05:48.199,102.351,102.347,3,2.44
12-08-2014,01:05:48.703,102.35,102.347,1,1.25
12-08-2014,01:05:49.209,102.351,102.347,3.19,2.44
12-08-2014,01:05:49.310,102.351,102.348,1.69,4.5
12-08-2014,01:05:50.718,102.352,102.349,1,2.07
12-08-2014,01:05:51.021,102.354,102.352,1,1
12-08-2014,01:05:51.669,102.355,102.352,3.19,1
12-08-2014,01:05:52.324,102.355,102.351,3.19,1.25
12-08-2014,01:05:52.830,102.355,102.352,1,1.25
12-08-2014,01:05:53.132,102.356,102.353,1,2.44
12-08-2014,01:05:53.956,102.356,102.353,1,3.19
12-08-2014,01:05:54.501,102.355,102.351,1,2.25
12-08-2014,01:05:55.005,102.355,102.35,1,6.94
12-08-2014,01:05:55.106,102.353,102.35,1,6.19
12-08-2014,01:05:56.115,102.353,102.351,1,1
12-08-2014,01:05:56.166,102.355,102.352,3.75,1
12-08-2014,01:05:56.923,102.354,102.35,1,3.19
12-08-2014,01:05:57.540,102.354,102.352,1,1
12-08-2014,01:05:57.843,102.357,102.356,1,2.44
12-08-2014,01:05:57.894,102.359,102.357,1.5,1
12-08-2014,01:05:58.348,102.358,102.354,2.25,1.88
12-08-2014,01:05:58.399,102.356,102.354,1.5,1.5
12-08-2014,01:05:58.703,102.354,102.352,1,1
12-08-2014,01:05:59.570,102.354,102.351,1,4.5
12-08-2014,01:06:00.075,102.352,102.35,1.5,4.5
12-08-2014,01:06:00.377,102.355,102.352,2.25,1.25
12-08-2014,01:06:00.428,102.356,102.352,2.44,1.25
12-08-2014,01:06:00.731,102.354,102.351,1,3.75
12-08-2014,01:06:01.174,102.352,102.349,1,1.69
12-08-2014,01:06:01.679,102.352,102.35,1,1.19
12-08-2014,01:06:02.184,102.354,102.35,3.94,1.25
12-08-2014,01:06:02.538,102.354,102.353,1,1
12-08-2014,01:06:02.588,102.356,102.353,2.63,1
12-08-2014,01:06:03.092,102.356,102.354,1.5,1.25
12-08-2014,01:06:03.596,102.355,102.354,1,1.25
12-08-2014,01:06:03.748,102.358,102.355,1.69,4.5
12-08-2014,01:06:03.950,102.358,102.357,1,1
12-08-2014,01:06:04.454,102.358,102.356,1.69,4.5
12-08-2014,01:06:05.110,102.359,102.356,1,4.5
12-08-2014,01:06:05.615,102.358,102.355,3.19,1
12-08-2014,01:06:06.119,102.358,102.356,3.19,1
12-08-2014,01:06:06.221,102.361,102.357,6,2.25
12-08-2014,01:06:06.271,102.361,102.359,4.5,1
12-08-2014,01:06:06.423,102.363,102.36,1,1
12-08-2014,01:06:06.736,102.361,102.36,1,3.75
12-08-2014,01:06:07.241,102.361,102.359,2.25,1.25
12-08-2014,01:06:08.109,102.361,102.357,3.19,2.44
12-08-2014,01:06:09.319,102.359,102.357,1,1.5
12-08-2014,01:06:09.674,102.361,102.357,2.44,1.69
12-08-2014,01:06:10.223,102.36,102.357,1.5,1.69
12-08-2014,01:06:11.561,102.359,102.357,1,1.25
12-08-2014,01:06:11.964,102.361,102.358,2.44,1
12-08-2014,01:06:12.508,102.36,102.356,1.5,5.44
12-08-2014,01:06:13.016,102.359,102.356,1,1.19
12-08-2014,01:06:13.218,102.357,102.355,1,2.25
12-08-2014,01:06:13.319,102.357,102.353,2.44,1
12-08-2014,01:06:13.622,102.355,102.351,1.69,2.44
12-08-2014,01:06:14.127,102.354,102.351,1,1.25
12-08-2014,01:06:15.537,102.353,102.35,1,6.19
12-08-2014,01:06:15.689,102.352,102.349,1,1.69
12-08-2014,01:06:15.790,102.35,102.348,1,2.44
12-08-2014,01:06:16.294,102.35,102.348,1,1.25
12-08-2014,01:06:16.978,102.35,102.347,1.5,1.25
12-08-2014,01:06:18.562,102.35,102.348,1,1.69
12-08-2014,01:06:18.663,102.352,102.348,1,2.44
12-08-2014,01:06:19.071,102.35,102.347,1,2.44
12-08-2014,01:06:19.740,102.35,102.348,1,1.69
12-08-2014,01:06:19.791,102.352,102.348,1.5,2.44
12-08-2014,01:06:20.295,102.35,102.349,1,3.94
12-08-2014,01:06:20.822,102.35,102.347,1.5,1.69
12-08-2014,01:06:22.051,102.35,102.347,1.5,1
12-08-2014,01:06:24.916,102.348,102.347,1,1
12-08-2014,01:06:25.420,102.348,102.346,1,1
12-08-2014,01:06:25.572,102.348,102.344,2.25,1.5
12-08-2014,01:06:28.142,102.347,102.344,1.25,1
12-08-2014,01:06:28.293,102.345,102.342,1,5.44
12-08-2014,01:06:28.395,102.345,102.341,3.19,1.5
12-08-2014,01:06:28.547,102.343,102.341,1.69,1
12-08-2014,01:06:28.648,102.343,102.339,2.44,4.69
12-08-2014,01:06:29.103,102.34,102.339,1,1
12-08-2014,01:06:29.205,102.34,102.337,4.5,1
12-08-2014,01:06:29.306,102.338,102.334,2.44,2.44
12-08-2014,01:06:30.249,102.337,102.334,1.25,1
12-08-2014,01:06:31.357,102.337,102.336,1.25,1
12-08-2014,01:06:32.480,102.338,102.336,3.19,1
12-08-2014,01:06:33.438,102.338,102.335,1.5,1
12-08-2014,01:06:33.964,102.338,102.336,1.5,1
12-08-2014,01:06:35.596,102.338,102.337,1,1
12-08-2014,01:06:35.697,102.34,102.337,1,5.25
12-08-2014,01:06:36.209,102.34,102.339,1,1
12-08-2014,01:06:36.714,102.341,102.339,2.44,1
12-08-2014,01:06:37.378,102.341,102.338,2.25,4.69
12-08-2014,01:06:38.396,102.341,102.339,1,1.5
12-08-2014,01:06:38.916,102.342,102.339,1.25,1
12-08-2014,01:06:39.474,102.342,102.34,1,1
12-08-2014,01:06:39.777,102.345,102.342,9,1.25
12-08-2014,01:06:39.979,102.344,102.341,1.13,6.19
12-08-2014,01:06:40.613,102.345,102.343,1,1.25
12-08-2014,01:06:41.146,102.346,102.343,1,1.69
12-08-2014,01:06:43.614,102.345,102.343,1,1.25
12-08-2014,01:06:53.058,102.345,102.342,1,4.5
12-08-2014,01:06:54.907,102.345,102.342,1,6.57
12-08-2014,01:06:56.596,102.346,102.344,1.5,1.5
12-08-2014,01:06:56.798,102.35,102.347,5.07,1
12-08-2014,01:06:56.849,102.348,102.346,1,1
12-08-2014,01:06:57.203,102.347,102.344,1,1
12-08-2014,01:06:57.254,102.346,102.344,2.5,1
12-08-2014,01:06:57.771,102.346,102.344,1,1
12-08-2014,01:06:59.278,102.347,102.344,1,1
12-08-2014,01:07:04.669,102.346,102.343,1,1.69
12-08-2014,01:07:06.542,102.346,102.343,1.5,1.25
12-08-2014,01:07:08.630,102.346,102.342,1.5,6.94
12-08-2014,01:07:09.903,102.346,102.343,1.5,1
12-08-2014,01:07:10.307,102.344,102.341,1,1
12-08-2014,01:07:10.811,102.344,102.342,3.19,1
12-08-2014,01:07:11.345,102.344,102.341,1.5,6.19
12-08-2014,01:07:12.888,102.343,102.341,1,1
12-08-2014,01:07:13.242,102.342,102.338,2.25,2.44
12-08-2014,01:07:13.344,102.34,102.338,1,1.25
12-08-2014,01:07:13.646,102.338,102.337,1,1
12-08-2014,01:07:14.640,102.338,102.335,1,6.19
12-08-2014,01:07:15.145,102.339,102.336,1,4.69
12-08-2014,01:07:15.661,102.34,102.336,3,5.44
12-08-2014,01:07:16.175,102.339,102.336,1,5.44
12-08-2014,01:07:17.353,102.34,102.336,2.25,5.44
12-08-2014,01:07:17.868,102.34,102.336,2.44,1.69
12-08-2014,01:07:18.890,102.34,102.336,2.25,1.69
12-08-2014,01:07:20.558,102.34,102.336,2.44,1.69
12-08-2014,01:07:21.236,102.34,102.338,1,1
12-08-2014,01:07:21.548,102.342,102.338,1,1.69
12-08-2014,01:07:25.340,102.342,102.34,1,1
12-08-2014,01:07:26.568,102.342,102.338,1.69,4.69
12-08-2014,01:07:26.770,102.339,102.338,1.5,1
12-08-2014,01:07:27.073,102.339,102.335,2.25,1.5
12-08-2014,01:07:27.591,102.338,102.335,1,1
12-08-2014,01:07:28.436,102.337,102.335,1,1.5
12-08-2014,01:07:28.642,102.339,102.335,1.69,1.5
12-08-2014,01:07:30.003,102.338,102.335,1,2.25
12-08-2014,01:07:31.843,102.339,102.335,1,1.5
12-08-2014,01:07:32.588,102.338,102.335,1.25,1.5
12-08-2014,01:07:34.647,102.338,102.336,1.25,1
12-08-2014,01:07:35.011,102.34,102.337,8.25,1
12-08-2014,01:07:38.730,102.339,102.337,1,1
12-08-2014,01:07:44.146,102.34,102.337,1,1.5
12-08-2014,01:07:44.670,102.341,102.337,1.69,1.5
12-08-2014,01:07:44.771,102.341,102.339,1.69,1
12-08-2014,01:07:45.276,102.341,102.34,1,3.75
12-08-2014,01:07:50.834,102.341,102.339,1,3.75
12-08-2014,01:07:51.360,102.343,102.339,4.69,1
12-08-2014,01:07:51.869,102.343,102.339,4.69,1.25
12-08-2014,01:07:53.706,102.343,102.342,2.25,1
12-08-2014,01:07:53.757,102.346,102.343,5.25,1
12-08-2014,01:07:53.808,102.346,102.344,1.5,2.25
12-08-2014,01:07:54.312,102.347,102.345,1,1.13
12-08-2014,01:07:57.976,102.348,102.346,1.69,1
12-08-2014,01:07:58.499,102.348,102.347,1.69,1
12-08-2014,01:08:00.168,102.348,102.346,1,1
12-08-2014,01:08:00.673,102.348,102.345,1.5,1.5
12-08-2014,01:08:02.628,102.348,102.346,1.5,1
12-08-2014,01:08:03.081,102.348,102.344,1,1.69
12-08-2014,01:08:03.609,102.347,102.344,4.5,1.25
12-08-2014,01:08:04.089,102.345,102.343,1,1.25
12-08-2014,01:08:04.594,102.346,102.343,1.5,1.25
12-08-2014,01:08:08.450,102.345,102.343,3.75,1
12-08-2014,01:08:10.636,102.346,102.343,6,1.25
12-08-2014,01:08:12.620,102.345,102.343,1,1.25
12-08-2014,01:08:14.713,102.344,102.343,1,1
12-08-2014,01:08:15.231,102.345,102.343,1.5,1
12-08-2014,01:08:15.537,102.344,102.341,1,1
12-08-2014,01:08:15.587,102.342,102.341,3.75,1
12-08-2014,01:08:15.688,102.344,102.34,5.25,1.25
12-08-2014,01:08:15.840,102.342,102.339,1,1.25
12-08-2014,01:08:22.202,102.342,102.34,1,1.19
12-08-2014,01:08:22.404,102.344,102.34,2.25,3.19
12-08-2014,01:08:22.959,102.343,102.34,1,3.19
12-08-2014,01:08:23.499,102.344,102.341,1.5,1.25
12-08-2014,01:08:24.372,102.343,102.341,8.25,1.25
12-08-2014,01:08:24.473,102.339,102.337,1.5,1
12-08-2014,01:08:24.575,102.339,102.335,5.25,2.25
12-08-2014,01:08:24.929,102.337,102.334,3.75,1.69
12-08-2014,01:08:25.628,102.337,102.334,3.75,1.69
12-08-2014,01:08:27.646,102.337,102.334,3.75,1.25
12-08-2014,01:08:28.205,102.338,102.334,6.19,1.25
12-08-2014,01:08:30.287,102.337,102.334,3.75,1.25
12-08-2014,01:08:30.801,102.336,102.333,1.5,1.19
12-08-2014,01:08:31.312,102.336,102.332,1.5,3.19
12-08-2014,01:08:31.836,102.336,102.332,1.69,3.19
12-08-2014,01:08:32.138,102.336,102.334,1.25,1
12-08-2014,01:08:43.366,102.335,102.334,1,1
12-08-2014,01:08:44.701,102.336,102.334,5.25,1
12-08-2014,01:08:48.365,102.336,102.332,5.44,3.19
12-08-2014,01:08:48.885,102.336,102.332,5.25,3.19
12-08-2014,01:08:53.523,102.335,102.333,3.75,1
12-08-2014,01:08:54.745,102.336,102.333,6,1.25
12-08-2014,01:09:02.523,102.336,102.334,1,1
12-08-2014,01:09:02.675,102.339,102.335,4.69,1
12-08-2014,01:09:03.079,102.337,102.335,5.44,1
12-08-2014,01:09:03.650,102.337,102.333,5.44,1.69
12-08-2014,01:09:04.154,102.337,102.333,5.44,1.5
12-08-2014,01:09:12.581,102.337,102.333,1.5,1
12-08-2014,01:09:14.991,102.337,102.332,1,6.94
12-08-2014,01:09:18.105,102.337,102.333,1.25,1.25
12-08-2014,01:09:20.257,102.337,102.334,1.69,3.75
12-08-2014,01:09:24.290,102.336,102.334,1,3.75
12-08-2014,01:09:24.442,102.335,102.331,1.25,7.69
12-08-2014,01:09:24.594,102.333,102.332,1,1
12-08-2014,01:09:24.645,102.333,102.33,1.5,3.94
12-08-2014,01:09:24.998,102.331,102.329,1,2.07
12-08-2014,01:09:25.250,102.331,102.328,1.5,3.75
12-08-2014,01:09:25.823,102.331,102.327,2.25,5.82
12-08-2014,01:09:27.762,102.331,102.327,1.5,6.94
12-08-2014,01:09:27.964,102.332,102.33,1.25,3.75
12-08-2014,01:09:28.267,102.334,102.332,1,6.19
12-08-2014,01:09:28.368,102.337,102.334,1.69,4.5
12-08-2014,01:09:29.960,102.338,102.334,1.25,3.94
12-08-2014,01:09:36.968,102.338,102.335,1,1.25
12-08-2014,01:09:37.988,102.338,102.334,1,6.94
12-08-2014,01:09:39.186,102.337,102.334,1,5.25
12-08-2014,01:09:49.609,102.337,102.334,4.69,1
12-08-2014,01:09:49.811,102.333,102.331,2.75,1
12-08-2014,01:09:49.963,102.332,102.329,1.25,6
12-08-2014,01:09:50.215,102.33,102.328,2.44,1.5
12-08-2014,01:09:50.718,102.33,102.327,3.19,1
12-08-2014,01:09:51.813,102.33,102.326,7.69,1.25
12-08-2014,01:09:52.015,102.329,102.324,7.69,3
12-08-2014,01:09:52.418,102.327,102.323,2.44,4.69
12-08-2014,01:09:53.532,102.326,102.323,1.25,2.25
12-08-2014,01:09:56.439,102.326,102.323,2.44,2.25
12-08-2014,01:09:56.540,102.329,102.326,1.5,1
12-08-2014,01:09:56.642,102.331,102.328,1.25,5.25
12-08-2014,01:09:57.147,102.33,102.328,1,5.63
12-08-2014,01:09:57.663,102.33,102.327,3.75,1
12-08-2014,01:09:58.205,102.329,102.327,3.19,1
12-08-2014,01:09:59.020,102.329,102.326,2.44,4.5
12-08-2014,01:10:00.879,102.329,102.327,1.25,1
12-08-2014,01:10:01.419,102.329,102.326,1.25,1.5
12-08-2014,01:10:01.957,102.33,102.326,7.69,1.5
12-08-2014,01:10:02.470,102.329,102.326,4.5,1.5
12-08-2014,01:10:03.159,102.328,102.326,1.25,1.5
12-08-2014,01:10:04.836,102.329,102.326,1,1.5
12-08-2014,01:10:05.375,102.33,102.326,3.19,5.25
12-08-2014,01:10:05.898,102.33,102.327,2.44,4.5
12-08-2014,01:10:07.961,102.33,102.326,1.5,1.5
12-08-2014,01:10:08.768,102.33,102.327,2.25,1
12-08-2014,01:10:09.326,102.33,102.328,2.25,1
12-08-2014,01:10:10.852,102.33,102.327,2.25,3.75
12-08-2014,01:10:11.362,102.33,102.326,2.25,6
12-08-2014,01:10:11.733,102.33,102.328,1.5,1
12-08-2014,01:10:12.242,102.33,102.329,1,1
12-08-2014,01:10:12.542,102.332,102.33,2.07,1
12-08-2014,01:10:13.058,102.331,102.33,1,1
12-08-2014,01:10:13.161,102.331,102.327,1,2.25
12-08-2014,01:10:15.182,102.331,102.329,3.19,1
12-08-2014,01:10:15.435,102.337,102.335,1,1
12-08-2014,01:10:15.952,102.338,102.335,1,1
12-08-2014,01:10:18.057,102.34,102.336,3.19,1
12-08-2014,01:10:18.309,102.339,102.337,1.25,1
12-08-2014,01:10:21.129,102.339,102.336,1.5,1.25
12-08-2014,01:10:29.130,102.34,102.336,2.44,5.44
12-08-2014,01:10:29.231,102.34,102.338,1.5,1
12-08-2014,01:10:29.391,102.342,102.338,8.25,1.5
12-08-2014,01:10:30.084,102.342,102.339,1.5,3.75
12-08-2014,01:10:30.588,102.341,102.34,1,1
12-08-2014,01:10:30.891,102.341,102.338,1,6.19
12-08-2014,01:10:31.854,102.34,102.338,1,1.25
12-08-2014,01:10:35.424,102.341,102.338,1,1.25
12-08-2014,01:10:36.034,102.34,102.338,1,1.25
12-08-2014,01:10:38.200,102.34,102.336,2.44,6.19
12-08-2014,01:10:38.705,102.339,102.336,1,6.19
12-08-2014,01:10:40.110,102.34,102.336,5.44,2.44
12-08-2014,01:10:41.398,102.34,102.337,1.69,3.75
12-08-2014,01:10:41.902,102.34,102.336,3.19,6.19
12-08-2014,01:10:45.145,102.339,102.336,3.75,1.25
12-08-2014,01:10:47.519,102.338,102.336,1,1
12-08-2014,01:10:47.822,102.337,102.334,1,3.19
12-08-2014,01:10:48.839,102.337,102.333,5.25,2.44
12-08-2014,01:10:50.379,102.337,102.335,5.25,1
12-08-2014,01:10:50.682,102.34,102.336,3,6.19
12-08-2014,01:10:51.187,102.339,102.336,1.5,1.25
12-08-2014,01:10:52.184,102.34,102.336,3.19,2.44
12-08-2014,01:10:53.293,102.339,102.336,1,2.44
12-08-2014,01:10:55.902,102.339,102.337,1,3.75
12-08-2014,01:10:56.054,102.341,102.338,1,6.19
12-08-2014,01:10:56.579,102.341,102.339,1,3.75
12-08-2014,01:10:58.107,102.341,102.338,1,6.94
12-08-2014,01:10:58.821,102.34,102.338,1,1
12-08-2014,01:11:00.776,102.341,102.338,1,1
12-08-2014,01:11:01.288,102.341,102.339,1,1
12-08-2014,01:11:10.061,102.341,102.34,1,1.25
12-08-2014,01:11:10.465,102.343,102.342,1,1
12-08-2014,01:11:10.868,102.345,102.343,1,1.25
12-08-2014,01:11:11.121,102.344,102.342,1,1.5
12-08-2014,01:11:11.676,102.343,102.34,1,2.44
12-08-2014,01:11:12.471,102.343,102.34,1,2.44
12-08-2014,01:11:12.991,102.344,102.341,1.13,2.25
12-08-2014,01:11:13.294,102.346,102.343,1,1
12-08-2014,01:11:14.125,102.346,102.343,1,1.69
12-08-2014,01:11:16.214,102.346,102.343,1,3.75
12-08-2014,01:11:16.718,102.346,102.344,1.5,1
12-08-2014,01:11:17.546,102.347,102.344,1.5,1.69
12-08-2014,01:11:20.437,102.347,102.343,3.19,4.69
12-08-2014,01:11:22.237,102.346,102.343,1,1.25
12-08-2014,01:11:22.540,102.344,102.341,1,4.69
12-08-2014,01:11:25.553,102.345,102.343,4.5,1
12-08-2014,01:11:25.957,102.346,102.344,8.44,1.5
12-08-2014,01:11:26.839,102.347,102.344,1,2.25
12-08-2014,01:11:33.259,102.347,102.345,1,1
12-08-2014,01:11:38.425,102.348,102.346,5.25,1
12-08-2014,01:11:45.368,102.348,102.345,1,1.25
12-08-2014,01:11:45.569,102.348,102.346,1,1
12-08-2014,01:11:46.085,102.349,102.347,1.69,1
12-08-2014,01:11:46.982,102.348,102.346,1,1.25
12-08-2014,01:11:47.134,102.35,102.346,7.69,1.25
12-08-2014,01:11:49.615,102.35,102.347,5.25,1
12-08-2014,01:11:50.139,102.349,102.347,1,1
12-08-2014,01:11:51.521,102.35,102.347,5.44,1
12-08-2014,01:11:52.039,102.349,102.346,3.75,1.69
12-08-2014,01:12:01.411,102.349,102.345,5.25,2.25
12-08-2014,01:12:02.204,102.348,102.345,1,1.25
12-08-2014,01:12:02.974,102.349,102.345,6.94,1.25
12-08-2014,01:12:04.934,102.349,102.347,1,1
12-08-2014,01:12:05.035,102.349,102.345,1,3.19
12-08-2014,01:12:05.237,102.347,102.345,1,1.69
12-08-2014,01:12:06.932,102.347,102.345,1,1.69
12-08-2014,01:12:07.451,102.346,102.345,1,1
12-08-2014,01:12:07.805,102.346,102.343,1,2.44
12-08-2014,01:12:08.464,102.347,102.343,1.5,1.69
12-08-2014,01:12:08.776,102.347,102.345,1,1
12-08-2014,01:12:11.695,102.348,102.345,6.19,1
12-08-2014,01:12:12.713,102.347,102.345,1,4.5
12-08-2014,01:12:20.688,102.346,102.345,1,3.75
12-08-2014,01:12:21.193,102.349,102.346,1.5,1.25
12-08-2014,01:12:21.697,102.349,102.346,1,2.44
12-08-2014,01:12:23.640,102.349,102.348,1,1
12-08-2014,01:12:23.742,102.351,102.349,1,1.25
12-08-2014,01:12:24.246,102.351,102.35,1,3.75
12-08-2014,01:12:24.966,102.353,102.349,1.5,5.07
12-08-2014,01:12:27.662,102.353,102.351,1,3.75
12-08-2014,01:12:30.085,102.353,102.35,1.5,4.69
12-08-2014,01:12:30.681,102.353,102.351,1,3.75
12-08-2014,01:12:31.942,102.353,102.352,1,3.75
12-08-2014,01:12:32.467,102.354,102.352,1.5,3.75
12-08-2014,01:12:33.605,102.354,102.351,1.5,3.75
12-08-2014,01:12:34.126,102.354,102.352,1.5,3.75
12-08-2014,01:12:36.062,102.354,102.353,1.5,1
12-08-2014,01:12:36.264,102.357,102.354,1.5,4.69
12-08-2014,01:12:36.365,102.357,102.354,1.5,4.69
12-08-2014,01:12:37.694,102.356,102.354,1,4.69
12-08-2014,01:12:38.047,102.355,102.353,1,1.5
12-08-2014,01:12:38.097,102.354,102.351,1,3.75
12-08-2014,01:12:38.608,102.354,102.352,1.5,3.75
12-08-2014,01:12:39.113,102.353,102.352,1,3.75
12-08-2014,01:12:39.617,102.354,102.351,2.25,3.75
12-08-2014,01:12:40.727,102.354,102.352,1.5,3.75
12-08-2014,01:12:41.607,102.354,102.351,2.25,3.75
12-08-2014,01:12:45.248,102.354,102.352,2.25,3.75
12-08-2014,01:12:46.959,102.355,102.352,1.69,3.75
12-08-2014,01:12:47.505,102.355,102.353,2.25,3.75
12-08-2014,01:12:49.101,102.355,102.354,1.5,3.94
12-08-2014,01:12:49.617,102.356,102.354,1.5,3.94
12-08-2014,01:12:50.127,102.358,102.355,1,1.69
12-08-2014,01:12:50.178,102.358,102.355,1.5,1.69
12-08-2014,01:12:50.732,102.359,102.357,1.5,3.75
12-08-2014,01:12:51.236,102.359,102.358,1,3.75
12-08-2014,01:12:51.741,102.36,102.358,1,3.75
12-08-2014,01:12:58.331,102.36,102.359,1.5,3.75
12-08-2014,01:12:59.706,102.361,102.359,1,3.75
12-08-2014,01:13:03.835,102.361,102.359,1,4.69
12-08-2014,01:13:04.339,102.361,102.359,1,3.94
12-08-2014,01:13:07.112,102.362,102.359,1,6.19
12-08-2014,01:13:07.616,102.362,102.36,1,3.75
