Date,Time,Ask,Bid,AskVolume,BidVolume
14-08-2014,00:00:00.810,1.33661,1.33657,3,1.5
14-08-2014,00:00:02.688,1.33661,1.33658,1.88,1
14-08-2014,00:00:07.304,1.33661,1.33657,3.38,2.25
14-08-2014,00:00:07.819,1.3366,1.33657,2.25,1.5
14-08-2014,00:00:12.418,1.3366,1.33658,1,1
14-08-2014,00:00:12.924,1.33659,1.33658,1.13,1
14-08-2014,00:00:13.026,1.33662,1.33659,3.75,6.25
14-08-2014,00:00:13.077,1.33662,1.3366,2.25,2.5
14-08-2014,00:00:13.251,1.33663,1.33662,1,1
14-08-2014,00:00:13.304,1.33665,1.33662,1,1
14-08-2014,00:00:13.810,1.33666,1.33662,3,2.25
14-08-2014,00:00:14.315,1.33665,1.33662,1.5,1
14-08-2014,00:00:14.669,1.33666,1.33664,3,1
14-08-2014,00:00:15.173,1.33667,1.33664,3,1
14-08-2014,00:00:15.883,1.33666,1.33664,1,1.5
14-08-2014,00:00:18.746,1.33665,1.33664,1,1
14-08-2014,00:00:19.815,1.33667,1.33664,3,1
14-08-2014,00:00:29.738,1.33666,1.33664,1,1
14-08-2014,00:00:38.188,1.33665,1.33664,1,1
14-08-2014,00:00:39.210,1.33666,1.33664,1,1
14-08-2014,00:00:50.969,1.33666,1.33662,3.19,4.32
14-08-2014,00:00:51.279,1.33664,1.33662,1,3.38
14-08-2014,00:00:56.952,1.33663,1.33662,1,1
14-08-2014,00:01:11.164,1.33663,1.33661,1,1
14-08-2014,00:01:16.211,1.33662,1.3366,1,2.44
14-08-2014,00:01:16.363,1.33662,1.33659,3.75,3.94
14-08-2014,00:01:16.868,1.33661,1.33659,1.5,3.75
14-08-2014,00:01:17.462,1.33661,1.33658,1.5,3.75
14-08-2014,00:01:23.554,1.33662,1.33658,2.63,3
14-08-2014,00:01:24.060,1.33662,1.33659,2.63,1.5
14-08-2014,00:01:24.566,1.33663,1.33659,3.57,3
14-08-2014,00:01:24.768,1.33661,1.33659,1,1
14-08-2014,00:01:24.870,1.33663,1.33659,3.57,1.5
14-08-2014,00:01:29.630,1.33662,1.33659,1,1
14-08-2014,00:01:30.973,1.33662,1.33658,1.5,2.25
14-08-2014,00:01:31.488,1.33662,1.33659,1,1
14-08-2014,00:01:32.729,1.33661,1.33659,1,1
14-08-2014,00:01:41.638,1.3366,1.33658,1,1
14-08-2014,00:01:41.740,1.33661,1.33659,1.5,1
14-08-2014,00:01:47.019,1.33661,1.3366,1.5,2.35
14-08-2014,00:01:47.474,1.33663,1.33661,1.25,1
14-08-2014,00:02:02.326,1.33662,1.3366,1,1.13
14-08-2014,00:02:02.831,1.33661,1.33659,1,2.25
14-08-2014,00:02:03.338,1.3366,1.33659,1,1
14-08-2014,00:02:04.156,1.33661,1.33659,5.82,1
14-08-2014,00:02:04.661,1.3366,1.33659,1.69,1
14-08-2014,00:02:05.820,1.33661,1.33659,3.94,1
14-08-2014,00:02:06.426,1.33663,1.33659,5.44,3.75
14-08-2014,00:02:07.665,1.33663,1.33659,1.5,6
14-08-2014,00:02:17.409,1.33663,1.3366,1.5,1
14-08-2014,00:02:18.174,1.33663,1.33659,1.5,5.63
14-08-2014,00:02:18.684,1.33663,1.3366,1.5,1.5
14-08-2014,00:02:19.705,1.33663,1.33659,1.5,5.63
14-08-2014,00:02:20.251,1.33663,1.3366,1.5,1
14-08-2014,00:02:20.973,1.33663,1.33659,1.5,5.63
14-08-2014,00:02:21.588,1.33663,1.3366,1.5,1
14-08-2014,00:02:22.093,1.33665,1.33661,7.62,1
14-08-2014,00:02:22.609,1.33665,1.33661,6.49,1
14-08-2014,00:02:23.894,1.33665,1.33661,4.99,3.38
14-08-2014,00:02:26.207,1.33665,1.33663,3.94,1
14-08-2014,00:02:26.762,1.33665,1.33663,1.5,1
14-08-2014,00:02:29.162,1.33667,1.33664,3.19,1
14-08-2014,00:02:29.465,1.33669,1.33667,2.74,1
14-08-2014,00:02:29.769,1.3367,1.33668,1.88,2.25
14-08-2014,00:02:42.498,1.3367,1.33669,1.88,1
14-08-2014,00:02:43.005,1.3367,1.33668,1.88,3
14-08-2014,00:02:43.757,1.3367,1.33669,1.88,1
14-08-2014,00:02:44.378,1.3367,1.33668,1.5,3
14-08-2014,00:02:44.894,1.3367,1.33669,1.88,1
14-08-2014,00:02:45.560,1.3367,1.33668,1.5,3
14-08-2014,00:02:46.124,1.3367,1.33669,1.5,1
14-08-2014,00:02:46.890,1.3367,1.33668,1.88,3
14-08-2014,00:02:47.609,1.3367,1.33669,1.5,1
14-08-2014,00:02:48.315,1.3367,1.33668,1.5,3.38
14-08-2014,00:02:48.839,1.3367,1.33669,1.88,1
14-08-2014,00:02:49.356,1.3367,1.33668,1.5,3.38
14-08-2014,00:02:49.916,1.3367,1.33669,1.5,1
14-08-2014,00:02:50.490,1.33671,1.33669,1.69,1
14-08-2014,00:02:51.007,1.33671,1.33668,1.69,3.38
14-08-2014,00:02:51.518,1.33671,1.33669,1.69,1
14-08-2014,00:02:52.036,1.33671,1.33668,1.69,3.38
14-08-2014,00:02:52.579,1.33671,1.33669,1.69,1
14-08-2014,00:02:53.100,1.33671,1.33669,1.69,1
14-08-2014,00:02:53.639,1.33671,1.33669,1.69,1
14-08-2014,00:02:54.163,1.33671,1.33668,1.69,3.38
14-08-2014,00:02:54.917,1.33671,1.33668,1.69,3.38
14-08-2014,00:02:55.493,1.33671,1.33669,1.69,1
14-08-2014,00:02:56.262,1.33671,1.33669,1.69,1
14-08-2014,00:02:56.667,1.33673,1.3367,3.94,1
14-08-2014,00:02:57.172,1.33673,1.33669,3.19,3
14-08-2014,00:02:57.677,1.33673,1.3367,3,1
14-08-2014,00:02:59.143,1.33673,1.33669,2.25,4.13
14-08-2014,00:02:59.654,1.33673,1.3367,2.25,1.5
14-08-2014,00:03:02.533,1.33673,1.33669,2.25,4.88
14-08-2014,00:03:03.101,1.33673,1.3367,2.25,1
14-08-2014,00:03:03.722,1.33673,1.33669,2.25,4.88
14-08-2014,00:03:04.231,1.33673,1.3367,2.25,1
14-08-2014,00:03:04.948,1.33673,1.33669,2.25,4.88
14-08-2014,00:03:05.561,1.33673,1.3367,2.25,1
14-08-2014,00:03:06.172,1.33673,1.33669,2.25,4.88
14-08-2014,00:03:06.693,1.33673,1.3367,2.25,1
14-08-2014,00:03:13.723,1.33673,1.33669,4.5,5.63
14-08-2014,00:03:14.240,1.33672,1.33669,1.5,3
14-08-2014,00:03:33.624,1.33672,1.33669,3.94,1.5
14-08-2014,00:03:38.229,1.33672,1.3367,2.44,1
14-08-2014,00:03:45.539,1.33671,1.33669,1.5,1
14-08-2014,00:03:46.057,1.33671,1.33669,3.42,1
14-08-2014,00:03:46.604,1.33671,1.33668,2.67,1
14-08-2014,00:03:47.140,1.33672,1.33668,3.94,2.25
14-08-2014,00:03:47.710,1.33672,1.33669,2.44,1.5
14-08-2014,00:03:48.232,1.33672,1.33669,1.69,1.5
14-08-2014,00:03:51.972,1.33671,1.33669,1,1.5
14-08-2014,00:03:52.477,1.33671,1.33668,1.69,2.25
14-08-2014,00:03:53.199,1.3367,1.33669,1.13,1
14-08-2014,00:03:53.816,1.3367,1.33668,1.13,1.5
14-08-2014,00:03:56.556,1.3367,1.33669,1.88,1
14-08-2014,00:03:57.077,1.3367,1.33668,1.13,1
14-08-2014,00:04:06.380,1.3367,1.33667,1,1.8
14-08-2014,00:04:07.037,1.3367,1.33668,2.63,1
14-08-2014,00:04:07.542,1.33672,1.33668,5.07,2.63
14-08-2014,00:04:08.118,1.33672,1.33668,2.82,2.82
14-08-2014,00:04:08.782,1.33672,1.33668,2.82,2.82
14-08-2014,00:04:09.296,1.33672,1.33669,3.57,1
14-08-2014,00:04:09.814,1.3367,1.33668,1,2.44
14-08-2014,00:04:13.537,1.33671,1.33669,2.25,1
14-08-2014,00:04:14.074,1.3367,1.33669,1,1
14-08-2014,00:04:14.782,1.33671,1.33669,2.25,1
14-08-2014,00:04:15.544,1.3367,1.33669,1,1
14-08-2014,00:04:16.070,1.33671,1.33669,2.25,1
14-08-2014,00:04:16.575,1.33672,1.33669,3.19,1
14-08-2014,00:04:17.096,1.33672,1.33669,4.32,1
14-08-2014,00:04:17.852,1.33672,1.33669,3.94,1
14-08-2014,00:04:18.379,1.33672,1.33669,3.94,1
14-08-2014,00:04:18.891,1.33672,1.33669,3.94,1
14-08-2014,00:04:19.413,1.33672,1.33669,3.94,1
14-08-2014,00:04:20.009,1.33672,1.33669,3.94,1
14-08-2014,00:04:20.620,1.33672,1.33669,3.94,1
14-08-2014,00:04:21.131,1.33672,1.33669,3.94,1
14-08-2014,00:04:21.660,1.33672,1.33669,3.94,1
14-08-2014,00:04:22.182,1.33672,1.33669,3.57,1
14-08-2014,00:04:40.735,1.33672,1.3367,2.63,1
14-08-2014,00:04:51.632,1.33672,1.3367,3.94,1
14-08-2014,00:04:55.387,1.33672,1.3367,2.44,1
14-08-2014,00:05:01.419,1.33672,1.33668,2.44,2.44
14-08-2014,00:05:16.239,1.33672,1.33668,2.44,2.69
14-08-2014,00:05:16.753,1.33671,1.33668,1,1.25
14-08-2014,00:05:17.265,1.3367,1.33666,2.44,2.74
14-08-2014,00:05:17.467,1.3367,1.33666,3.94,2.24
14-08-2014,00:05:17.990,1.3367,1.33666,6.57,2.24
14-08-2014,00:05:23.824,1.33669,1.33667,1.13,1.05
14-08-2014,00:05:24.287,1.3367,1.33668,8.07,1
14-08-2014,00:05:25.624,1.3367,1.33668,5.82,1
14-08-2014,00:05:25.826,1.3367,1.33667,4.32,1.05
14-08-2014,00:05:26.344,1.3367,1.33668,3.94,1
14-08-2014,00:05:28.351,1.3367,1.33667,2.63,1.05
14-08-2014,00:05:28.858,1.3367,1.33667,3.75,1.05
14-08-2014,00:05:33.295,1.3367,1.33668,2.63,1
14-08-2014,00:05:33.893,1.3367,1.33668,3,1
14-08-2014,00:05:34.452,1.3367,1.33668,1.88,1
14-08-2014,00:05:36.507,1.33669,1.33668,1,1
14-08-2014,00:05:37.023,1.3367,1.33668,2.63,1
14-08-2014,00:05:37.640,1.33669,1.33668,1,1
14-08-2014,00:05:38.150,1.3367,1.33668,2.63,1
14-08-2014,00:05:38.765,1.33669,1.33668,1,1
14-08-2014,00:05:39.485,1.3367,1.33668,2.63,1
14-08-2014,00:05:39.996,1.3367,1.33668,2.88,1
14-08-2014,00:05:40.513,1.3367,1.33668,2.25,1
14-08-2014,00:05:41.021,1.3367,1.33668,4,1
14-08-2014,00:05:42.047,1.3367,1.33668,2.25,1
14-08-2014,00:05:42.560,1.33669,1.33668,1,1
14-08-2014,00:05:43.382,1.3367,1.33668,3.75,1
14-08-2014,00:05:43.912,1.33669,1.33668,1,1
14-08-2014,00:05:44.723,1.3367,1.33668,2.25,1
14-08-2014,00:05:45.331,1.33669,1.33668,1,1
14-08-2014,00:05:46.572,1.3367,1.33668,2.25,1
14-08-2014,00:05:47.173,1.33669,1.33668,1,1
14-08-2014,00:05:47.731,1.3367,1.33668,4.13,1
14-08-2014,00:05:48.241,1.33669,1.33668,1,1
14-08-2014,00:05:48.760,1.3367,1.33668,4.32,1
14-08-2014,00:05:57.415,1.33671,1.33668,2.82,1
14-08-2014,00:05:57.920,1.33671,1.33669,2.44,1
14-08-2014,00:06:01.144,1.33671,1.33667,2.25,3.57
14-08-2014,00:06:01.548,1.33669,1.33667,1,1
14-08-2014,00:06:03.874,1.33669,1.33666,1.5,3
14-08-2014,00:06:08.280,1.33669,1.33668,2.25,1
14-08-2014,00:06:18.254,1.33669,1.33665,4.88,10.8
14-08-2014,00:06:19.074,1.33667,1.33665,1,10.05
14-08-2014,00:06:19.584,1.33666,1.33665,1,8.55
14-08-2014,00:06:20.096,1.33668,1.33665,1.88,7.43
14-08-2014,00:06:20.300,1.33666,1.33664,4.5,5.45
14-08-2014,00:06:20.352,1.33665,1.33664,6,2.25
14-08-2014,00:06:20.555,1.33664,1.33662,3.76,1
14-08-2014,00:06:20.658,1.33662,1.33658,5.5,2.25
14-08-2014,00:06:20.719,1.33661,1.33658,2.63,1
14-08-2014,00:06:20.821,1.33658,1.33656,2.63,1.13
14-08-2014,00:06:20.924,1.33656,1.33655,1.5,1
14-08-2014,00:06:21.179,1.33653,1.33651,4.38,1
14-08-2014,00:06:21.281,1.33651,1.33649,1,1.5
14-08-2014,00:06:21.787,1.33651,1.3365,1.5,2.25
14-08-2014,00:06:22.090,1.33653,1.33651,3.57,1
14-08-2014,00:06:22.397,1.33654,1.33652,1.5,2.63
14-08-2014,00:06:22.902,1.33656,1.33654,2.44,1
14-08-2014,00:06:23.474,1.33656,1.33655,1,2.25
14-08-2014,00:06:23.524,1.33657,1.33655,1,3
14-08-2014,00:06:23.626,1.33658,1.33656,1.25,1
14-08-2014,00:06:24.029,1.33657,1.33655,2.25,1.5
14-08-2014,00:06:24.433,1.33657,1.33653,4.69,1.69
14-08-2014,00:06:25.148,1.33655,1.33653,1,1.69
14-08-2014,00:06:25.661,1.33656,1.33654,1,5.25
14-08-2014,00:06:26.180,1.33656,1.33655,1,1
14-08-2014,00:06:26.800,1.33657,1.33655,1.88,1
14-08-2014,00:06:27.314,1.33656,1.33655,1,1
14-08-2014,00:06:27.724,1.33655,1.33653,4.88,1.5
14-08-2014,00:06:28.228,1.33655,1.33652,5.63,1
14-08-2014,00:06:28.552,1.33654,1.33651,6.38,2.25
14-08-2014,00:06:28.856,1.33651,1.33649,5.63,1
14-08-2014,00:06:29.376,1.33649,1.33646,1,3.19
14-08-2014,00:06:29.886,1.33649,1.33646,1.13,3.19
14-08-2014,00:06:30.500,1.3365,1.33648,5.44,1
14-08-2014,00:06:30.805,1.33653,1.33651,3.94,1
14-08-2014,00:06:31.108,1.33654,1.33651,3,1
14-08-2014,00:06:31.158,1.33652,1.33649,3.35,4.5
14-08-2014,00:06:31.360,1.3365,1.33647,3,1
14-08-2014,00:06:31.714,1.33648,1.33647,1,1
14-08-2014,00:06:32.117,1.3365,1.33647,2.25,1
14-08-2014,00:06:32.420,1.3365,1.33649,1,1.13
14-08-2014,00:06:32.622,1.33648,1.33646,1.13,2.25
14-08-2014,00:06:33.229,1.33649,1.33646,1,1.5
14-08-2014,00:06:33.763,1.3365,1.33647,2.44,1
14-08-2014,00:06:34.127,1.33648,1.33647,1,1
14-08-2014,00:06:34.430,1.33651,1.33648,3.94,2.5
14-08-2014,00:06:34.582,1.3365,1.33648,4.69,1
14-08-2014,00:06:34.633,1.3365,1.33646,3.94,3.19
14-08-2014,00:06:34.785,1.33648,1.33646,2.25,2.25
14-08-2014,00:06:35.391,1.33649,1.33646,1,2.25
14-08-2014,00:06:36.669,1.3365,1.33648,3.75,1.5
14-08-2014,00:06:36.973,1.33648,1.33646,1,1.69
14-08-2014,00:06:37.477,1.33648,1.33647,1.5,1
14-08-2014,00:06:39.074,1.33648,1.33646,1.5,1
14-08-2014,00:06:39.730,1.33648,1.33645,1.5,4.69
14-08-2014,00:06:40.344,1.33648,1.33646,1.5,1
14-08-2014,00:06:40.648,1.3365,1.33648,2.44,1
14-08-2014,00:06:40.951,1.33649,1.33646,3.75,1.25
14-08-2014,00:06:41.456,1.33648,1.33645,2.25,4.5
14-08-2014,00:06:42.030,1.33648,1.33646,3,1
14-08-2014,00:06:42.383,1.33647,1.33646,1.13,1.5
14-08-2014,00:06:42.888,1.33648,1.33646,2.07,1
14-08-2014,00:06:43.431,1.33648,1.33646,2.82,1.5
14-08-2014,00:06:43.760,1.33648,1.33646,2.82,1.5
14-08-2014,00:06:44.272,1.33648,1.33646,3.82,1
14-08-2014,00:06:44.788,1.33648,1.33646,1.5,1.5
14-08-2014,00:06:46.524,1.3365,1.33648,3,1
14-08-2014,00:06:47.029,1.3365,1.33649,1,1
14-08-2014,00:06:47.232,1.3365,1.33647,2.25,1.25
14-08-2014,00:06:48.385,1.3365,1.33649,1.5,1
14-08-2014,00:06:48.688,1.33652,1.33649,1,2.44
14-08-2014,00:06:49.307,1.33653,1.33649,4.69,2.44
14-08-2014,00:06:53.218,1.33652,1.33649,1,3
14-08-2014,00:06:54.245,1.33653,1.33649,5.82,2.44
14-08-2014,00:06:54.758,1.33652,1.33649,1,3.19
14-08-2014,00:06:55.321,1.33653,1.33649,5.44,3.19
14-08-2014,00:06:59.500,1.33653,1.3365,4.69,1
14-08-2014,00:07:00.730,1.33653,1.33649,4.5,3
14-08-2014,00:07:01.384,1.33652,1.33649,1,3
14-08-2014,00:07:01.898,1.33651,1.33649,1,3.75
14-08-2014,00:07:02.301,1.33653,1.33649,5.63,3
14-08-2014,00:07:02.978,1.33652,1.33649,1,3.75
14-08-2014,00:07:04.001,1.33653,1.33649,5.63,3
14-08-2014,00:07:04.511,1.33652,1.33649,1,3.75
14-08-2014,00:07:05.040,1.33653,1.33649,5.63,3
14-08-2014,00:07:05.583,1.33652,1.33649,1,3.75
14-08-2014,00:07:06.095,1.33653,1.33649,5.63,3
14-08-2014,00:07:06.707,1.33652,1.33649,1,3.75
14-08-2014,00:07:07.244,1.33653,1.33649,5.63,3
14-08-2014,00:07:07.780,1.33652,1.33649,1,3.75
14-08-2014,00:07:08.496,1.33653,1.33649,5.63,3
14-08-2014,00:07:08.547,1.33653,1.33651,5.63,1
14-08-2014,00:07:09.061,1.33652,1.33651,1,1
14-08-2014,00:07:09.726,1.33653,1.33651,5.63,1
14-08-2014,00:07:10.239,1.33652,1.33651,1,1
14-08-2014,00:07:10.751,1.33653,1.33651,5.63,1
14-08-2014,00:07:11.260,1.33653,1.33651,5.88,1
14-08-2014,00:07:11.774,1.33653,1.33651,5.63,1
14-08-2014,00:07:12.388,1.33653,1.33651,7.88,1
14-08-2014,00:07:12.742,1.33652,1.33649,4.32,1.5
14-08-2014,00:07:13.263,1.33651,1.33648,5.25,1.25
14-08-2014,00:07:14.238,1.33651,1.33648,3.19,1
14-08-2014,00:07:14.756,1.3365,1.33649,1.5,1
14-08-2014,00:07:15.473,1.33651,1.33649,3.19,1
14-08-2014,00:07:16.143,1.3365,1.33649,1,1
14-08-2014,00:07:17.784,1.33651,1.33649,3.38,1
14-08-2014,00:07:18.289,1.3365,1.33649,1,1
14-08-2014,00:07:18.790,1.33651,1.33649,3.38,1
14-08-2014,00:07:19.320,1.3365,1.33649,1.5,1
14-08-2014,00:07:20.304,1.33651,1.33649,3.57,1
14-08-2014,00:07:21.127,1.3365,1.33649,1,1
14-08-2014,00:07:21.760,1.33651,1.33649,3.19,1
14-08-2014,00:07:22.303,1.3365,1.33649,1,1
14-08-2014,00:07:22.870,1.33651,1.33649,2.82,1
14-08-2014,00:07:23.377,1.3365,1.33649,1.5,1
14-08-2014,00:07:23.886,1.3365,1.33648,1.5,2.07
14-08-2014,00:07:24.621,1.33651,1.3365,1,1
14-08-2014,00:07:25.159,1.33652,1.3365,1.13,1
14-08-2014,00:07:27.790,1.33651,1.3365,1,1
14-08-2014,00:07:28.326,1.33652,1.3365,1.88,1
14-08-2014,00:07:29.043,1.33651,1.3365,1,1
14-08-2014,00:07:29.554,1.33652,1.3365,1.88,1
14-08-2014,00:07:30.065,1.33651,1.3365,1,1
14-08-2014,00:07:30.573,1.33652,1.3365,1.88,1
14-08-2014,00:07:31.077,1.33651,1.3365,1,1
14-08-2014,00:07:32.180,1.33652,1.3365,1.5,1
14-08-2014,00:07:32.746,1.33651,1.3365,1,1
14-08-2014,00:07:33.568,1.33652,1.3365,1.5,1
14-08-2014,00:07:34.203,1.33651,1.3365,1,1
14-08-2014,00:07:34.903,1.33652,1.3365,1.5,1
14-08-2014,00:07:35.534,1.33651,1.3365,1,1
14-08-2014,00:07:36.750,1.33652,1.3365,1.88,1
14-08-2014,00:07:37.263,1.33651,1.3365,1,1
14-08-2014,00:07:37.987,1.33652,1.3365,1.88,1
14-08-2014,00:07:38.501,1.33651,1.3365,1,1
14-08-2014,00:07:39.214,1.33653,1.33651,1.13,1
14-08-2014,00:07:39.719,1.33654,1.33652,2.82,1
14-08-2014,00:07:40.022,1.33653,1.3365,2.25,2.07
14-08-2014,00:07:40.325,1.33651,1.33649,1,1.69
14-08-2014,00:07:40.829,1.33651,1.33648,1,4.69
14-08-2014,00:07:41.431,1.33652,1.33648,1.88,4.69
14-08-2014,00:07:42.043,1.33651,1.33648,1,4.69
14-08-2014,00:07:42.554,1.33652,1.33648,1,5.07
14-08-2014,00:07:43.066,1.33651,1.33648,2.25,1.32
14-08-2014,00:07:43.604,1.3365,1.33647,1,3.19
14-08-2014,00:07:44.108,1.3365,1.33647,1,2.25
14-08-2014,00:07:48.215,1.33649,1.33647,2.44,1.5
14-08-2014,00:07:48.366,1.33647,1.33645,1.5,1
14-08-2014,00:07:48.518,1.33645,1.33643,1.5,1
14-08-2014,00:07:49.023,1.33646,1.33642,3.19,2.82
14-08-2014,00:07:49.582,1.33645,1.33642,1.5,1.69
14-08-2014,00:07:50.810,1.33644,1.33641,2.25,2.82
14-08-2014,00:07:51.634,1.33644,1.33641,1.5,2.63
14-08-2014,00:07:52.148,1.33643,1.33641,1.5,1.5
14-08-2014,00:07:52.871,1.33643,1.3364,1.5,2.82
14-08-2014,00:08:07.200,1.33642,1.3364,1,2.82
14-08-2014,00:08:08.312,1.33642,1.33639,1.69,2.63
14-08-2014,00:08:08.821,1.33642,1.33639,1.69,2.63
14-08-2014,00:08:09.326,1.33642,1.33639,2.25,1.88
14-08-2014,00:08:09.831,1.33642,1.3364,1.5,1
14-08-2014,00:08:10.450,1.33642,1.33641,1.5,1
14-08-2014,00:08:17.820,1.33642,1.3364,1,1.13
14-08-2014,00:08:24.997,1.33643,1.33641,3.94,1
14-08-2014,00:08:27.404,1.33642,1.33641,1,1
14-08-2014,00:08:38.189,1.33642,1.3364,1,2.82
14-08-2014,00:08:39.007,1.33642,1.33639,2.25,1.88
14-08-2014,00:08:39.555,1.33642,1.33639,1.5,1.88
14-08-2014,00:08:40.009,1.33641,1.33638,1,2.44
14-08-2014,00:08:40.212,1.33639,1.33637,1.5,3.57
14-08-2014,00:08:40.515,1.33635,1.33633,3.75,1
14-08-2014,00:08:40.566,1.33634,1.33631,1,1.25
14-08-2014,00:08:40.818,1.33635,1.33633,2.63,1
14-08-2014,00:08:40.971,1.33638,1.33636,2.25,1
14-08-2014,00:08:41.476,1.33639,1.33636,1.5,2.44
14-08-2014,00:08:42.036,1.33639,1.33637,1,1
14-08-2014,00:08:42.545,1.3364,1.33637,1.5,1
14-08-2014,00:08:46.923,1.33638,1.33637,1,1.25
14-08-2014,00:08:47.904,1.33638,1.33636,1,1.88
14-08-2014,00:09:01.255,1.33638,1.33635,4.5,3
14-08-2014,00:09:01.357,1.33638,1.33636,2.25,1
14-08-2014,00:09:01.710,1.3364,1.33636,3.57,3.19
14-08-2014,00:09:15.156,1.33638,1.33636,1,2.44
14-08-2014,00:09:15.359,1.33636,1.33633,1.05,2.25
14-08-2014,00:09:15.461,1.33634,1.33633,1,1
14-08-2014,00:09:15.613,1.33634,1.3363,6.94,2.63
14-08-2014,00:09:16.343,1.33634,1.33631,5.44,1
14-08-2014,00:09:18.620,1.33634,1.33631,3,1
14-08-2014,00:09:20.082,1.33634,1.3363,3.94,1.5
14-08-2014,00:09:21.135,1.33634,1.3363,6.94,1.5
14-08-2014,00:09:21.640,1.33632,1.33629,2.25,1
14-08-2014,00:09:21.893,1.3363,1.33628,1,1.5
14-08-2014,00:09:22.398,1.3363,1.33627,3,1.25
14-08-2014,00:09:23.466,1.3363,1.33628,2.25,1
14-08-2014,00:09:23.618,1.33632,1.3363,1.5,2.25
14-08-2014,00:09:23.820,1.33634,1.33632,5.44,1
14-08-2014,00:09:26.154,1.33634,1.33631,3,1.25
14-08-2014,00:09:27.725,1.33633,1.33631,1,1
14-08-2014,00:09:28.229,1.33633,1.3363,1,4.5
14-08-2014,00:09:42.121,1.33631,1.3363,1,2.25
14-08-2014,00:09:47.375,1.33633,1.3363,3.94,1.5
14-08-2014,00:10:00.929,1.33633,1.33631,2.25,1
14-08-2014,00:10:02.699,1.33634,1.33632,3.94,1
14-08-2014,00:10:07.974,1.33634,1.33632,5.25,1
14-08-2014,00:10:11.036,1.33634,1.33631,5.63,2.44
14-08-2014,00:10:21.324,1.33634,1.33631,4.13,1.25
14-08-2014,00:10:21.422,1.33634,1.33632,3,1.69
14-08-2014,00:10:21.928,1.33635,1.33633,2.25,1
14-08-2014,00:10:24.432,1.33636,1.33634,3,1
14-08-2014,00:10:25.292,1.33636,1.33635,3,1
14-08-2014,00:10:25.797,1.33636,1.33635,1.5,2.25
14-08-2014,00:10:26.578,1.33636,1.33635,3,1
14-08-2014,00:10:27.142,1.33636,1.33635,1.5,3
14-08-2014,00:10:28.762,1.33636,1.33635,3,1.13
14-08-2014,00:10:29.332,1.33636,1.33634,3.25,4.43
14-08-2014,00:10:29.943,1.33636,1.33635,3,1.88
14-08-2014,00:10:30.471,1.33636,1.33634,3,5.18
14-08-2014,00:10:31.026,1.33636,1.33635,3,1.88
14-08-2014,00:10:31.549,1.33636,1.33634,3,4.43
14-08-2014,00:10:32.055,1.33636,1.33634,1.5,4.8
14-08-2014,00:10:32.575,1.33636,1.33634,3.25,3.68
14-08-2014,00:10:33.799,1.33636,1.33634,3,4.05
14-08-2014,00:10:34.322,1.33636,1.33635,1.5,2.25
14-08-2014,00:10:34.871,1.33636,1.33634,3,3.68
14-08-2014,00:10:35.387,1.33636,1.33635,3,1
14-08-2014,00:10:36.047,1.33636,1.33634,1.5,6.68
14-08-2014,00:10:36.557,1.33636,1.33635,2.25,2.25
14-08-2014,00:10:38.265,1.33636,1.33634,1.5,3
14-08-2014,00:10:38.770,1.33635,1.33632,1.5,3.94
14-08-2014,00:10:39.073,1.33633,1.33632,1.5,1.25
14-08-2014,00:10:39.577,1.33634,1.33632,1.13,1
14-08-2014,00:10:48.308,1.33633,1.33632,1.88,1
14-08-2014,00:10:50.094,1.33633,1.33632,2.25,1.5
14-08-2014,00:10:50.247,1.33641,1.33638,2.82,4
14-08-2014,00:10:50.298,1.33639,1.33637,4.88,2.44
14-08-2014,00:10:50.601,1.33642,1.33639,1.88,3.57
14-08-2014,00:10:50.771,1.33643,1.33641,2.25,1
14-08-2014,00:10:51.176,1.33643,1.3364,4.32,1.88
14-08-2014,00:10:51.681,1.33642,1.3364,1,1
14-08-2014,00:10:52.185,1.33643,1.3364,5.82,1
14-08-2014,00:10:52.731,1.33642,1.3364,1,1
14-08-2014,00:10:53.393,1.33641,1.3364,1,1
14-08-2014,00:11:02.049,1.3364,1.33638,1,1.99
14-08-2014,00:11:02.200,1.3364,1.33638,1,1.24
14-08-2014,00:11:02.730,1.33641,1.33639,3.19,1
14-08-2014,00:11:03.365,1.33639,1.33637,1,1.24
14-08-2014,00:11:04.065,1.33641,1.33639,1.32,1
14-08-2014,00:11:09.345,1.33642,1.3364,3.57,1
14-08-2014,00:11:10.005,1.33642,1.3364,2.44,1
14-08-2014,00:11:10.514,1.33641,1.33638,1,3.49
14-08-2014,00:11:11.027,1.33642,1.3364,2.44,1
14-08-2014,00:11:11.562,1.33641,1.33638,1,3.49
14-08-2014,00:11:12.160,1.33642,1.3364,2.44,1
14-08-2014,00:11:12.875,1.33641,1.33638,1,2.07
14-08-2014,00:11:13.490,1.33642,1.3364,2.44,1
14-08-2014,00:11:14.103,1.33641,1.33638,1,3.49
14-08-2014,00:11:14.923,1.33642,1.3364,2.44,1
14-08-2014,00:11:15.538,1.33641,1.33638,1,3.49
14-08-2014,00:11:16.153,1.33642,1.3364,2.44,1
14-08-2014,00:11:16.664,1.33641,1.33638,1,3.49
14-08-2014,00:11:17.176,1.33642,1.3364,2.44,1
14-08-2014,00:11:17.791,1.33641,1.33638,1,3.49
14-08-2014,00:11:18.198,1.3364,1.33638,4.75,1
14-08-2014,00:11:18.724,1.33639,1.33638,1,1
14-08-2014,00:11:19.231,1.3364,1.33638,3.38,1
14-08-2014,00:11:19.744,1.33639,1.33638,1,1
14-08-2014,00:11:20.530,1.3364,1.33638,4.88,1
14-08-2014,00:11:21.076,1.33639,1.33638,1,1
14-08-2014,00:11:21.581,1.3364,1.33638,3.75,1
14-08-2014,00:11:22.205,1.33641,1.33639,1,1
14-08-2014,00:11:22.944,1.33642,1.3364,6.19,1
14-08-2014,00:11:23.626,1.33641,1.3364,1,1
14-08-2014,00:11:24.143,1.33642,1.3364,5.25,1
14-08-2014,00:11:24.295,1.33641,1.33638,3,1.25
14-08-2014,00:11:39.602,1.33641,1.33639,3.38,1
14-08-2014,00:12:01.396,1.33642,1.33639,5.44,1
14-08-2014,00:12:02.482,1.33642,1.33639,6.19,1
14-08-2014,00:12:05.408,1.33642,1.33639,5.07,1
14-08-2014,00:12:10.480,1.33642,1.3364,3.19,1
14-08-2014,00:12:11.014,1.33641,1.3364,1,1
14-08-2014,00:12:11.525,1.3364,1.33638,3.38,1
14-08-2014,00:12:13.010,1.33641,1.33639,3,1
14-08-2014,00:12:13.313,1.33641,1.33638,1,1
14-08-2014,00:12:14.912,1.33641,1.3364,1,1
14-08-2014,00:12:24.138,1.33641,1.33638,1,1.25
14-08-2014,00:12:24.652,1.3364,1.33638,1.88,1.25
14-08-2014,00:12:58.762,1.3364,1.33638,1.5,1
14-08-2014,00:13:09.278,1.33641,1.33639,1,1
14-08-2014,00:13:09.584,1.33642,1.3364,1.5,1
14-08-2014,00:13:09.887,1.33643,1.33641,1.13,3
14-08-2014,00:13:10.039,1.33646,1.33643,3,1.5
14-08-2014,00:13:10.343,1.33648,1.33646,1.25,2.5
14-08-2014,00:13:10.545,1.3365,1.33648,5.63,1
14-08-2014,00:13:11.064,1.33652,1.33649,2.25,1.5
14-08-2014,00:13:11.568,1.33651,1.33649,1,1.5
14-08-2014,00:13:12.339,1.3365,1.33649,1.88,1
14-08-2014,00:13:12.390,1.33648,1.33646,1,1.3
14-08-2014,00:13:12.543,1.33649,1.33646,4.88,1
14-08-2014,00:13:13.111,1.33648,1.33645,1,6.3
14-08-2014,00:13:13.616,1.33649,1.33645,3,7.43
14-08-2014,00:13:25.092,1.33649,1.33647,1,1
14-08-2014,00:13:43.269,1.3365,1.33648,1.5,1
14-08-2014,00:13:43.785,1.3365,1.33648,1.13,1
14-08-2014,00:13:44.300,1.33649,1.33648,1.69,1
14-08-2014,00:13:45.219,1.33647,1.33645,1.5,3.38
14-08-2014,00:13:45.320,1.33647,1.33645,3,1
14-08-2014,00:13:45.868,1.33647,1.33646,1.69,1
14-08-2014,00:13:46.468,1.33648,1.33646,2.25,1
14-08-2014,00:13:47.772,1.33649,1.33647,4.69,1
14-08-2014,00:13:47.873,1.3365,1.33648,8.07,1
14-08-2014,00:13:54.367,1.3365,1.33647,1.25,3
14-08-2014,00:13:54.569,1.3365,1.33648,1.69,1
14-08-2014,00:14:02.516,1.3365,1.33648,1,1
14-08-2014,00:14:06.499,1.33649,1.33648,1,1
14-08-2014,00:14:07.021,1.33649,1.33647,1.5,1.5
14-08-2014,00:14:12.195,1.33649,1.33648,1.5,1
14-08-2014,00:14:12.507,1.33649,1.33648,1.13,1
14-08-2014,00:14:13.019,1.33648,1.33647,1,1.5
14-08-2014,00:14:13.532,1.33649,1.33647,1.13,2.5
14-08-2014,00:14:14.197,1.33648,1.33647,1,1.5
14-08-2014,00:14:14.742,1.33648,1.33646,2.88,1
14-08-2014,00:14:15.247,1.33648,1.33646,1.88,1.5
14-08-2014,00:14:16.209,1.33647,1.33646,1,1.5
14-08-2014,00:14:16.757,1.33647,1.33645,1,5.37
14-08-2014,00:14:18.547,1.33647,1.33646,1,2.25
14-08-2014,00:14:18.800,1.33648,1.33646,1,1.69
14-08-2014,00:14:19.366,1.33649,1.33646,1.13,2.44
14-08-2014,00:14:19.924,1.33648,1.33646,1,2.44
14-08-2014,00:14:20.698,1.33649,1.33646,1.88,2.44
14-08-2014,00:14:21.422,1.33649,1.33647,1.13,1
14-08-2014,00:14:22.142,1.33649,1.33648,1.88,1
14-08-2014,00:14:22.654,1.33648,1.33647,1,1
14-08-2014,00:14:23.173,1.33649,1.33648,1.88,1
14-08-2014,00:14:32.676,1.3365,1.33648,2.44,1
14-08-2014,00:14:32.980,1.33652,1.3365,1,2.25
14-08-2014,00:14:33.031,1.33653,1.3365,1.69,2.25
14-08-2014,00:14:33.132,1.33654,1.33651,4.5,1
14-08-2014,00:14:33.335,1.33658,1.33656,3.19,1
14-08-2014,00:14:33.437,1.3366,1.33657,3.75,1
14-08-2014,00:14:33.941,1.33659,1.33658,1,2.25
14-08-2014,00:14:34.144,1.33659,1.33656,1.69,1
14-08-2014,00:14:34.665,1.33658,1.33656,1,1
14-08-2014,00:14:35.181,1.33659,1.33657,1.5,1.5
14-08-2014,00:14:35.707,1.33659,1.33656,1.5,1.25
14-08-2014,00:14:40.239,1.33659,1.33657,1.5,1
14-08-2014,00:14:45.844,1.33659,1.33657,2.44,1
14-08-2014,00:14:57.000,1.33658,1.33655,1,4.69
14-08-2014,00:14:57.790,1.33658,1.33657,1,1
14-08-2014,00:14:58.513,1.33658,1.33656,1,2.44
14-08-2014,00:14:59.127,1.33658,1.33657,1,1
14-08-2014,00:14:59.643,1.33658,1.33655,1,4.32
14-08-2014,00:15:00.203,1.33658,1.33657,1,1
14-08-2014,00:15:00.728,1.33657,1.33655,1,2.63
14-08-2014,00:15:01.241,1.33658,1.33657,1,1
14-08-2014,00:15:01.699,1.33657,1.33655,1,3.38
14-08-2014,00:15:01.901,1.33656,1.33655,1,1.5
14-08-2014,00:15:02.218,1.33655,1.33652,4.5,1.5
14-08-2014,00:15:02.421,1.33653,1.33651,2.25,1
14-08-2014,00:15:02.925,1.33654,1.33652,3,1
14-08-2014,00:15:03.430,1.33654,1.33653,1,1
14-08-2014,00:15:03.935,1.33655,1.33653,4.32,1
14-08-2014,00:15:07.904,1.33654,1.33653,1.5,1
14-08-2014,00:15:08.409,1.33654,1.33652,1.69,1
14-08-2014,00:15:15.449,1.33654,1.33651,4.5,1.5
14-08-2014,00:15:16.210,1.33653,1.33649,2.63,2.82
14-08-2014,00:15:16.762,1.33653,1.33649,2.82,2.82
14-08-2014,00:15:19.305,1.33653,1.33651,2.25,1
14-08-2014,00:15:21.155,1.33653,1.3365,2.25,1
14-08-2014,00:15:25.319,1.33653,1.33649,3,2.25
14-08-2014,00:15:28.473,1.33652,1.33649,1,1.5
14-08-2014,00:15:28.983,1.33651,1.33648,1.5,2.07
14-08-2014,00:15:34.827,1.33649,1.33648,1,1.5
14-08-2014,00:15:35.130,1.33647,1.33643,3.75,3.6
14-08-2014,00:15:35.231,1.33646,1.33643,1.5,1.5
14-08-2014,00:15:35.686,1.33646,1.33645,1.5,1
14-08-2014,00:15:36.197,1.33646,1.33644,1.5,1
14-08-2014,00:15:38.314,1.33646,1.33643,3.75,1.25
14-08-2014,00:15:38.869,1.33646,1.33644,3.19,1
14-08-2014,00:15:39.373,1.33646,1.33645,1.5,1
14-08-2014,00:15:41.722,1.33649,1.33646,3.75,1
14-08-2014,00:15:42.226,1.3365,1.33647,2.44,1
14-08-2014,00:15:43.186,1.33649,1.33647,1,1
14-08-2014,00:15:43.287,1.33649,1.33645,2.44,4.88
14-08-2014,00:15:43.691,1.33648,1.33647,1.25,1
14-08-2014,00:15:44.203,1.33649,1.33647,2.25,1
14-08-2014,00:15:48.431,1.33649,1.33646,3.75,1.25
14-08-2014,00:15:49.481,1.3365,1.33648,3.19,2.63
14-08-2014,00:15:49.531,1.33651,1.3365,2.25,1
14-08-2014,00:15:49.791,1.33654,1.33651,1.5,3
14-08-2014,00:15:50.401,1.33652,1.33651,1,1.5
14-08-2014,00:15:50.553,1.33651,1.33648,3,4.69
14-08-2014,00:15:51.069,1.3365,1.33648,1.5,1.5
14-08-2014,00:15:56.127,1.33648,1.33645,2.25,7.5
14-08-2014,00:15:56.380,1.33646,1.33644,1.88,1
14-08-2014,00:15:57.092,1.33647,1.33645,2.44,2.25
14-08-2014,00:15:57.143,1.33648,1.33647,1.5,1
14-08-2014,00:15:57.295,1.33652,1.33649,1,3
14-08-2014,00:15:57.547,1.33653,1.33651,5.82,1
14-08-2014,00:15:58.052,1.33653,1.33652,1.69,1
14-08-2014,00:15:58.554,1.33654,1.33652,1.25,1.5
14-08-2014,00:15:59.329,1.33654,1.33652,1.5,1
14-08-2014,00:16:02.211,1.33654,1.33652,1,1
14-08-2014,00:16:02.734,1.33655,1.33652,3.75,1
14-08-2014,00:16:03.746,1.33654,1.33652,1,1
14-08-2014,00:16:06.820,1.33654,1.33652,3.19,1
14-08-2014,00:16:18.215,1.33654,1.33651,4.8,1.5
14-08-2014,00:16:19.141,1.33654,1.33651,2.93,1.5
14-08-2014,00:16:19.773,1.33654,1.33651,3.87,1.5
14-08-2014,00:16:20.913,1.33654,1.33651,3.12,1.5
14-08-2014,00:16:21.642,1.33653,1.33651,1,1
14-08-2014,00:16:27.851,1.33652,1.3365,1,1
14-08-2014,00:16:27.953,1.33651,1.33648,2.63,2.25
14-08-2014,00:16:40.155,1.33651,1.33648,5.82,1
14-08-2014,00:16:41.175,1.33651,1.33648,6.57,1
14-08-2014,00:16:42.755,1.33651,1.33648,4.88,1
14-08-2014,00:16:46.494,1.33651,1.33647,5.82,1
14-08-2014,00:16:57.465,1.33651,1.3365,4.13,1
14-08-2014,00:16:57.920,1.33654,1.33652,5.07,1
14-08-2014,00:16:58.425,1.33655,1.33652,1.5,2.25
14-08-2014,00:17:17.985,1.33654,1.33652,1,2.44
14-08-2014,00:17:21.587,1.33654,1.33651,1,2.44
14-08-2014,00:17:24.946,1.33654,1.33651,1,3.19
14-08-2014,00:17:27.755,1.33654,1.33653,1,1
14-08-2014,00:17:58.212,1.33654,1.33651,2.25,1.5
14-08-2014,00:18:24.367,1.33654,1.33653,1,1
14-08-2014,00:18:24.619,1.33655,1.33651,4.17,3.19
14-08-2014,00:18:30.115,1.33655,1.33653,5.67,1
14-08-2014,00:18:30.636,1.33654,1.33653,1,1
14-08-2014,00:18:39.153,1.33653,1.33651,1,2.25
14-08-2014,00:18:54.413,1.33653,1.33652,1.5,1
14-08-2014,00:18:54.917,1.33654,1.33652,2.44,1
14-08-2014,00:18:59.308,1.33654,1.33652,3.94,1
14-08-2014,00:19:07.298,1.33654,1.33651,3.94,1
14-08-2014,00:19:12.262,1.33654,1.33651,3.94,1
14-08-2014,00:19:16.741,1.33654,1.33651,3,1
14-08-2014,00:19:27.577,1.33653,1.33651,1,1
14-08-2014,00:19:28.081,1.33653,1.3365,1.5,2.44
14-08-2014,00:19:31.603,1.33654,1.3365,2.82,2.82
14-08-2014,00:19:32.988,1.33654,1.3365,4.69,2.25
14-08-2014,00:19:41.903,1.33652,1.3365,1.25,1.5
14-08-2014,00:19:42.004,1.33651,1.33648,1,2.74
14-08-2014,00:19:42.508,1.3365,1.33648,3.38,1
14-08-2014,00:19:57.091,1.3365,1.33647,3.94,1
14-08-2014,00:20:02.187,1.33649,1.33647,1,1
14-08-2014,00:20:05.582,1.33649,1.33648,1,1
14-08-2014,00:20:06.238,1.33649,1.33646,1,2.44
14-08-2014,00:20:16.982,1.33648,1.33645,2.25,3
14-08-2014,00:20:17.134,1.33646,1.33645,1,2.25
14-08-2014,00:20:17.285,1.33646,1.33642,3.94,7.69
14-08-2014,00:20:17.804,1.33646,1.33642,3.94,5.44
14-08-2014,00:20:22.325,1.33645,1.33642,3,3
14-08-2014,00:20:22.426,1.33643,1.33641,1,1
14-08-2014,00:20:22.945,1.33642,1.3364,1,1.5
14-08-2014,00:20:32.253,1.33642,1.33639,3.19,1.5
14-08-2014,00:21:00.056,1.33641,1.33639,1,1.5
14-08-2014,00:21:00.575,1.3364,1.33639,2.25,1.5
14-08-2014,00:21:07.639,1.3364,1.33638,1.5,1.5
14-08-2014,00:21:08.968,1.33641,1.33638,2.44,1.5
14-08-2014,00:21:09.485,1.3364,1.33638,1.5,1.5
14-08-2014,00:21:14.254,1.3364,1.33639,1.5,1.5
14-08-2014,00:21:22.857,1.3364,1.33637,2.25,1.69
14-08-2014,00:21:25.386,1.3364,1.33638,2.25,1.5
14-08-2014,00:21:33.358,1.33638,1.33636,1,2.07
14-08-2014,00:21:33.560,1.33639,1.33637,1,1.5
14-08-2014,00:21:33.662,1.33637,1.33635,1,4.13
14-08-2014,00:21:33.967,1.33634,1.33631,1,2.82
14-08-2014,00:21:34.472,1.33635,1.33632,1,3.19
14-08-2014,00:21:34.775,1.33636,1.33635,1,2.25
14-08-2014,00:21:35.027,1.33638,1.33635,1.5,3.94
14-08-2014,00:21:36.146,1.33638,1.33635,1,6.57
14-08-2014,00:21:36.897,1.33638,1.33637,1,1.5
14-08-2014,00:21:54.829,1.33638,1.33636,1,3.19
14-08-2014,00:21:54.981,1.3364,1.33637,2.25,3.19
14-08-2014,00:21:55.559,1.3364,1.33638,1.5,1.5
14-08-2014,00:22:14.827,1.33639,1.33637,1,5.44
14-08-2014,00:22:16.633,1.33639,1.33637,1,2.25
14-08-2014,00:22:17.761,1.33639,1.33637,1,2.44
14-08-2014,00:22:25.645,1.33639,1.33637,1,1.69
14-08-2014,00:22:28.382,1.33639,1.33637,1,3.19
14-08-2014,00:22:28.887,1.33639,1.33637,1,1.5
14-08-2014,00:22:29.450,1.33638,1.33637,1,2.55
14-08-2014,00:22:35.962,1.3364,1.33638,1.5,1.5
14-08-2014,00:22:36.166,1.33639,1.33637,1.5,1.5
14-08-2014,00:22:36.268,1.33636,1.33635,1,1
14-08-2014,00:22:36.370,1.33635,1.33634,1,1
14-08-2014,00:22:36.471,1.33633,1.33631,1.5,2.25
14-08-2014,00:22:36.775,1.33636,1.33633,2.44,4
14-08-2014,00:22:37.282,1.33636,1.33635,1,2.25
14-08-2014,00:22:46.402,1.33637,1.33635,1,3.19
14-08-2014,00:22:50.258,1.33638,1.33636,1,1.5
14-08-2014,00:22:50.661,1.33639,1.33638,1.5,2.25
14-08-2014,00:22:51.166,1.3364,1.33638,1.5,4.05
14-08-2014,00:22:51.670,1.33639,1.33638,1,2.93
14-08-2014,00:22:52.427,1.33639,1.33637,1,4.62
14-08-2014,00:22:52.937,1.33639,1.33638,1,2.55
14-08-2014,00:22:53.459,1.3364,1.33639,1,1.5
14-08-2014,00:22:53.971,1.33639,1.33638,1,1.5
14-08-2014,00:22:58.484,1.33639,1.33637,1,6.12
14-08-2014,00:22:59.010,1.33639,1.33638,1,1
14-08-2014,00:22:59.523,1.33639,1.33637,1,6.12
14-08-2014,00:23:00.040,1.33639,1.33637,1,4.62
14-08-2014,00:23:00.394,1.33639,1.33637,1.35,1.8
14-08-2014,00:23:00.545,1.33637,1.33635,1.5,3
14-08-2014,00:23:01.074,1.33637,1.33635,1.5,1.32
14-08-2014,00:23:04.004,1.33638,1.33636,2.25,1
14-08-2014,00:23:04.561,1.33637,1.33636,1,4.99
14-08-2014,00:23:11.808,1.33638,1.33636,1.5,1.99
14-08-2014,00:23:24.803,1.33638,1.33637,1,1.25
14-08-2014,00:23:25.605,1.33638,1.33636,1,1.99
14-08-2014,00:23:26.139,1.33638,1.33636,1,1.99
14-08-2014,00:23:34.110,1.33638,1.33636,1,1.99
14-08-2014,00:23:35.605,1.33638,1.33637,1,1.8
14-08-2014,00:24:32.443,1.33638,1.33635,2.25,1.99
14-08-2014,00:24:32.595,1.33637,1.33635,1,4.5
14-08-2014,00:24:33.100,1.33636,1.33635,1,7.13
14-08-2014,00:25:04.541,1.33637,1.33636,1,1.5
14-08-2014,00:25:05.049,1.33637,1.33635,1,4.43
14-08-2014,00:25:39.322,1.33637,1.33636,1,1.5
14-08-2014,00:25:47.722,1.33637,1.33635,1,7.88
14-08-2014,00:25:50.540,1.33637,1.33636,1,1.5
14-08-2014,00:25:51.043,1.33637,1.33635,1,7.13
14-08-2014,00:25:57.225,1.33637,1.33635,1.5,5.82
14-08-2014,00:25:57.679,1.3364,1.33636,2.25,5.63
14-08-2014,00:25:58.183,1.3364,1.33638,1,1.88
14-08-2014,00:25:58.704,1.33641,1.33639,2.44,1
14-08-2014,00:25:59.209,1.33639,1.33638,1,1.5
14-08-2014,00:26:09.481,1.33641,1.33638,5.07,1.5
14-08-2014,00:26:09.683,1.33639,1.33638,1,1.5
14-08-2014,00:26:09.987,1.33638,1.33637,1,1.5
14-08-2014,00:26:10.491,1.33638,1.33636,1,1.69
14-08-2014,00:26:10.794,1.33639,1.33638,1.5,2.25
14-08-2014,00:26:11.746,1.3364,1.33639,1,1
14-08-2014,00:26:11.796,1.33641,1.33639,1.5,1
14-08-2014,00:26:12.342,1.33642,1.33639,1.5,1.5
14-08-2014,00:26:26.789,1.33642,1.33638,2.44,4.32
14-08-2014,00:26:27.570,1.33642,1.33639,2.44,1
14-08-2014,00:26:27.722,1.33642,1.33641,1.5,1.54
14-08-2014,00:26:28.025,1.33646,1.33645,1,4.13
14-08-2014,00:26:28.127,1.33648,1.33645,2.25,4.13
14-08-2014,00:26:38.608,1.33646,1.33645,3.75,1
14-08-2014,00:26:38.709,1.33646,1.33644,2.25,1
14-08-2014,00:26:38.810,1.33647,1.33645,1,4.13
14-08-2014,00:26:39.114,1.33645,1.33644,1,1.32
14-08-2014,00:26:39.618,1.33645,1.33643,1,1.88
14-08-2014,00:26:40.123,1.33645,1.33644,1,1
14-08-2014,00:26:40.730,1.33645,1.33643,1,2.07
14-08-2014,00:26:41.768,1.33645,1.33644,1,1
14-08-2014,00:26:42.471,1.33645,1.33643,1,2.07
14-08-2014,00:26:43.002,1.33645,1.33644,1,1
14-08-2014,00:26:44.024,1.33645,1.33643,1,2.07
14-08-2014,00:26:44.818,1.33645,1.33644,1,1
14-08-2014,00:26:46.335,1.33645,1.33643,1,1.88
14-08-2014,00:26:46.845,1.33645,1.33644,1,1
14-08-2014,00:26:47.145,1.33645,1.33642,1,2.44
14-08-2014,00:27:05.855,1.33645,1.33643,1,1
14-08-2014,00:27:11.134,1.33645,1.33644,1,1.5
14-08-2014,00:27:11.388,1.33648,1.33646,2.25,1
14-08-2014,00:27:11.691,1.33646,1.33645,2.63,1
14-08-2014,00:27:11.792,1.33646,1.33643,3.75,1
14-08-2014,00:27:17.990,1.33646,1.33644,1.5,1
14-08-2014,00:27:18.529,1.33646,1.33643,1.5,1.88
14-08-2014,00:27:26.533,1.33645,1.33643,1,1.25
14-08-2014,00:27:27.038,1.33644,1.33642,1.25,1
14-08-2014,00:27:27.542,1.33643,1.33642,1,1
14-08-2014,00:27:32.170,1.33643,1.33641,1,1.88
14-08-2014,00:28:20.944,1.33643,1.3364,3.75,1.32
14-08-2014,00:29:03.118,1.33643,1.3364,2.44,1.5
14-08-2014,00:29:18.777,1.33643,1.3364,2.44,1.13
14-08-2014,00:29:38.985,1.33643,1.3364,1.5,3.75
14-08-2014,00:31:05.800,1.33644,1.33641,1.5,1.5
14-08-2014,00:31:36.710,1.33643,1.33641,1,1.25
14-08-2014,00:32:08.604,1.33644,1.33643,1,1
14-08-2014,00:32:08.908,1.33647,1.33646,1,1.25
14-08-2014,00:32:09.261,1.3365,1.33647,8.25,1
14-08-2014,00:32:14.000,1.33649,1.33647,1,1.25
14-08-2014,00:32:17.397,1.3365,1.33647,3.75,1.25
14-08-2014,00:32:38.412,1.33649,1.33646,1,6.19
14-08-2014,00:32:40.875,1.33649,1.33646,1,5.44
14-08-2014,00:32:43.712,1.3365,1.33646,5.25,6.94
14-08-2014,00:32:52.690,1.33649,1.33646,1,5.44
14-08-2014,00:33:08.651,1.33649,1.33646,1,3
14-08-2014,00:33:25.141,1.33649,1.33647,1,1
14-08-2014,00:33:31.544,1.33649,1.33646,1,3.94
14-08-2014,00:33:32.110,1.33649,1.33647,1,1
14-08-2014,00:33:42.014,1.3365,1.33647,4.69,1
14-08-2014,00:33:53.176,1.3365,1.33646,4.54,3
14-08-2014,00:33:53.686,1.33649,1.33646,1,1.5
14-08-2014,00:34:11.015,1.3365,1.33646,4.92,3.19
14-08-2014,00:34:13.007,1.33649,1.33646,1,3
14-08-2014,00:34:29.493,1.33648,1.33646,1,1.5
14-08-2014,00:34:43.312,1.33648,1.33646,4.35,1
14-08-2014,00:34:43.441,1.33647,1.33645,1,2.25
14-08-2014,00:34:44.921,1.33647,1.33643,1.5,5.44
14-08-2014,00:34:45.799,1.33646,1.33643,1,2.25
14-08-2014,00:34:46.318,1.33646,1.33642,3.19,2.44
14-08-2014,00:34:46.829,1.33646,1.33642,3.94,2.44
14-08-2014,00:35:14.043,1.33645,1.33641,1,3.94
14-08-2014,00:35:14.572,1.33645,1.33642,1,1.5
14-08-2014,00:35:19.436,1.33643,1.33642,1,1
14-08-2014,00:35:20.057,1.33643,1.33641,1.5,1.5
14-08-2014,00:35:28.709,1.33644,1.33641,1.5,1.69
14-08-2014,00:35:32.437,1.33644,1.33642,1.5,1
14-08-2014,00:35:33.144,1.33644,1.33641,1.5,1.69
14-08-2014,00:35:33.693,1.33644,1.33642,1.5,1
14-08-2014,00:35:34.205,1.33644,1.33641,1.5,1.69
14-08-2014,00:35:34.719,1.33644,1.33642,1.5,1
14-08-2014,00:35:35.281,1.33644,1.33641,1.5,1.69
14-08-2014,00:35:35.843,1.33644,1.33642,1.5,1
14-08-2014,00:35:36.457,1.33644,1.33641,1.5,1.69
14-08-2014,00:35:36.967,1.33644,1.33642,1.5,1
14-08-2014,00:35:37.687,1.33644,1.33641,1.5,1.25
14-08-2014,00:35:50.517,1.33644,1.33642,1,1
14-08-2014,00:36:02.539,1.33644,1.33641,1,3.19
14-08-2014,00:36:08.241,1.33644,1.33642,1,1
14-08-2014,00:36:38.977,1.33644,1.33643,1.5,1
14-08-2014,00:36:39.027,1.33646,1.33643,1.5,1
14-08-2014,00:36:41.961,1.33646,1.33645,1,1
14-08-2014,00:36:42.124,1.33648,1.33645,1.69,1.13
14-08-2014,00:36:42.630,1.33648,1.33646,1.5,1.5
14-08-2014,00:37:01.302,1.33648,1.33646,1,1.69
14-08-2014,00:37:07.661,1.33648,1.33646,1,1
14-08-2014,00:37:08.375,1.33649,1.33646,1.5,1
14-08-2014,00:37:09.539,1.33647,1.33646,1,1
14-08-2014,00:37:10.677,1.33647,1.33645,1,4.88
14-08-2014,00:37:11.228,1.33647,1.33646,1,1
14-08-2014,00:37:15.839,1.33649,1.33646,1,1.69
14-08-2014,00:37:16.343,1.33649,1.33647,1,4.05
14-08-2014,00:39:07.067,1.33649,1.33648,1,1
14-08-2014,00:39:07.571,1.3365,1.33648,2.48,1
14-08-2014,00:39:13.867,1.33649,1.33647,1,1.25
14-08-2014,00:39:14.416,1.33648,1.33647,1,1
14-08-2014,00:39:15.926,1.3365,1.33648,2.07,1
14-08-2014,00:39:17.391,1.3365,1.33648,2.44,1
14-08-2014,00:39:22.341,1.3365,1.33648,4.92,1
14-08-2014,00:39:22.847,1.33649,1.33648,1,1
14-08-2014,00:39:29.114,1.33649,1.33647,1,1.05
14-08-2014,00:39:39.484,1.33649,1.33646,1,4.99
14-08-2014,00:39:42.237,1.33648,1.33646,1,4.05
14-08-2014,00:39:55.098,1.33648,1.33647,1,1
14-08-2014,00:40:04.592,1.33648,1.33645,1.5,7.62
14-08-2014,00:40:17.432,1.33648,1.33647,2.25,1
14-08-2014,00:40:24.992,1.33648,1.33646,1,1.25
14-08-2014,00:40:47.799,1.33647,1.33646,3,1
14-08-2014,00:40:48.204,1.33645,1.33644,1,1
14-08-2014,00:40:58.999,1.33646,1.33644,2.07,1
14-08-2014,00:41:02.588,1.33644,1.33641,5.1,3.38
14-08-2014,00:41:02.640,1.33642,1.33639,7.36,4.5
14-08-2014,00:41:02.791,1.33639,1.33638,1,1.5
14-08-2014,00:41:02.994,1.3364,1.33636,7.5,5.44
14-08-2014,00:41:03.599,1.33639,1.33636,1.5,3.19
14-08-2014,00:41:04.220,1.3364,1.33636,8.25,2.44
14-08-2014,00:41:04.825,1.33639,1.33636,1.5,2.44
14-08-2014,00:41:06.264,1.3364,1.33638,4.5,1
14-08-2014,00:41:08.868,1.3364,1.33638,7.5,1
14-08-2014,00:41:09.398,1.33639,1.33636,1,1.69
14-08-2014,00:41:09.968,1.3364,1.33638,6.75,1
14-08-2014,00:41:10.469,1.33639,1.33637,1,1.5
14-08-2014,00:41:11.096,1.3364,1.33638,7.5,1
14-08-2014,00:41:11.658,1.33639,1.33637,1,1.5
14-08-2014,00:41:12.676,1.3364,1.33638,6.75,1
14-08-2014,00:41:13.303,1.33639,1.33637,1,1.5
14-08-2014,00:41:13.807,1.3364,1.33638,6.38,1
14-08-2014,00:41:14.330,1.33639,1.33637,1,1.5
14-08-2014,00:41:14.942,1.3364,1.33638,6.57,1
14-08-2014,00:41:16.246,1.33639,1.33637,1,1.5
14-08-2014,00:41:17.104,1.3364,1.33638,6.57,1
14-08-2014,00:41:17.619,1.33639,1.33637,1,1.5
14-08-2014,00:41:18.285,1.3364,1.33638,6.75,1
14-08-2014,00:41:18.849,1.33639,1.33637,1,1.5
14-08-2014,00:41:19.714,1.3364,1.33638,5.63,1
14-08-2014,00:41:20.228,1.33639,1.33637,1.5,1.69
14-08-2014,00:41:21.358,1.3364,1.33638,6.75,1
14-08-2014,00:41:21.864,1.33639,1.33636,1,3.94
14-08-2014,00:41:22.373,1.3364,1.33638,5.63,1
14-08-2014,00:41:22.890,1.33639,1.33636,1,3.94
14-08-2014,00:41:24.023,1.3364,1.33638,5.07,1
14-08-2014,00:41:24.524,1.33639,1.33637,1,1.5
14-08-2014,00:41:25.240,1.3364,1.33638,7.69,1
14-08-2014,00:41:25.868,1.33641,1.33638,9.98,1
14-08-2014,00:41:26.421,1.33639,1.33637,1,1.5
14-08-2014,00:41:27.087,1.3364,1.33636,5.07,1.69
14-08-2014,00:41:27.600,1.33639,1.33637,1,1.5
14-08-2014,00:41:28.110,1.3364,1.33637,4.32,1.5
14-08-2014,00:41:28.623,1.33639,1.33637,1,1.69
14-08-2014,00:41:29.438,1.3364,1.33637,4.13,1.69
14-08-2014,00:41:49.316,1.33639,1.33637,1.5,1.69
14-08-2014,00:41:50.142,1.33639,1.33638,2.25,1
14-08-2014,00:41:56.280,1.33639,1.33638,1.5,1
14-08-2014,00:41:56.792,1.33639,1.33637,1,1.5
14-08-2014,00:42:02.101,1.33639,1.33638,1,1
14-08-2014,00:42:04.545,1.33639,1.33637,1.5,2.55
14-08-2014,00:42:05.315,1.33638,1.33637,1.5,1.5
14-08-2014,00:42:21.175,1.33639,1.33637,1,3.3
14-08-2014,00:42:32.439,1.33638,1.33637,1.5,1.5
14-08-2014,00:42:40.681,1.33639,1.33637,1.5,1.5
14-08-2014,00:43:04.705,1.33638,1.33637,1.5,1
14-08-2014,00:43:04.958,1.33637,1.33635,1,9.94
14-08-2014,00:43:05.109,1.33639,1.33635,3.19,5.44
14-08-2014,00:43:05.412,1.33639,1.33637,3,1
14-08-2014,00:43:05.925,1.33639,1.33635,3.75,9.12
14-08-2014,00:43:06.473,1.33638,1.33635,2.25,8.07
14-08-2014,00:43:07.375,1.33638,1.33637,2.25,1
14-08-2014,00:43:16.069,1.33639,1.33637,2.44,1
14-08-2014,00:43:16.120,1.33638,1.33634,5.35,5.25
14-08-2014,00:43:16.171,1.33636,1.33634,2.85,1
14-08-2014,00:43:16.373,1.33634,1.33633,1.13,1
14-08-2014,00:43:16.899,1.33634,1.33632,1.5,1
14-08-2014,00:43:18.524,1.33633,1.33632,1.5,1
14-08-2014,00:43:19.552,1.33632,1.3363,1.5,1.55
14-08-2014,00:43:21.129,1.33633,1.33631,2.25,1
14-08-2014,00:43:27.305,1.33632,1.3363,1,1.69
14-08-2014,00:43:31.450,1.33631,1.3363,1.5,1
14-08-2014,00:43:31.955,1.33632,1.3363,2.82,1
14-08-2014,00:43:47.613,1.33632,1.3363,6.04,1
14-08-2014,00:43:47.867,1.3363,1.33629,1.13,1
14-08-2014,00:43:52.400,1.33629,1.33626,2.5,2.44
14-08-2014,00:44:01.338,1.33629,1.33625,1,13.69
14-08-2014,00:44:07.127,1.33629,1.33627,3.38,1
14-08-2014,00:44:07.530,1.33628,1.33625,2.82,1.5
14-08-2014,00:44:08.085,1.33628,1.33626,3.57,1
14-08-2014,00:44:08.641,1.33628,1.33625,3.57,5.25
14-08-2014,00:44:09.153,1.33628,1.33626,3.57,1
14-08-2014,00:44:16.575,1.33627,1.33626,1,1.5
14-08-2014,00:44:20.663,1.33628,1.33626,1.69,1
14-08-2014,00:44:28.164,1.33627,1.33626,1,1.5
14-08-2014,00:44:29.102,1.33627,1.33625,1.5,5.25
14-08-2014,00:44:29.707,1.33627,1.33626,1.5,1
14-08-2014,00:44:30.214,1.33627,1.33625,1.5,7.13
14-08-2014,00:44:30.844,1.33627,1.33626,1.5,1
14-08-2014,00:44:31.702,1.33627,1.33625,1.5,6.75
14-08-2014,00:44:32.773,1.33627,1.33626,1.5,1
14-08-2014,00:44:34.198,1.33627,1.33625,1.5,6.75
14-08-2014,00:44:34.705,1.33627,1.33626,1.5,1
14-08-2014,00:44:35.209,1.33627,1.33625,1.5,3.57
14-08-2014,00:44:35.723,1.33627,1.33626,1.5,1
14-08-2014,00:44:36.237,1.33627,1.33625,1.5,3.57
14-08-2014,00:44:36.747,1.33627,1.33626,1.5,1.5
14-08-2014,00:44:41.096,1.33627,1.33625,1.69,1.5
14-08-2014,00:44:41.349,1.33626,1.33624,2.44,1
14-08-2014,00:44:42.182,1.33626,1.33624,2.07,1
14-08-2014,00:44:42.687,1.33625,1.33624,1.88,1
14-08-2014,00:44:43.070,1.33627,1.33625,1,2.25
14-08-2014,00:44:43.373,1.33629,1.33626,1.88,4.35
14-08-2014,00:44:43.575,1.33631,1.33629,4.69,1
14-08-2014,00:44:44.081,1.33631,1.33629,3.19,1
14-08-2014,00:44:58.767,1.33631,1.33628,3.19,2.25
14-08-2014,00:44:59.078,1.33629,1.33628,1,2.25
14-08-2014,00:44:59.382,1.33627,1.33626,1,1.5
14-08-2014,00:44:59.786,1.33628,1.33626,1.5,1.5
14-08-2014,00:45:02.232,1.33629,1.33626,1.13,1.5
14-08-2014,00:45:12.231,1.3363,1.33626,7.32,1.69
14-08-2014,00:45:15.192,1.3363,1.33628,3.75,1
14-08-2014,00:45:15.754,1.33629,1.33627,1.13,1.25
14-08-2014,00:45:22.033,1.3363,1.33626,6.75,1.69
14-08-2014,00:45:26.309,1.3363,1.33628,1.5,1.25
14-08-2014,00:45:26.461,1.33632,1.33629,3,1.5
14-08-2014,00:45:26.512,1.33632,1.33629,2.25,4.69
14-08-2014,00:45:26.664,1.33634,1.3363,4.5,3.94
14-08-2014,00:45:26.866,1.33636,1.33634,2.25,4.13
14-08-2014,00:45:26.967,1.33639,1.33636,2.25,1
14-08-2014,00:45:27.270,1.33641,1.33639,7.13,1
14-08-2014,00:45:28.268,1.33641,1.33639,4.13,1
14-08-2014,00:45:28.884,1.3364,1.33637,1,3.94
14-08-2014,00:45:32.314,1.33641,1.33639,4.13,1
14-08-2014,00:45:42.786,1.33641,1.33639,3,1
14-08-2014,00:45:51.686,1.33641,1.33639,1.5,1
14-08-2014,00:45:57.005,1.33641,1.33639,1.5,1.25
14-08-2014,00:46:02.764,1.3364,1.33638,1.5,1.25
14-08-2014,00:46:02.966,1.33639,1.33637,1.5,1.5
14-08-2014,00:46:16.898,1.3364,1.33638,5.25,1
14-08-2014,00:46:25.300,1.3364,1.33638,5.25,1
14-08-2014,00:46:32.314,1.33642,1.33638,3,1
14-08-2014,00:46:32.819,1.33641,1.33639,3.94,1
14-08-2014,00:46:38.363,1.3364,1.33638,1,1
14-08-2014,00:46:41.941,1.3364,1.33638,1,3.19
14-08-2014,00:46:43.236,1.3364,1.33638,1,3.19
14-08-2014,00:46:48.785,1.33641,1.33638,3.38,1
14-08-2014,00:46:50.373,1.3364,1.33638,1,1
14-08-2014,00:46:53.718,1.3364,1.33638,4.5,1
14-08-2014,00:46:56.729,1.33641,1.33639,3.94,1
14-08-2014,00:46:57.234,1.33641,1.3364,1.5,1
14-08-2014,00:46:58.866,1.3364,1.33638,1,2.44
14-08-2014,00:46:59.957,1.33641,1.33639,3.75,1
14-08-2014,00:47:01.987,1.3364,1.33638,1,2.44
14-08-2014,00:47:03.115,1.33641,1.33639,3.38,1
14-08-2014,00:47:07.206,1.3364,1.33637,1,1.25
14-08-2014,00:47:15.549,1.33641,1.33639,4.5,1
14-08-2014,00:47:42.652,1.33642,1.3364,2.25,1
14-08-2014,00:47:43.180,1.33641,1.3364,1,1
14-08-2014,00:47:43.845,1.33642,1.3364,3.75,1
14-08-2014,00:47:44.371,1.33641,1.3364,1,1
14-08-2014,00:47:44.724,1.33639,1.33637,1.5,1
14-08-2014,00:47:44.877,1.33638,1.33636,1,1
14-08-2014,00:47:45.028,1.33637,1.33635,1,3.94
14-08-2014,00:47:45.180,1.33636,1.33634,3,1
14-08-2014,00:47:45.685,1.33634,1.33633,1,1
14-08-2014,00:47:46.189,1.33635,1.33633,5.07,1
14-08-2014,00:47:46.694,1.33634,1.33632,2.25,1
14-08-2014,00:47:47.209,1.33633,1.3363,1,1.62
14-08-2014,00:47:51.866,1.33634,1.33632,3,1
14-08-2014,00:47:59.188,1.33633,1.3363,1,1.43
14-08-2014,00:48:13.061,1.33634,1.33632,3,1
14-08-2014,00:48:25.243,1.33634,1.33632,3.57,1
14-08-2014,00:48:25.752,1.33634,1.33632,4.69,1
14-08-2014,00:48:28.774,1.33634,1.3363,3.94,3.38
14-08-2014,00:48:38.018,1.33633,1.33631,1.25,1.88
14-08-2014,00:49:08.180,1.33633,1.33631,1.25,1
14-08-2014,00:49:29.226,1.33634,1.33632,1.69,1
14-08-2014,00:49:32.025,1.33634,1.3363,1.69,1.99
14-08-2014,00:49:32.561,1.33633,1.3363,1,1.99
14-08-2014,00:49:35.663,1.33633,1.33632,1,1
14-08-2014,00:50:00.854,1.33633,1.3363,1,1.13
14-08-2014,00:50:01.106,1.33633,1.33631,1,1
14-08-2014,00:50:12.548,1.33634,1.33632,2.82,1
14-08-2014,00:50:15.954,1.33633,1.33631,1,1
14-08-2014,00:50:31.205,1.33634,1.33631,2.25,1
14-08-2014,00:50:53.251,1.33634,1.33632,2.44,1
14-08-2014,00:51:13.872,1.33635,1.33632,3.57,1
14-08-2014,00:51:33.287,1.33635,1.33631,4.32,3
14-08-2014,00:51:37.042,1.33635,1.33631,5.07,3
14-08-2014,00:51:38.993,1.33635,1.33633,4.32,1
14-08-2014,00:51:39.537,1.33635,1.33633,2.82,1.5
14-08-2014,00:51:49.759,1.33635,1.33631,2.82,3.19
14-08-2014,00:51:50.670,1.33635,1.33631,2.82,3
14-08-2014,00:51:54.036,1.33635,1.33631,3.57,3
14-08-2014,00:52:02.153,1.33635,1.33631,3.94,3
14-08-2014,00:52:07.179,1.33635,1.33631,1.69,3.57
14-08-2014,00:52:09.927,1.33635,1.33632,1.69,1
14-08-2014,00:52:30.143,1.33635,1.33632,2.44,1
14-08-2014,00:52:30.653,1.33635,1.33631,3.19,2.63
14-08-2014,00:52:32.110,1.33635,1.33631,1.5,1.88
14-08-2014,00:52:33.495,1.33635,1.33632,1.5,1
14-08-2014,00:52:34.121,1.33635,1.33633,2.25,1
14-08-2014,00:52:41.687,1.33635,1.33632,2.07,1.5
14-08-2014,00:53:04.992,1.33635,1.33633,3.94,1
14-08-2014,00:53:12.914,1.33634,1.33632,1,1.5
14-08-2014,00:53:26.283,1.33634,1.33632,1,1
14-08-2014,00:53:26.789,1.33634,1.33632,1.5,1
14-08-2014,00:53:34.274,1.33634,1.33633,1.5,1
14-08-2014,00:53:36.777,1.33633,1.33632,1,1
14-08-2014,00:53:37.293,1.33633,1.33632,1.5,1
14-08-2014,00:53:49.466,1.33633,1.33631,1.5,1.5
14-08-2014,00:53:53.293,1.33633,1.33632,1.5,1
14-08-2014,00:53:54.715,1.33634,1.33632,1.13,1
14-08-2014,00:54:00.564,1.33633,1.33631,2.25,1.5
14-08-2014,00:54:11.952,1.33632,1.33629,1,5.07
14-08-2014,00:54:12.053,1.33631,1.33629,1,3.38
14-08-2014,00:54:12.356,1.33629,1.33627,2.25,1.5
14-08-2014,00:54:12.533,1.3363,1.33628,5.29,1
14-08-2014,00:54:13.038,1.33629,1.33628,1,1
14-08-2014,00:54:15.483,1.3363,1.33628,3.19,1
14-08-2014,00:54:17.179,1.33629,1.33628,1,1
14-08-2014,00:54:24.400,1.33629,1.33627,2.13,2.25
14-08-2014,00:54:24.913,1.33629,1.33627,1.13,2.25
14-08-2014,00:54:28.420,1.33629,1.33626,4.5,1.25
14-08-2014,00:54:28.776,1.33626,1.33624,3.75,1
14-08-2014,00:54:29.332,1.33625,1.33624,1,1
14-08-2014,00:54:30.045,1.33626,1.33624,5.85,1
14-08-2014,00:54:30.563,1.33625,1.33624,1,1
14-08-2014,00:54:31.531,1.33626,1.33624,4.35,1
14-08-2014,00:54:32.090,1.33625,1.33624,1,1
14-08-2014,00:54:33.468,1.33626,1.33624,4.35,1
14-08-2014,00:54:33.981,1.33625,1.33624,1,1
14-08-2014,00:54:35.027,1.33626,1.33624,4.35,1
14-08-2014,00:54:35.671,1.33625,1.33624,1,1
14-08-2014,00:54:36.186,1.33626,1.33624,5.85,1
14-08-2014,00:54:36.800,1.33626,1.33624,4.35,1
14-08-2014,00:54:37.587,1.33626,1.33624,4.35,1
14-08-2014,00:54:38.114,1.33626,1.33624,5.1,1
14-08-2014,00:54:38.931,1.33626,1.33624,4.35,1
14-08-2014,00:54:39.441,1.33626,1.33624,4.35,1
14-08-2014,00:54:44.586,1.33626,1.33624,4.65,1
14-08-2014,00:54:45.092,1.33626,1.33624,4.65,1
14-08-2014,00:54:45.902,1.33626,1.33624,4.65,1
14-08-2014,00:54:46.434,1.33625,1.33623,1.17,1
14-08-2014,00:54:48.195,1.33626,1.33624,4.47,1
14-08-2014,00:54:48.729,1.33626,1.33623,4.47,1.25
14-08-2014,00:54:49.234,1.33625,1.33624,1.17,1
14-08-2014,00:54:49.739,1.33626,1.33624,1,1
14-08-2014,00:54:50.244,1.33627,1.33626,1,3.23
14-08-2014,00:54:50.547,1.33632,1.3363,1.5,6
14-08-2014,00:54:50.951,1.33634,1.33632,1.5,1
14-08-2014,00:54:54.880,1.33633,1.33632,1.5,1
14-08-2014,00:54:57.339,1.33634,1.33632,1.5,1
14-08-2014,00:54:57.642,1.33633,1.33631,1.5,3.75
14-08-2014,00:55:00.124,1.33633,1.33632,1.5,1.5
14-08-2014,00:55:00.175,1.33635,1.33633,1.5,5.1
14-08-2014,00:55:00.276,1.33635,1.33634,1.5,5.1
14-08-2014,00:55:00.377,1.33636,1.33635,1,5.85
14-08-2014,00:55:00.479,1.33637,1.33635,1,6.98
14-08-2014,00:55:00.531,1.33637,1.33636,1,1
14-08-2014,00:55:00.587,1.33639,1.33636,2.25,1
14-08-2014,00:55:01.054,1.33639,1.33638,1,1
14-08-2014,00:55:01.926,1.33639,1.33636,1.5,1.5
14-08-2014,00:55:02.432,1.33638,1.33635,1.25,1
14-08-2014,00:55:02.547,1.33636,1.33635,1,1
14-08-2014,00:55:03.062,1.33636,1.33634,1.5,1
14-08-2014,00:55:03.576,1.33637,1.33635,1.5,1
14-08-2014,00:55:04.345,1.33638,1.33635,2.74,1.5
14-08-2014,00:55:04.912,1.33638,1.33636,1.24,1
14-08-2014,00:55:05.266,1.3364,1.33637,4.99,1.5
14-08-2014,00:55:05.670,1.3364,1.33639,1,1.5
14-08-2014,00:55:05.771,1.33643,1.33639,3.94,3.19
14-08-2014,00:55:05.923,1.33643,1.33641,1.69,1
14-08-2014,00:55:06.326,1.33641,1.3364,1,1.5
14-08-2014,00:55:06.679,1.33641,1.33639,1,2.44
14-08-2014,00:55:07.184,1.33642,1.33639,1.69,2.25
14-08-2014,00:55:10.794,1.33643,1.3364,3.94,1
14-08-2014,00:55:11.196,1.33644,1.33642,5.44,1
14-08-2014,00:55:12.109,1.33644,1.33641,4.5,1.5
14-08-2014,00:55:12.774,1.33644,1.33642,4.5,1
14-08-2014,00:55:15.094,1.33644,1.33641,2.44,1.5
14-08-2014,00:55:16.438,1.33644,1.33641,4.67,1.5
14-08-2014,00:55:17.611,1.33644,1.33642,4.97,1
14-08-2014,00:55:18.267,1.33644,1.33642,1.5,1
14-08-2014,00:55:18.776,1.33645,1.33643,7.69,1
14-08-2014,00:55:19.434,1.33645,1.33643,5.44,1.5
14-08-2014,00:55:35.303,1.33646,1.33644,2.63,1
14-08-2014,00:55:35.404,1.33647,1.33644,1.25,1.5
14-08-2014,00:55:35.556,1.33647,1.33646,1,1.88
14-08-2014,00:55:35.658,1.33649,1.33647,1,1
14-08-2014,00:55:35.961,1.33648,1.33647,1,1.5
14-08-2014,00:55:36.112,1.33647,1.33645,2.25,5.63
14-08-2014,00:55:36.314,1.33646,1.33643,3.75,3.75
14-08-2014,00:55:36.819,1.33646,1.33643,2.25,2.44
14-08-2014,00:55:36.869,1.33647,1.33643,5.44,2.44
14-08-2014,00:55:38.058,1.33647,1.33644,5.44,1
14-08-2014,00:55:38.563,1.33647,1.33643,5.44,2.44
14-08-2014,00:55:41.902,1.33646,1.33643,1,1.69
14-08-2014,00:55:52.947,1.33645,1.33643,4.5,2.44
14-08-2014,00:55:57.130,1.33644,1.33641,1,4.32
14-08-2014,00:55:57.484,1.33642,1.3364,1,2.25
14-08-2014,00:55:57.686,1.33642,1.33638,3.19,2.44
14-08-2014,00:55:57.788,1.3364,1.33639,1,1
14-08-2014,00:55:58.292,1.3364,1.33638,1,1.25
14-08-2014,00:56:00.759,1.3364,1.33638,1,1.5
14-08-2014,00:56:01.143,1.33639,1.33637,1,1
14-08-2014,00:56:01.194,1.33638,1.33636,1.5,2.44
14-08-2014,00:56:01.396,1.33637,1.33634,2.25,2.44
14-08-2014,00:56:01.699,1.33635,1.33633,1,1.5
14-08-2014,00:56:02.285,1.33635,1.33632,2.44,2.07
14-08-2014,00:56:07.251,1.33633,1.33632,1,1.13
14-08-2014,00:56:07.555,1.33632,1.33631,1,1
14-08-2014,00:56:07.606,1.33632,1.3363,1,2.44
14-08-2014,00:56:07.657,1.33632,1.3363,1,1.5
14-08-2014,00:56:09.530,1.3363,1.33628,1,1.5
14-08-2014,00:56:09.581,1.3363,1.33628,1,1
14-08-2014,00:56:10.085,1.33629,1.33628,1,1.13
14-08-2014,00:56:10.591,1.33629,1.33627,1,2.44
14-08-2014,00:56:12.609,1.33629,1.33627,1,1.69
14-08-2014,00:56:12.811,1.3363,1.33627,1,1.69
14-08-2014,00:56:19.591,1.3363,1.33628,1,1
14-08-2014,00:56:20.095,1.3363,1.33627,1,2.82
14-08-2014,00:56:20.651,1.3363,1.33628,1,1
14-08-2014,00:56:22.291,1.3363,1.33627,1,2.44
14-08-2014,00:56:22.799,1.3363,1.33628,1,1
14-08-2014,00:56:23.413,1.3363,1.33627,1,2.44
14-08-2014,00:56:23.946,1.3363,1.33628,1,1
14-08-2014,00:56:24.702,1.3363,1.33627,1,2.44
14-08-2014,00:56:25.243,1.3363,1.33628,1.32,1
14-08-2014,00:56:25.858,1.3363,1.33627,1.32,3
14-08-2014,00:56:26.367,1.33629,1.33627,1,3.19
14-08-2014,00:56:26.469,1.33631,1.33627,3,3.19
14-08-2014,00:56:27.012,1.33631,1.33628,1.69,1
14-08-2014,00:56:28.012,1.33631,1.33627,2.44,3.94
14-08-2014,00:56:28.523,1.33631,1.33627,1.5,6.19
14-08-2014,00:56:30.292,1.33631,1.33627,1.69,3.19
14-08-2014,00:56:42.046,1.33631,1.33627,3.75,1.69
14-08-2014,00:56:47.037,1.33631,1.33627,1.25,3.94
14-08-2014,00:56:49.822,1.33631,1.33628,1,1
14-08-2014,00:56:50.369,1.33632,1.33629,1.5,1
14-08-2014,00:56:52.010,1.33632,1.3363,1.69,1
14-08-2014,00:56:52.414,1.33635,1.33632,2.82,1
14-08-2014,00:56:52.515,1.33635,1.33633,1.32,1
14-08-2014,00:56:52.617,1.33637,1.33634,1,2.25
14-08-2014,00:56:53.121,1.33638,1.33635,3.19,1.5
14-08-2014,00:56:53.979,1.33639,1.33635,1.5,7.13
14-08-2014,00:56:54.492,1.33639,1.33635,1.5,6.94
14-08-2014,00:56:56.800,1.33639,1.33637,1.5,1
14-08-2014,00:56:57.306,1.33639,1.33636,1.5,1.25
14-08-2014,00:56:57.929,1.33639,1.33637,1.5,1
14-08-2014,00:56:59.877,1.33639,1.33636,1.5,1.25
14-08-2014,00:57:00.488,1.33639,1.33637,1.69,1
14-08-2014,00:57:01.322,1.33638,1.33637,1,1
14-08-2014,00:57:02.040,1.33638,1.33636,1,1.25
14-08-2014,00:57:02.863,1.33638,1.33637,1,1
14-08-2014,00:57:03.740,1.33638,1.33636,1,1.5
14-08-2014,00:57:04.454,1.33638,1.33637,1,1
14-08-2014,00:57:04.967,1.33638,1.33636,1,1.5
14-08-2014,00:57:06.121,1.33638,1.33637,1,1
14-08-2014,00:57:07.003,1.33638,1.33636,1,1.5
14-08-2014,00:57:07.513,1.33638,1.33637,1,1
14-08-2014,00:57:08.271,1.33638,1.33636,1,1.5
14-08-2014,00:57:08.813,1.33638,1.33637,1,1
14-08-2014,00:57:09.350,1.33638,1.33636,1,1.69
14-08-2014,00:57:09.868,1.33638,1.33637,1,1
14-08-2014,00:57:10.380,1.33638,1.33636,1,1.69
14-08-2014,00:57:11.151,1.33639,1.33637,1,1
14-08-2014,00:57:11.930,1.33638,1.33636,1,1.69
14-08-2014,00:57:12.533,1.33639,1.33637,1,1
14-08-2014,00:57:12.685,1.33639,1.33636,1.5,1.69
14-08-2014,00:57:13.198,1.33639,1.33637,1.5,1
14-08-2014,00:57:14.070,1.33639,1.33636,1.5,1.69
14-08-2014,00:57:14.581,1.33639,1.33637,1.5,1
14-08-2014,00:57:15.115,1.33639,1.33636,1.5,1.69
14-08-2014,00:57:15.720,1.33639,1.33637,1.5,1
14-08-2014,00:57:16.270,1.33639,1.33636,2.25,1.69
14-08-2014,00:57:23.782,1.33637,1.33635,1,1.32
14-08-2014,00:57:24.287,1.33637,1.33635,1,1.69
14-08-2014,00:57:24.791,1.33637,1.33635,1,1.88
14-08-2014,00:57:28.411,1.33636,1.33634,1.25,3.75
14-08-2014,00:57:28.614,1.33635,1.33632,2.25,3
14-08-2014,00:57:28.867,1.33635,1.33634,2.25,1.5
14-08-2014,00:57:29.119,1.33636,1.33634,4.88,2.25
14-08-2014,00:57:29.674,1.33635,1.33634,1.5,3.75
14-08-2014,00:57:30.223,1.33636,1.33634,4.13,2.25
14-08-2014,00:57:30.729,1.33635,1.33634,2.63,2.25
14-08-2014,00:57:30.931,1.33635,1.33632,4.5,4.69
14-08-2014,00:57:31.928,1.33635,1.33634,3.38,1.5
14-08-2014,00:57:32.453,1.33636,1.33634,1.5,1.69
14-08-2014,00:57:33.332,1.33636,1.33633,1.5,4.32
14-08-2014,00:57:33.845,1.33636,1.33634,1.5,1.5
14-08-2014,00:57:34.365,1.33636,1.33633,1.5,4.32
14-08-2014,00:57:34.871,1.33636,1.33634,1.5,4.13
14-08-2014,00:57:35.236,1.33638,1.33635,1.5,1.5
14-08-2014,00:57:35.746,1.33638,1.33634,4.8,3.19
14-08-2014,00:57:37.201,1.33636,1.33634,1,1.25
14-08-2014,00:57:39.947,1.33638,1.33634,3.94,2.44
14-08-2014,00:57:41.091,1.33637,1.33634,1,1.69
14-08-2014,00:57:41.557,1.33635,1.33633,1,1.69
14-08-2014,00:57:42.065,1.33635,1.33632,7.2,2.25
14-08-2014,00:57:42.811,1.33635,1.33633,4.95,1
14-08-2014,00:57:43.318,1.33635,1.33634,3.38,1
14-08-2014,00:57:44.011,1.33636,1.33633,3.38,3
14-08-2014,00:57:44.577,1.33635,1.33634,1.88,1
14-08-2014,00:57:45.348,1.33635,1.33633,1.88,3.19
14-08-2014,00:57:45.954,1.33635,1.33634,3.38,1
14-08-2014,00:57:46.461,1.33635,1.33633,1.5,2.44
14-08-2014,00:57:47.651,1.33636,1.33635,3.38,1
14-08-2014,00:57:48.195,1.33636,1.33634,3.38,1
14-08-2014,00:57:48.700,1.33635,1.33633,3.38,1
14-08-2014,00:57:49.248,1.33635,1.33632,4.95,3.94
14-08-2014,00:57:49.860,1.33635,1.33633,5.7,1
14-08-2014,00:57:49.910,1.33637,1.33635,4.13,1
14-08-2014,00:57:50.575,1.33636,1.33635,3.38,1
14-08-2014,00:57:50.676,1.33636,1.33633,3.38,2.25
14-08-2014,00:57:51.207,1.33635,1.33632,3.83,3.19
14-08-2014,00:57:51.780,1.33635,1.33632,1.58,4.69
14-08-2014,00:57:52.299,1.33635,1.33634,1.5,1.5
14-08-2014,00:57:53.741,1.33636,1.33634,3.38,1
14-08-2014,00:57:54.246,1.33636,1.33634,3.38,1
14-08-2014,00:57:55.587,1.33636,1.33634,3.38,1
14-08-2014,00:57:56.131,1.33635,1.33634,3.38,1.5
14-08-2014,00:57:57.240,1.33636,1.33634,3.38,1
14-08-2014,00:57:57.761,1.33636,1.33634,3.38,1
14-08-2014,00:58:00.042,1.33635,1.33632,8.25,1.5
14-08-2014,00:58:00.557,1.33635,1.33631,3.38,1
14-08-2014,00:58:00.907,1.33633,1.33632,1,1
14-08-2014,00:58:01.008,1.33635,1.33632,7.32,1
14-08-2014,00:58:01.210,1.33633,1.33631,1,1.25
14-08-2014,00:58:02.019,1.33633,1.3363,1.5,2.25
14-08-2014,00:58:04.824,1.33633,1.33631,1,1
14-08-2014,00:58:06.994,1.33633,1.33632,1,1
14-08-2014,00:58:07.933,1.33633,1.3363,1,2.44
14-08-2014,00:58:08.337,1.33631,1.33629,1,2.63
14-08-2014,00:58:08.842,1.33631,1.33628,1,1
14-08-2014,00:58:09.385,1.33631,1.33627,1,1.25
14-08-2014,00:58:09.926,1.33631,1.33627,1,1.69
14-08-2014,00:58:10.777,1.33632,1.33627,6.19,2.82
14-08-2014,00:58:11.082,1.33633,1.3363,3,1.13
14-08-2014,00:58:11.586,1.33633,1.33629,3,5.48
14-08-2014,00:58:12.094,1.33633,1.3363,3,1.32
14-08-2014,00:58:12.609,1.33632,1.33629,1.5,7.17
14-08-2014,00:58:13.116,1.33632,1.33629,1.5,5.48
14-08-2014,00:58:13.836,1.33632,1.3363,1.5,1.13
14-08-2014,00:58:14.450,1.33632,1.33629,1.5,5.48
14-08-2014,00:58:14.961,1.33631,1.33629,1,3.38
14-08-2014,00:58:15.477,1.33632,1.33629,1.5,3.38
14-08-2014,00:58:16.194,1.33632,1.33629,1.5,4.13
14-08-2014,00:58:16.721,1.33632,1.33629,1.5,4.13
14-08-2014,00:58:17.074,1.3363,1.33629,1,1
14-08-2014,00:58:17.276,1.33628,1.33626,1,1.69
14-08-2014,00:58:21.377,1.33628,1.33625,1.5,2.44
14-08-2014,00:58:21.478,1.33626,1.33625,1.5,1.5
14-08-2014,00:58:21.731,1.33623,1.3362,1.5,3
14-08-2014,00:58:21.935,1.33625,1.33622,7.5,1
14-08-2014,00:58:22.087,1.33624,1.3362,5.1,2.63
14-08-2014,00:58:24.026,1.33622,1.3362,1,1.69
14-08-2014,00:58:26.090,1.33623,1.3362,1,1.69
14-08-2014,00:58:26.599,1.33622,1.3362,1.5,1.69
14-08-2014,00:58:35.088,1.33621,1.3362,1,2.44
14-08-2014,00:58:38.129,1.33621,1.33619,1,3.75
14-08-2014,00:58:40.438,1.33621,1.3362,1,1
14-08-2014,00:58:41.255,1.33621,1.33619,1,4.69
14-08-2014,00:59:17.341,1.33621,1.3362,1,1.5
14-08-2014,00:59:38.822,1.33621,1.33619,1,3.38
14-08-2014,00:59:40.082,1.33621,1.33619,1,3.38
14-08-2014,00:59:40.588,1.33619,1.33617,1,1.13
14-08-2014,00:59:40.639,1.33618,1.33616,1.88,1.25
14-08-2014,00:59:40.689,1.33618,1.33614,2.63,6.57
14-08-2014,00:59:40.993,1.33614,1.33612,1,1
14-08-2014,00:59:41.499,1.33613,1.3361,1,3
14-08-2014,00:59:41.802,1.33613,1.33612,1.5,1
14-08-2014,00:59:42.563,1.33612,1.3361,1,5.07
14-08-2014,00:59:43.220,1.33613,1.33611,1,1.5
14-08-2014,00:59:43.524,1.33616,1.33613,1,7.5
14-08-2014,00:59:43.676,1.33617,1.33615,2.25,1.5
14-08-2014,00:59:43.879,1.33616,1.33613,1,4.88
14-08-2014,00:59:44.384,1.33617,1.33615,1.5,1
14-08-2014,00:59:44.889,1.33616,1.33614,1,1.69
14-08-2014,00:59:45.394,1.33615,1.33613,2.63,1
14-08-2014,00:59:46.176,1.33614,1.33613,1,1
14-08-2014,00:59:48.597,1.33615,1.33613,3.19,1
14-08-2014,00:59:49.421,1.33615,1.33611,1.69,2.44
14-08-2014,00:59:49.926,1.33615,1.33612,3.94,1
14-08-2014,00:59:50.430,1.33614,1.33612,1,1
14-08-2014,00:59:50.941,1.33614,1.33611,1,2.25
14-08-2014,00:59:51.480,1.33614,1.33612,1,1
14-08-2014,00:59:52.023,1.33614,1.33611,1,2.44
14-08-2014,00:59:52.593,1.33614,1.33612,1,1
14-08-2014,00:59:53.098,1.33614,1.33611,1,2.25
14-08-2014,00:59:53.602,1.33613,1.33611,1,2.25
14-08-2014,00:59:54.115,1.33613,1.33612,1,1
14-08-2014,00:59:54.836,1.33613,1.33611,1,1.5
14-08-2014,00:59:56.127,1.33613,1.3361,1.5,3.57
14-08-2014,00:59:57.769,1.33613,1.33611,1.5,1
14-08-2014,00:59:58.274,1.33613,1.3361,1.5,4.32
14-08-2014,00:59:59.801,1.33613,1.33611,1,1.5
14-08-2014,01:00:00.306,1.33614,1.33611,1.5,1.5
14-08-2014,01:00:01.909,1.33614,1.33611,1,1.5
14-08-2014,01:00:02.414,1.33612,1.3361,1,4.13
14-08-2014,01:00:02.667,1.33613,1.33611,1,1.5
14-08-2014,01:00:03.178,1.33614,1.33611,2.25,1.5
14-08-2014,01:00:06.850,1.33614,1.33612,1.5,1
14-08-2014,01:00:07.399,1.33614,1.33611,1.5,3.19
14-08-2014,01:00:07.947,1.33614,1.33612,1.5,1
14-08-2014,01:00:08.456,1.33613,1.33612,1,1
14-08-2014,01:00:09.121,1.33613,1.33611,1,3
14-08-2014,01:00:09.324,1.33615,1.33611,5.63,3.75
14-08-2014,01:00:09.846,1.33615,1.33612,5.03,1
14-08-2014,01:00:10.356,1.33615,1.33611,4.5,4.5
14-08-2014,01:00:10.868,1.33615,1.33612,6,1
14-08-2014,01:00:11.381,1.33615,1.33611,4.5,4.5
14-08-2014,01:00:11.438,1.33615,1.33613,6,1
14-08-2014,01:00:11.943,1.33615,1.33612,2.63,1
14-08-2014,01:00:15.997,1.33615,1.33612,2.63,3.19
14-08-2014,01:00:16.303,1.33616,1.33615,2.55,2.25
14-08-2014,01:00:16.455,1.33618,1.33616,2.25,2.25
14-08-2014,01:00:16.970,1.33618,1.33616,1,3.94
14-08-2014,01:00:20.517,1.33618,1.33616,1.5,1.69
14-08-2014,01:00:21.274,1.33617,1.33615,1,5.25
14-08-2014,01:00:31.370,1.33617,1.33616,1,1.5
14-08-2014,01:00:38.974,1.33618,1.33616,1.5,1.5
14-08-2014,01:01:14.252,1.33618,1.33615,1,6.57
14-08-2014,01:01:14.761,1.33618,1.33616,1,1
14-08-2014,01:01:15.375,1.33618,1.33615,1,6.57
14-08-2014,01:01:15.951,1.33618,1.33616,1,1
14-08-2014,01:01:16.569,1.33618,1.33615,1,5.63
14-08-2014,01:01:17.367,1.33618,1.33616,1,1
14-08-2014,01:01:18.025,1.33618,1.33615,1,4.13
14-08-2014,01:01:18.675,1.33618,1.33616,1,1
14-08-2014,01:01:19.193,1.33618,1.33615,1,5.44
14-08-2014,01:01:19.758,1.33618,1.33616,1,1
14-08-2014,01:01:20.266,1.33618,1.33615,1,4.32
14-08-2014,01:01:20.831,1.33618,1.33616,1,1
14-08-2014,01:01:21.648,1.33618,1.33615,1,3.57
14-08-2014,01:01:22.264,1.33618,1.33616,1,1
14-08-2014,01:01:26.478,1.33618,1.33615,1.5,5.67
14-08-2014,01:01:26.982,1.33618,1.33616,1.5,1
14-08-2014,01:01:27.538,1.33618,1.33615,1.5,7.54
14-08-2014,01:01:29.061,1.33618,1.33616,1.5,1
14-08-2014,01:01:29.652,1.33618,1.33615,1.5,7.54
14-08-2014,01:01:30.193,1.33618,1.33616,1.5,1
14-08-2014,01:01:30.826,1.33618,1.33615,1.5,4.54
14-08-2014,01:01:31.584,1.33618,1.33616,1.5,1
14-08-2014,01:01:32.087,1.33618,1.33615,1.5,7.54
14-08-2014,01:01:32.592,1.33618,1.33616,1.5,1
14-08-2014,01:01:33.096,1.33618,1.33615,1.5,3.75
14-08-2014,01:01:40.823,1.33618,1.33615,3,2.44
14-08-2014,01:01:43.324,1.33616,1.33615,1,2.25
14-08-2014,01:01:43.627,1.33613,1.33611,1,1.25
14-08-2014,01:01:44.131,1.33612,1.33611,1,1.25
14-08-2014,01:01:44.182,1.33614,1.33611,3.75,1.25
14-08-2014,01:01:46.735,1.33614,1.33611,2.25,3.19
14-08-2014,01:01:47.743,1.33614,1.33611,2.25,2.25
14-08-2014,01:01:50.158,1.33614,1.33612,1.5,1
14-08-2014,01:01:51.442,1.33615,1.33612,8.82,1
14-08-2014,01:01:53.763,1.33614,1.33612,1,1
14-08-2014,01:01:54.272,1.33613,1.33612,1,1
14-08-2014,01:01:55.248,1.33613,1.33611,1,1.25
14-08-2014,01:01:56.414,1.33614,1.33611,2.25,1.25
14-08-2014,01:01:57.170,1.33613,1.33611,1,1.5
14-08-2014,01:02:00.447,1.33613,1.3361,1,2.44
14-08-2014,01:02:00.498,1.33612,1.3361,1,2.82
14-08-2014,01:02:00.909,1.3361,1.33608,1,3.94
14-08-2014,01:02:01.423,1.3361,1.33608,1,2.25
14-08-2014,01:02:01.474,1.33611,1.33608,1,2.25
14-08-2014,01:02:02.037,1.33609,1.33608,1,1.5
14-08-2014,01:02:02.845,1.33609,1.33607,1,1.25
14-08-2014,01:02:03.501,1.33609,1.33606,1,3.19
14-08-2014,01:02:07.509,1.3361,1.33606,1.13,3.94
14-08-2014,01:02:08.399,1.3361,1.33606,1.13,4.69
14-08-2014,01:02:08.906,1.33611,1.33607,2.07,1.69
14-08-2014,01:02:09.607,1.3361,1.33606,1,3.94
14-08-2014,01:02:12.527,1.33608,1.33606,1,3.19
14-08-2014,01:02:12.729,1.33603,1.33601,1,1.5
14-08-2014,01:02:16.450,1.33602,1.33601,1,1.5
14-08-2014,01:02:19.520,1.33602,1.336,2.25,2.07
14-08-2014,01:02:22.648,1.33604,1.33602,7.54,1
14-08-2014,01:02:22.855,1.33602,1.336,1,3.75
14-08-2014,01:02:23.208,1.33604,1.33602,4.69,1.88
14-08-2014,01:02:24.046,1.33604,1.33602,4.69,2.88
14-08-2014,01:02:24.715,1.33603,1.33601,1,1
14-08-2014,01:02:24.816,1.33604,1.33602,5.44,2.88
14-08-2014,01:02:25.322,1.33604,1.33602,5.44,2.63
14-08-2014,01:02:25.834,1.33604,1.33602,5.44,2.63
14-08-2014,01:02:26.086,1.33604,1.336,7.92,3
14-08-2014,01:02:26.238,1.33602,1.336,1,1
14-08-2014,01:02:26.343,1.33601,1.336,1,1
14-08-2014,01:02:26.605,1.336,1.33598,1.5,2.63
14-08-2014,01:02:26.757,1.336,1.33599,1.5,1
14-08-2014,01:02:26.909,1.33599,1.33597,1,5.25
14-08-2014,01:02:27.010,1.33598,1.33595,1,8.25
14-08-2014,01:02:27.317,1.33595,1.33592,2.63,1.5
14-08-2014,01:02:27.368,1.33593,1.3359,1,4.69
14-08-2014,01:02:27.873,1.33592,1.3359,1,3.19
14-08-2014,01:02:29.090,1.33594,1.3359,7.17,2.25
14-08-2014,01:02:29.652,1.33593,1.3359,2.44,2.25
14-08-2014,01:02:32.057,1.33592,1.3359,1,2.25
14-08-2014,01:02:38.137,1.33593,1.3359,2.25,3
14-08-2014,01:02:38.841,1.33592,1.3359,1,2.63
14-08-2014,01:02:40.154,1.33593,1.3359,1.5,2.63
14-08-2014,01:02:40.985,1.33592,1.3359,1,1.5
14-08-2014,01:02:41.602,1.33593,1.3359,1.5,2.25
14-08-2014,01:02:42.171,1.33592,1.3359,1,1
14-08-2014,01:02:42.785,1.33593,1.3359,1.5,1.25
14-08-2014,01:02:43.297,1.33592,1.3359,1,1.25
14-08-2014,01:02:43.810,1.33593,1.3359,1.5,1.25
14-08-2014,01:02:44.528,1.33592,1.3359,1,3
14-08-2014,01:02:45.446,1.33593,1.3359,1.5,3
14-08-2014,01:02:45.984,1.33592,1.3359,1,3
14-08-2014,01:02:46.752,1.33593,1.3359,1.5,3
14-08-2014,01:02:47.269,1.33592,1.3359,1,2.25
14-08-2014,01:02:47.777,1.33591,1.3359,1,1.5
14-08-2014,01:02:48.305,1.33592,1.33589,2.25,5.63
14-08-2014,01:02:48.824,1.33591,1.33589,1,3
14-08-2014,01:02:50.694,1.33591,1.33588,1,8.25
14-08-2014,01:02:51.693,1.33592,1.33589,1.5,1.69
14-08-2014,01:02:52.206,1.33591,1.33589,1,1.69
14-08-2014,01:02:57.431,1.33592,1.33589,2.25,3.57
14-08-2014,01:02:57.947,1.33592,1.33589,2.25,4.32
14-08-2014,01:02:58.566,1.33592,1.33589,1.5,3.38
14-08-2014,01:02:59.441,1.33592,1.3359,1.5,2.25
14-08-2014,01:03:00.204,1.33592,1.33589,1.5,2.44
14-08-2014,01:03:03.855,1.33592,1.33589,2.25,2.82
14-08-2014,01:03:05.364,1.33592,1.33589,2.25,3.57
14-08-2014,01:03:06.619,1.33592,1.3359,1.5,1
14-08-2014,01:03:09.524,1.33594,1.3359,3.75,1.5
14-08-2014,01:03:10.029,1.33594,1.3359,6.19,2.25
14-08-2014,01:03:10.684,1.33594,1.3359,5.61,1.5
14-08-2014,01:03:11.478,1.33593,1.3359,1,1.5
14-08-2014,01:03:12.308,1.33593,1.33591,1,1
14-08-2014,01:03:12.813,1.33593,1.33592,1,1
14-08-2014,01:03:13.629,1.33593,1.33591,1,2.63
14-08-2014,01:03:14.699,1.33593,1.33592,1.25,1
14-08-2014,01:03:15.914,1.33593,1.33591,1.25,2.63
14-08-2014,01:03:16.792,1.33593,1.33592,1.25,1
14-08-2014,01:03:17.356,1.33593,1.33591,1.25,2.63
14-08-2014,01:03:18.230,1.33593,1.33592,1.25,1
14-08-2014,01:03:18.846,1.33593,1.33591,1.25,2.63
14-08-2014,01:03:19.770,1.33593,1.33592,1.25,1
14-08-2014,01:03:20.281,1.33593,1.33591,1.25,2.63
14-08-2014,01:03:20.798,1.33594,1.33592,3.94,1
14-08-2014,01:03:21.366,1.33594,1.33592,3.19,1
14-08-2014,01:03:26.142,1.33594,1.33592,3.94,1
14-08-2014,01:03:26.651,1.33594,1.33591,3.94,2.63
14-08-2014,01:03:27.260,1.33594,1.33592,3.19,1
14-08-2014,01:03:27.770,1.33594,1.33591,3.79,2.63
14-08-2014,01:03:29.232,1.33594,1.33591,4.54,2.63
14-08-2014,01:03:30.611,1.33594,1.33592,2.85,1.5
14-08-2014,01:03:30.764,1.33596,1.33594,2.25,3
14-08-2014,01:03:31.271,1.33597,1.33595,1,3.75
14-08-2014,01:03:31.927,1.33597,1.33596,1,1.5
14-08-2014,01:03:34.314,1.33597,1.33595,1,3.75
14-08-2014,01:03:36.130,1.33596,1.33595,1,1
14-08-2014,01:03:36.585,1.33596,1.33593,3.38,1
14-08-2014,01:03:43.172,1.33595,1.33593,1,1
14-08-2014,01:03:51.328,1.33595,1.33592,1,1.5
14-08-2014,01:03:52.980,1.33595,1.33593,1,1
14-08-2014,01:03:58.027,1.33595,1.33592,2.25,1.25
14-08-2014,01:03:58.531,1.33594,1.33592,1,1.69
14-08-2014,01:04:11.779,1.33594,1.33593,1,1
14-08-2014,01:04:19.996,1.33594,1.33592,1.5,1
14-08-2014,01:04:22.774,1.33594,1.33591,2.25,3.19
14-08-2014,01:04:23.868,1.33594,1.3359,3,4.13
14-08-2014,01:04:24.422,1.33594,1.33591,3,1
14-08-2014,01:04:25.135,1.33594,1.3359,3.19,4.32
14-08-2014,01:04:26.110,1.33594,1.33591,3.19,1
14-08-2014,01:04:26.613,1.33594,1.3359,3.19,6.57
14-08-2014,01:04:27.231,1.33594,1.33591,3.19,1
14-08-2014,01:04:27.998,1.33594,1.3359,3.19,4.32
14-08-2014,01:04:28.708,1.33594,1.33591,3.19,1
14-08-2014,01:04:29.273,1.33594,1.3359,3.19,6.19
14-08-2014,01:04:30.319,1.33594,1.33591,3.19,1
14-08-2014,01:04:31.530,1.33594,1.3359,3.19,4.32
14-08-2014,01:04:32.072,1.33594,1.33591,3.19,1
14-08-2014,01:04:32.776,1.33594,1.3359,3.19,5.82
14-08-2014,01:04:33.383,1.33594,1.33591,3.19,1
14-08-2014,01:04:33.929,1.33594,1.3359,3.19,5.82
14-08-2014,01:04:34.492,1.33594,1.33591,3.19,1
14-08-2014,01:04:35.002,1.33594,1.3359,3.19,5.82
14-08-2014,01:04:36.749,1.33592,1.3359,2.1,3.57
14-08-2014,01:04:37.254,1.33592,1.33588,3,7.32
14-08-2014,01:04:37.870,1.33591,1.33589,1,1.25
14-08-2014,01:04:38.593,1.33592,1.33589,3,1
14-08-2014,01:04:39.098,1.33591,1.33589,1,1
14-08-2014,01:04:39.606,1.33592,1.33589,3,1
14-08-2014,01:04:40.233,1.33591,1.33589,1,1
14-08-2014,01:04:40.745,1.33592,1.33589,3,1
14-08-2014,01:04:41.268,1.33591,1.33589,1,1
14-08-2014,01:04:42.023,1.33592,1.33589,3,1
14-08-2014,01:04:42.544,1.33591,1.3359,1,1
14-08-2014,01:04:43.049,1.33592,1.3359,1,3.75
14-08-2014,01:04:45.732,1.33592,1.33591,1,1
14-08-2014,01:04:47.344,1.33594,1.33591,4.54,1
14-08-2014,01:04:52.214,1.33594,1.33591,3.79,1
14-08-2014,01:04:58.498,1.33594,1.33592,3.79,1
14-08-2014,01:04:59.155,1.33592,1.3359,1,1.5
14-08-2014,01:04:59.306,1.33592,1.33589,5.1,1
14-08-2014,01:04:59.811,1.33592,1.33588,3.94,2.07
14-08-2014,01:05:00.366,1.33592,1.33588,4.69,1.5
14-08-2014,01:05:00.871,1.33592,1.33589,3.19,1
14-08-2014,01:05:01.453,1.3359,1.33589,1,1
14-08-2014,01:05:02.275,1.33591,1.33589,1.69,1
14-08-2014,01:05:02.896,1.33591,1.33588,1.25,1
14-08-2014,01:05:07.646,1.33591,1.33589,1.69,1
14-08-2014,01:05:07.848,1.3359,1.33587,2.25,2.44
14-08-2014,01:05:08.353,1.33591,1.33588,3.57,1
14-08-2014,01:05:09.278,1.33591,1.33589,2.63,1
14-08-2014,01:05:22.847,1.33591,1.33589,1,1
14-08-2014,01:05:26.910,1.33592,1.33589,3.19,1
14-08-2014,01:05:29.418,1.33592,1.3359,1.69,1
14-08-2014,01:05:29.722,1.33593,1.33592,1.88,1
14-08-2014,01:05:29.974,1.33593,1.3359,1.5,4.32
14-08-2014,01:05:33.761,1.33593,1.33591,1.5,1
14-08-2014,01:05:35.304,1.33595,1.33591,4.13,4.5
14-08-2014,01:05:36.765,1.33595,1.33592,2.44,1
14-08-2014,01:05:36.967,1.33596,1.33595,3.38,1.5
14-08-2014,01:05:37.068,1.33598,1.33596,1.5,2.85
14-08-2014,01:05:37.119,1.33599,1.33598,1.32,1.5
14-08-2014,01:05:37.271,1.33601,1.33598,2.25,3
14-08-2014,01:05:37.776,1.33602,1.33599,1.69,1
14-08-2014,01:05:38.775,1.33602,1.33598,1.69,3.19
14-08-2014,01:05:43.038,1.33602,1.33598,5.44,1.5
14-08-2014,01:05:46.133,1.336,1.33598,1,1
14-08-2014,01:05:46.638,1.33601,1.33598,3.94,1
14-08-2014,01:05:47.179,1.33601,1.33598,3.94,1
14-08-2014,01:05:48.350,1.33601,1.33598,2.25,1
14-08-2014,01:05:50.560,1.33601,1.33598,1.69,1
14-08-2014,01:05:52.900,1.33601,1.33598,1.25,1
14-08-2014,01:05:55.181,1.33601,1.33599,1.69,1
14-08-2014,01:05:57.518,1.33602,1.336,6.19,2.5
14-08-2014,01:05:57.670,1.33603,1.33602,1.5,1
14-08-2014,01:05:57.821,1.33605,1.33603,4.13,1
14-08-2014,01:05:58.326,1.33605,1.33603,3.38,1
14-08-2014,01:06:10.666,1.33606,1.33604,5.67,1
14-08-2014,01:06:13.888,1.33605,1.33603,4.32,1
14-08-2014,01:06:17.120,1.33605,1.33603,5.82,1
14-08-2014,01:06:33.498,1.33603,1.33601,1,1.5
14-08-2014,01:06:33.598,1.33603,1.33601,1.5,1
14-08-2014,01:06:34.130,1.33603,1.336,1.5,1.5
14-08-2014,01:06:40.900,1.33603,1.33601,1.69,1
14-08-2014,01:06:46.623,1.33603,1.336,2.25,1.5
14-08-2014,01:06:47.159,1.33603,1.336,3.19,1.5
14-08-2014,01:06:47.732,1.33603,1.336,2.44,1.5
14-08-2014,01:06:53.861,1.33601,1.336,1,1.5
14-08-2014,01:06:54.369,1.33601,1.33598,1,1
14-08-2014,01:06:57.510,1.33601,1.336,1,1
14-08-2014,01:06:58.352,1.33602,1.336,1,1
14-08-2014,01:07:04.451,1.33602,1.33599,1.69,1
14-08-2014,01:07:05.107,1.33602,1.33599,2.44,1
14-08-2014,01:07:06.503,1.33603,1.33599,3.94,1.5
14-08-2014,01:07:06.554,1.33603,1.33601,1.25,1
14-08-2014,01:07:07.072,1.33603,1.33602,1,1
14-08-2014,01:07:08.079,1.33604,1.33602,1.25,1
14-08-2014,01:07:09.700,1.33603,1.33602,1,1
14-08-2014,01:07:09.953,1.33603,1.336,1.25,1
14-08-2014,01:07:10.054,1.33601,1.336,1,1
14-08-2014,01:07:23.947,1.33601,1.33598,1.32,1
14-08-2014,01:07:49.689,1.33601,1.33599,1,1
14-08-2014,01:07:50.804,1.33602,1.33599,2.44,1
14-08-2014,01:07:52.642,1.33602,1.33601,1.5,1
14-08-2014,01:07:52.945,1.33602,1.33601,1.5,2.1
14-08-2014,01:07:53.478,1.33605,1.33602,5.44,2.5
14-08-2014,01:07:57.281,1.33604,1.33603,2.63,1
14-08-2014,01:07:57.794,1.33604,1.33602,2.63,1
14-08-2014,01:08:01.442,1.33603,1.33602,1.88,1
14-08-2014,01:08:01.955,1.33605,1.33602,5.44,1
14-08-2014,01:08:03.179,1.33605,1.33603,6.49,1
14-08-2014,01:08:08.377,1.33605,1.33602,6.68,1
14-08-2014,01:08:11.696,1.33605,1.33603,5.93,1
14-08-2014,01:08:12.213,1.33605,1.33603,4.43,1
14-08-2014,01:08:14.373,1.33603,1.33601,1,1
14-08-2014,01:08:14.424,1.33603,1.33601,1,1
14-08-2014,01:08:14.626,1.33602,1.33599,1.25,3.75
14-08-2014,01:08:15.131,1.33601,1.33599,1,1
14-08-2014,01:08:15.670,1.33601,1.336,1,1
14-08-2014,01:08:16.177,1.33602,1.336,2.44,1
14-08-2014,01:08:16.749,1.33601,1.336,1,1
14-08-2014,01:08:17.059,1.33601,1.33598,1,1.25
14-08-2014,01:08:23.272,1.336,1.33598,1,1
14-08-2014,01:08:23.899,1.33601,1.33598,2.07,1
14-08-2014,01:08:29.255,1.33601,1.33597,1.25,3.94
14-08-2014,01:08:30.448,1.336,1.33597,1,3.19
14-08-2014,01:08:30.968,1.33601,1.33597,1.69,3.19
14-08-2014,01:08:41.004,1.336,1.33597,1,3.75
14-08-2014,01:08:41.550,1.33601,1.33597,2.25,4.5
14-08-2014,01:08:42.097,1.336,1.33597,1,3.94
14-08-2014,01:08:42.604,1.33601,1.33597,2.44,3.94
14-08-2014,01:08:43.268,1.336,1.33597,1,3.94
14-08-2014,01:08:43.772,1.33601,1.33597,3.19,4.69
14-08-2014,01:08:44.382,1.336,1.33597,1,3.19
14-08-2014,01:08:44.893,1.33601,1.33598,3.19,1
14-08-2014,01:08:45.403,1.336,1.33598,1,1
14-08-2014,01:08:45.877,1.33598,1.33597,1,1
14-08-2014,01:08:46.287,1.336,1.33598,1.5,1
14-08-2014,01:08:49.357,1.33601,1.33598,4.65,1
14-08-2014,01:08:50.247,1.33601,1.33598,3.9,1
14-08-2014,01:08:52.222,1.33601,1.33599,2.25,1
14-08-2014,01:08:52.727,1.33601,1.336,1,1
14-08-2014,01:08:53.383,1.33603,1.33601,2.74,1
14-08-2014,01:08:53.484,1.33603,1.33602,1.25,1
14-08-2014,01:08:54.141,1.33603,1.33602,1,1
14-08-2014,01:08:54.810,1.33603,1.33602,1,1
14-08-2014,01:08:55.317,1.33606,1.33602,9,2.5
14-08-2014,01:08:55.822,1.33604,1.33602,1,1
14-08-2014,01:08:56.339,1.33603,1.33602,1,1
14-08-2014,01:08:56.840,1.33603,1.33602,1,1
14-08-2014,01:08:57.356,1.33606,1.33602,8.07,2.5
14-08-2014,01:08:57.562,1.33606,1.33603,9.57,1.5
14-08-2014,01:08:58.074,1.33605,1.33603,5.63,1.5
14-08-2014,01:08:58.588,1.33606,1.33603,8.25,1.5
14-08-2014,01:08:59.136,1.33605,1.33602,2.82,1.6
14-08-2014,01:08:59.338,1.33604,1.33602,1,1
14-08-2014,01:09:10.320,1.33604,1.33601,1,4.88
14-08-2014,01:09:13.279,1.33604,1.33603,1,1
14-08-2014,01:09:14.690,1.33604,1.33601,1,3.19
14-08-2014,01:09:15.088,1.33602,1.33601,1.13,1
14-08-2014,01:09:15.190,1.33602,1.33599,1.13,1.5
14-08-2014,01:09:15.699,1.33602,1.33598,3.94,1
14-08-2014,01:09:16.232,1.33601,1.33598,1.57,1
14-08-2014,01:09:16.756,1.33601,1.33598,1.32,1.5
14-08-2014,01:09:17.513,1.33601,1.33598,1.57,1.5
14-08-2014,01:09:19.010,1.33601,1.33598,1.32,1
14-08-2014,01:09:19.778,1.33601,1.33598,1.82,2.25
14-08-2014,01:09:20.384,1.33601,1.33598,1.5,2.25
14-08-2014,01:09:21.103,1.33601,1.33598,1.82,2.25
14-08-2014,01:09:21.824,1.33601,1.33598,1,2.25
14-08-2014,01:09:22.698,1.33602,1.33598,1.69,2.44
14-08-2014,01:09:23.202,1.33602,1.33598,3.94,2.44
14-08-2014,01:09:23.745,1.33602,1.33598,5.25,1.69
14-08-2014,01:09:24.367,1.33601,1.33598,1.25,2.44
14-08-2014,01:09:24.881,1.33602,1.33598,5.25,1.69
14-08-2014,01:09:25.500,1.33601,1.33598,1.13,1.5
14-08-2014,01:09:26.029,1.33601,1.33598,1.13,3.38
14-08-2014,01:09:26.761,1.33601,1.33598,1.13,1.5
14-08-2014,01:09:27.299,1.33601,1.33598,1.13,1.5
14-08-2014,01:09:27.817,1.33602,1.33598,5.44,1.5
14-08-2014,01:09:29.522,1.336,1.33598,1,1.5
14-08-2014,01:09:30.035,1.33601,1.33598,1.25,1.5
14-08-2014,01:09:30.548,1.336,1.33598,1,1.5
14-08-2014,01:09:31.065,1.33601,1.33598,1,1.5
14-08-2014,01:09:31.583,1.33602,1.33598,3.94,1.5
14-08-2014,01:09:32.148,1.33602,1.33598,3.19,1.5
14-08-2014,01:09:33.692,1.33602,1.33598,1.69,1
14-08-2014,01:09:33.894,1.336,1.33598,1,1
14-08-2014,01:09:34.413,1.33601,1.33598,1,1
14-08-2014,01:09:34.956,1.336,1.33598,1,1
14-08-2014,01:09:35.501,1.336,1.33597,1,2.25
14-08-2014,01:09:36.132,1.33601,1.33597,1.5,2.25
14-08-2014,01:09:36.924,1.336,1.33597,1,3.57
14-08-2014,01:09:37.434,1.336,1.33598,1,1
14-08-2014,01:09:37.949,1.336,1.33597,1,3.57
14-08-2014,01:09:38.483,1.336,1.33598,1,1
14-08-2014,01:09:39.278,1.336,1.33597,1,3.57
14-08-2014,01:09:39.788,1.336,1.33598,1,1
14-08-2014,01:09:40.299,1.33601,1.33598,1.69,1
14-08-2014,01:09:40.911,1.336,1.33598,1,1
14-08-2014,01:09:41.423,1.33601,1.33598,1.69,1
14-08-2014,01:09:41.981,1.33602,1.33597,3.94,3.57
14-08-2014,01:09:42.547,1.33601,1.33598,1.25,1
14-08-2014,01:09:43.105,1.33601,1.33597,1.25,3.57
14-08-2014,01:09:43.721,1.336,1.33597,1,3.57
14-08-2014,01:09:44.243,1.33601,1.33597,1.25,3.57
14-08-2014,01:09:44.843,1.33601,1.33598,1.25,1
14-08-2014,01:09:45.356,1.33601,1.33597,1.25,3.57
14-08-2014,01:09:45.886,1.33601,1.33598,1.25,1
14-08-2014,01:09:46.427,1.336,1.33599,1,1
14-08-2014,01:09:47.207,1.33601,1.33598,1.25,2.63
14-08-2014,01:09:47.715,1.336,1.33599,1,1
14-08-2014,01:09:48.226,1.33601,1.33599,1.25,1
14-08-2014,01:09:48.839,1.33601,1.33598,1.25,2.63
14-08-2014,01:09:49.349,1.33601,1.33599,1.25,1
14-08-2014,01:09:49.860,1.336,1.33598,1,2.63
14-08-2014,01:09:50.477,1.336,1.33599,1,1
14-08-2014,01:09:50.981,1.336,1.33598,1,2.63
14-08-2014,01:09:51.497,1.336,1.33599,1,1
14-08-2014,01:09:52.387,1.336,1.33598,1,2.63
14-08-2014,01:09:52.943,1.336,1.33599,1,1
14-08-2014,01:09:53.460,1.33601,1.33599,1.25,1
14-08-2014,01:09:54.004,1.336,1.33599,1,1
14-08-2014,01:09:54.591,1.336,1.33598,1,2.63
14-08-2014,01:09:55.137,1.336,1.33599,1,1
14-08-2014,01:09:55.705,1.33601,1.33599,1.25,1
14-08-2014,01:09:56.240,1.33601,1.33598,1.25,2.63
14-08-2014,01:09:56.910,1.336,1.33598,1,2.63
14-08-2014,01:09:58.198,1.33601,1.33598,1.25,2.63
14-08-2014,01:09:58.815,1.336,1.33598,1,2.63
14-08-2014,01:09:59.334,1.33601,1.33598,1.25,2.63
14-08-2014,01:09:59.845,1.336,1.33599,1,1
14-08-2014,01:10:00.467,1.336,1.33598,1,2.63
14-08-2014,01:10:01.018,1.33601,1.33598,1.25,2.63
14-08-2014,01:10:01.534,1.336,1.33598,1,2.63
14-08-2014,01:10:02.048,1.336,1.33599,1,1
14-08-2014,01:10:02.785,1.33601,1.33599,1.69,1
14-08-2014,01:10:03.304,1.336,1.33599,1,1
14-08-2014,01:10:03.827,1.33601,1.33598,1.69,2.63
14-08-2014,01:10:04.336,1.336,1.33599,1,1
14-08-2014,01:10:04.843,1.33601,1.33599,1.69,1
14-08-2014,01:10:05.246,1.33599,1.33596,1,1.5
14-08-2014,01:10:05.398,1.33597,1.33596,1.88,1
14-08-2014,01:10:05.499,1.33596,1.33594,1,1.69
14-08-2014,01:10:06.003,1.33595,1.33593,2.63,1.5
14-08-2014,01:10:06.510,1.33595,1.33594,5.63,1
14-08-2014,01:10:07.029,1.33595,1.33593,4.13,1.5
14-08-2014,01:10:07.655,1.33595,1.33594,4.88,1
14-08-2014,01:10:08.568,1.33595,1.33593,4.88,1.5
14-08-2014,01:10:09.073,1.33595,1.33592,3.75,3.38
14-08-2014,01:10:09.577,1.33594,1.33592,1,1.5
14-08-2014,01:10:17.909,1.33593,1.33592,1,1
14-08-2014,01:10:26.183,1.33593,1.33591,1,3.38
14-08-2014,01:10:26.745,1.33593,1.33592,1,1
14-08-2014,01:10:28.488,1.33594,1.33592,2.55,1
14-08-2014,01:10:29.222,1.33595,1.33593,1.25,1
14-08-2014,01:10:37.046,1.33594,1.33592,1.69,1
14-08-2014,01:10:47.933,1.33595,1.33592,8.82,1
14-08-2014,01:10:50.466,1.33595,1.33592,8.07,1
14-08-2014,01:10:57.667,1.33595,1.33592,7.99,1
14-08-2014,01:10:58.177,1.33594,1.33591,3,1.22
14-08-2014,01:10:58.278,1.33592,1.3359,1,2.72
14-08-2014,01:10:58.783,1.33592,1.33589,2.25,1.72
14-08-2014,01:10:59.287,1.33592,1.33589,1,1.69
14-08-2014,01:11:03.439,1.33591,1.33588,1,3.94
14-08-2014,01:11:04.005,1.33591,1.3359,1,1
14-08-2014,01:11:07.871,1.33591,1.33589,1,2.63
14-08-2014,01:11:16.727,1.33592,1.33589,1.25,2.25
14-08-2014,01:11:27.226,1.33591,1.33589,1,2.25
14-08-2014,01:11:27.779,1.33591,1.33589,2.25,2.25
14-08-2014,01:11:28.969,1.3359,1.33589,1,1.5
14-08-2014,01:11:29.474,1.33591,1.33589,1.5,1.5
14-08-2014,01:11:33.802,1.33591,1.33587,3,3
14-08-2014,01:11:34.306,1.33589,1.33587,1.88,1.5
14-08-2014,01:11:34.357,1.33591,1.33588,3.94,1
14-08-2014,01:11:35.582,1.33589,1.33587,1.88,2.25
14-08-2014,01:11:36.086,1.3359,1.33587,1.13,2.25
14-08-2014,01:11:37.125,1.3359,1.33587,2.63,2.25
14-08-2014,01:11:43.776,1.33588,1.33586,1,1.5
14-08-2014,01:11:45.850,1.33589,1.33587,4.13,1
14-08-2014,01:11:46.312,1.33588,1.33586,1,1.5
14-08-2014,01:11:46.835,1.33588,1.33587,1,1
14-08-2014,01:11:47.346,1.33589,1.33586,3,1
14-08-2014,01:11:48.171,1.33588,1.33586,1,1
14-08-2014,01:11:49.297,1.33589,1.33586,3,1
14-08-2014,01:11:50.010,1.33588,1.33586,1,1
14-08-2014,01:11:50.533,1.33589,1.33586,2.25,1
14-08-2014,01:11:50.836,1.33589,1.33588,1.5,1
14-08-2014,01:11:52.271,1.33589,1.33587,2.25,1.5
14-08-2014,01:12:00.991,1.33589,1.33588,1.5,1
14-08-2014,01:12:01.500,1.33589,1.33587,1.5,1
14-08-2014,01:12:03.192,1.33588,1.33586,1,1.25
14-08-2014,01:12:03.705,1.33587,1.33585,1,9.94
14-08-2014,01:12:05.812,1.33588,1.33585,2.25,5.93
14-08-2014,01:12:08.246,1.33587,1.33585,1,5.25
14-08-2014,01:12:08.807,1.33588,1.33586,4.13,1
14-08-2014,01:12:09.311,1.33587,1.33586,1,1
14-08-2014,01:12:09.816,1.33588,1.33586,1.5,1
14-08-2014,01:12:10.320,1.33588,1.33585,2.25,9.19
14-08-2014,01:12:10.994,1.33588,1.33586,2.25,1
14-08-2014,01:12:13.178,1.33587,1.33586,1,1
14-08-2014,01:12:13.696,1.33588,1.33586,1.5,1
14-08-2014,01:12:18.922,1.33587,1.33586,1,1
14-08-2014,01:12:19.451,1.33588,1.33586,2.63,1
14-08-2014,01:12:19.958,1.33587,1.33586,1,1
14-08-2014,01:12:20.463,1.33587,1.33585,1,5.25
14-08-2014,01:12:20.973,1.33588,1.33585,3.19,5.25
14-08-2014,01:12:30.659,1.33587,1.33585,1,5.25
14-08-2014,01:12:31.169,1.33588,1.33585,2.44,9
14-08-2014,01:12:32.746,1.33588,1.33585,3.19,5.25
14-08-2014,01:12:33.812,1.33588,1.33585,2.44,4.5
14-08-2014,01:13:10.243,1.33589,1.33585,4.69,6.75
14-08-2014,01:13:10.968,1.33588,1.33586,1,1
14-08-2014,01:13:11.507,1.33589,1.33585,5.44,3
14-08-2014,01:13:18.184,1.33587,1.33585,1,2.25
14-08-2014,01:13:18.437,1.33585,1.33582,2.82,2.25
14-08-2014,01:13:18.639,1.33584,1.3358,6.04,3.38
14-08-2014,01:13:18.740,1.33582,1.3358,1,1
14-08-2014,01:13:19.043,1.33586,1.33582,3.94,9
14-08-2014,01:13:19.093,1.33586,1.33585,3,2.85
14-08-2014,01:13:19.308,1.33588,1.33585,1,2.48
14-08-2014,01:13:21.963,1.33587,1.33585,1,1.5
14-08-2014,01:13:22.115,1.33585,1.33584,1.5,1
14-08-2014,01:13:22.620,1.33585,1.33583,7.69,1.1
14-08-2014,01:13:24.394,1.33585,1.33582,6.87,1.58
14-08-2014,01:13:25.584,1.33585,1.33582,5.74,1.58
14-08-2014,01:13:26.090,1.33585,1.33582,6.49,1.58
14-08-2014,01:13:26.594,1.33584,1.33582,1.25,1.58
14-08-2014,01:13:27.102,1.33584,1.33582,1.25,1.58
14-08-2014,01:13:28.045,1.33584,1.33582,1.25,1.58
14-08-2014,01:13:28.552,1.33584,1.33582,1.25,1.58
14-08-2014,01:13:29.068,1.33584,1.33582,1.25,1.1
14-08-2014,01:13:29.579,1.33585,1.33582,8.74,1.08
14-08-2014,01:13:30.386,1.33584,1.33582,1,1.08
14-08-2014,01:13:31.143,1.33584,1.33582,1.19,1.1
14-08-2014,01:13:31.661,1.33585,1.33582,10.24,1.08
14-08-2014,01:13:32.208,1.33585,1.33582,9.49,1.1
14-08-2014,01:13:32.712,1.33585,1.33582,10.24,1.08
14-08-2014,01:13:33.289,1.33585,1.33582,8.74,1.1
14-08-2014,01:13:33.906,1.33584,1.33582,1.25,1.08
14-08-2014,01:13:34.474,1.33585,1.33582,4.69,1.1
14-08-2014,01:13:35.014,1.33585,1.33582,8.44,1.08
14-08-2014,01:13:36.425,1.33585,1.33582,7.69,1.1
14-08-2014,01:13:36.943,1.33585,1.33582,6.19,1.08
14-08-2014,01:13:37.453,1.33585,1.33582,5.44,1.1
14-08-2014,01:13:38.021,1.33585,1.33582,6.94,1.08
14-08-2014,01:13:39.098,1.33585,1.33582,7.24,1.1
14-08-2014,01:13:40.024,1.33585,1.33582,8.74,1.08
14-08-2014,01:13:40.591,1.33585,1.33582,7.99,1.1
14-08-2014,01:13:41.304,1.33585,1.33582,7.24,1.08
14-08-2014,01:13:41.809,1.33585,1.33582,8.74,1.1
14-08-2014,01:13:42.347,1.33584,1.33582,1,1.08
14-08-2014,01:13:43.224,1.33584,1.33582,1,1.1
14-08-2014,01:13:43.729,1.33584,1.33582,1,1.08
14-08-2014,01:13:44.687,1.33584,1.33582,1.25,1.1
14-08-2014,01:13:45.202,1.33584,1.3358,1.25,6.27
14-08-2014,01:13:46.088,1.33584,1.3358,1.25,4.09
14-08-2014,01:13:46.625,1.33584,1.3358,1,4.84
14-08-2014,01:13:47.310,1.33584,1.3358,1,4.09
14-08-2014,01:13:47.844,1.33584,1.3358,1,6.34
14-08-2014,01:13:48.383,1.33584,1.33582,1,1.1
14-08-2014,01:13:48.921,1.33584,1.33582,1,1.58
14-08-2014,01:13:49.461,1.33584,1.33582,1,1.58
14-08-2014,01:13:49.994,1.33584,1.33582,1,1.58
14-08-2014,01:13:50.506,1.33584,1.33582,1,1.58
14-08-2014,01:13:51.022,1.33584,1.33582,1,1.58
14-08-2014,01:13:51.717,1.33583,1.33582,1,1.1
14-08-2014,01:13:52.269,1.33584,1.33582,1,1.08
14-08-2014,01:13:53.038,1.33583,1.33582,1,1.1
14-08-2014,01:13:53.553,1.33584,1.33582,1,1.08
14-08-2014,01:13:54.067,1.33583,1.33582,1,1.1
14-08-2014,01:13:54.789,1.33584,1.33582,1,1.08
14-08-2014,01:13:55.389,1.33583,1.33582,1,1.1
14-08-2014,01:13:55.971,1.33584,1.33582,1,1.08
14-08-2014,01:13:56.686,1.33585,1.33583,1.13,8.95
14-08-2014,01:13:56.737,1.33585,1.33584,1,1.25
14-08-2014,01:13:56.839,1.33587,1.33585,1.5,1
14-08-2014,01:13:56.889,1.33587,1.33586,1,1
14-08-2014,01:13:57.092,1.33586,1.33584,1,1.25
14-08-2014,01:13:57.243,1.33585,1.33583,1.5,1
14-08-2014,01:13:57.548,1.33583,1.33581,1,1.08
14-08-2014,01:13:58.070,1.33584,1.3358,3,1.58
14-08-2014,01:13:58.611,1.33584,1.3358,3,1.58
14-08-2014,01:13:59.170,1.33584,1.3358,3,2.4
14-08-2014,01:13:59.861,1.33584,1.3358,3,1.08
14-08-2014,01:14:00.621,1.33584,1.33582,1.69,1.1
14-08-2014,01:14:01.126,1.33584,1.33582,1.69,1.1
14-08-2014,01:14:02.056,1.33584,1.33583,1.5,1.1
14-08-2014,01:14:02.359,1.33582,1.3358,1,2.44
14-08-2014,01:14:05.028,1.33581,1.33579,3.25,1
14-08-2014,01:14:05.079,1.3358,1.33578,1,1
14-08-2014,01:14:05.282,1.33578,1.33575,1,4.05
14-08-2014,01:14:05.585,1.33574,1.33572,1,3
14-08-2014,01:14:06.040,1.33576,1.33574,2.63,2.25
14-08-2014,01:14:06.800,1.33576,1.33574,1,4.5
14-08-2014,01:14:13.507,1.33576,1.33574,1,5.82
14-08-2014,01:14:17.193,1.33576,1.33574,1,5.07
14-08-2014,01:14:18.783,1.33576,1.33574,1,4.13
14-08-2014,01:14:20.574,1.33576,1.33574,1,6
14-08-2014,01:14:42.758,1.33577,1.33575,1,1.88
14-08-2014,01:14:44.496,1.33578,1.33575,1.5,1.5
14-08-2014,01:14:44.799,1.33579,1.33577,1.69,1
14-08-2014,01:14:45.675,1.33579,1.33577,1.25,1
14-08-2014,01:14:46.559,1.33579,1.33577,1,1
14-08-2014,01:14:52.490,1.33578,1.33576,1,2.07
14-08-2014,01:15:00.516,1.33578,1.33577,1,1
14-08-2014,01:15:12.845,1.33579,1.33577,1.5,1.5
14-08-2014,01:15:14.574,1.33579,1.33576,2.25,4.32
14-08-2014,01:15:16.459,1.33579,1.33577,1.5,1
14-08-2014,01:15:16.920,1.33581,1.33578,1,3.19
14-08-2014,01:15:17.022,1.33583,1.3358,2.25,1
14-08-2014,01:15:17.224,1.33585,1.33583,2.25,4.75
14-08-2014,01:15:17.325,1.33586,1.33585,1,4.5
14-08-2014,01:15:17.376,1.33589,1.33587,1.69,1
14-08-2014,01:15:17.477,1.3359,1.33587,4.32,2.5
14-08-2014,01:15:17.831,1.33589,1.33587,1.69,2.25
14-08-2014,01:15:22.345,1.33588,1.33587,1,1
14-08-2014,01:15:22.396,1.33587,1.33584,3.98,6.75
14-08-2014,01:15:22.498,1.33585,1.33582,4.02,3.19
14-08-2014,01:15:22.600,1.33584,1.33582,4.02,1
14-08-2014,01:15:23.055,1.33583,1.3358,1,8.25
14-08-2014,01:15:23.560,1.33582,1.33579,3.94,1
14-08-2014,01:15:25.451,1.33582,1.33579,4.69,1
14-08-2014,01:15:26.377,1.33582,1.33579,3.75,1
14-08-2014,01:15:26.893,1.33582,1.3358,3.75,1
14-08-2014,01:15:27.408,1.33582,1.33579,3.94,1
14-08-2014,01:15:28.792,1.33582,1.3358,3.19,1
14-08-2014,01:15:29.965,1.33582,1.33579,3.19,1
14-08-2014,01:15:30.230,1.33582,1.3358,3.19,1
14-08-2014,01:15:30.988,1.33582,1.3358,3.19,1
14-08-2014,01:15:54.465,1.33583,1.3358,1.5,1.5
14-08-2014,01:15:55.130,1.33584,1.3358,4.69,1.5
14-08-2014,01:15:55.433,1.33584,1.33582,1.69,1
14-08-2014,01:15:55.484,1.33584,1.3358,1.69,1
14-08-2014,01:15:56.013,1.33583,1.3358,1,1
14-08-2014,01:15:58.065,1.33583,1.3358,1.69,1
14-08-2014,01:15:59.054,1.33583,1.3358,1,1
14-08-2014,01:15:59.156,1.33584,1.33582,4.69,1
14-08-2014,01:15:59.257,1.33583,1.3358,1.25,1.5
14-08-2014,01:16:18.511,1.33583,1.3358,1.69,1
14-08-2014,01:16:36.502,1.33583,1.33579,1.69,1.5
14-08-2014,01:17:02.168,1.33583,1.3358,3.19,1
14-08-2014,01:17:48.490,1.33582,1.33579,1,1.13
14-08-2014,01:17:49.013,1.33582,1.3358,1,1
14-08-2014,01:17:54.794,1.33581,1.3358,1.13,1
14-08-2014,01:17:55.299,1.3358,1.33578,2.44,1
14-08-2014,01:18:12.788,1.3358,1.33577,2.82,1.5
14-08-2014,01:18:15.052,1.33579,1.33577,1,1
14-08-2014,01:18:21.380,1.33579,1.33578,1.5,1
14-08-2014,01:18:22.033,1.33581,1.33578,4.13,1
14-08-2014,01:18:22.084,1.33581,1.3358,1.5,1
14-08-2014,01:18:22.612,1.33581,1.33579,1.5,1.5
14-08-2014,01:18:25.581,1.3358,1.33579,2.25,1.5
14-08-2014,01:18:25.733,1.33579,1.33577,1.5,1
14-08-2014,01:18:26.237,1.33579,1.33576,1.5,4.43
14-08-2014,01:18:26.760,1.33579,1.33577,1.69,1
14-08-2014,01:18:27.492,1.33579,1.33576,1.69,4.43
14-08-2014,01:18:28.110,1.33579,1.33577,1.69,1
14-08-2014,01:18:28.727,1.33579,1.33576,1.69,4.43
14-08-2014,01:18:29.272,1.33579,1.33577,1.69,1
14-08-2014,01:18:30.162,1.33579,1.33576,1.69,4.43
14-08-2014,01:18:30.740,1.33579,1.33577,1.69,1
14-08-2014,01:18:31.289,1.33579,1.33576,1.69,4.43
14-08-2014,01:18:31.904,1.33579,1.33577,2.44,1
14-08-2014,01:18:32.423,1.33579,1.33576,3.19,3.68
14-08-2014,01:18:32.935,1.33579,1.33577,3.19,1
14-08-2014,01:18:33.452,1.33579,1.33576,3.19,3.68
14-08-2014,01:18:34.418,1.33579,1.33577,2.44,1
14-08-2014,01:18:35.765,1.33579,1.33576,2.44,3.68
14-08-2014,01:18:36.654,1.33579,1.33577,2.44,1
14-08-2014,01:18:39.212,1.33579,1.33576,2.44,3.68
14-08-2014,01:18:39.725,1.33579,1.33577,2.44,1
14-08-2014,01:18:40.295,1.33579,1.33576,2.44,4.13
14-08-2014,01:18:40.838,1.33579,1.33577,2.44,1
14-08-2014,01:18:42.689,1.33579,1.33576,2.44,3.38
14-08-2014,01:18:43.505,1.33579,1.33577,2.44,1
14-08-2014,01:18:44.241,1.33579,1.33576,2.44,3.38
14-08-2014,01:18:44.786,1.33579,1.33577,2.44,1
14-08-2014,01:18:45.350,1.33579,1.33576,2.44,3.38
14-08-2014,01:18:45.912,1.33579,1.33577,2.44,1
14-08-2014,01:18:46.781,1.33579,1.33576,1,4.13
14-08-2014,01:18:47.421,1.33579,1.33577,1,1
14-08-2014,01:18:48.007,1.33579,1.33576,1,4.13
14-08-2014,01:18:48.719,1.33579,1.33577,1,1
14-08-2014,01:18:49.552,1.33579,1.33576,1,4.13
14-08-2014,01:18:50.084,1.33579,1.33577,1,1
14-08-2014,01:18:50.615,1.33579,1.33576,1,4.13
14-08-2014,01:18:51.571,1.33579,1.33577,1,1
14-08-2014,01:18:52.402,1.33579,1.33576,1,4.13
14-08-2014,01:18:52.913,1.33579,1.33577,1,1
14-08-2014,01:18:53.419,1.33579,1.33576,1.25,4.13
14-08-2014,01:18:55.216,1.33578,1.33576,3,1.5
14-08-2014,01:18:55.317,1.33576,1.33575,1.5,1
14-08-2014,01:18:55.368,1.33576,1.33574,2.25,2.63
14-08-2014,01:18:55.520,1.33575,1.33573,3,1
14-08-2014,01:18:56.024,1.33575,1.33572,3.19,1.5
14-08-2014,01:18:56.571,1.33575,1.33573,5.44,1
14-08-2014,01:19:02.161,1.33575,1.33572,3.94,2.25
14-08-2014,01:19:02.694,1.33575,1.33573,1.5,1.5
14-08-2014,01:19:02.897,1.33576,1.33575,1,2.63
14-08-2014,01:19:02.947,1.33578,1.33575,1.69,4.13
14-08-2014,01:19:03.452,1.33578,1.33576,1,1
14-08-2014,01:19:03.960,1.33578,1.33575,1.5,4.5
14-08-2014,01:19:05.157,1.33577,1.33575,1,3.75
14-08-2014,01:19:05.914,1.33578,1.33575,1,1.5
14-08-2014,01:19:16.940,1.33578,1.33574,1.88,2.25
14-08-2014,01:19:17.143,1.33576,1.33574,1,1
14-08-2014,01:19:17.647,1.33576,1.33573,2.63,1.69
14-08-2014,01:19:18.174,1.33575,1.33574,3.38,1
14-08-2014,01:19:18.735,1.33576,1.33573,1,3.19
14-08-2014,01:19:19.038,1.33578,1.33577,1,1.5
14-08-2014,01:19:19.543,1.33579,1.33576,2.44,1.5
14-08-2014,01:19:25.348,1.3358,1.33576,5.44,5.63
14-08-2014,01:19:25.651,1.3358,1.33578,1.69,1.5
14-08-2014,01:19:28.292,1.3358,1.33579,2.07,1
14-08-2014,01:19:28.546,1.33582,1.33579,2.25,3
14-08-2014,01:19:29.052,1.33582,1.3358,1.5,1
14-08-2014,01:19:49.204,1.33583,1.3358,2.25,1
14-08-2014,01:19:51.124,1.33581,1.3358,1,1
14-08-2014,01:19:51.633,1.33582,1.3358,1,1
14-08-2014,01:19:52.350,1.33583,1.3358,1.99,1
14-08-2014,01:20:04.232,1.33583,1.33579,1.5,3.94
14-08-2014,01:20:17.951,1.33583,1.33579,2.25,6.94
14-08-2014,01:20:19.046,1.33583,1.33579,2.44,6.19
14-08-2014,01:20:21.662,1.33583,1.33579,2.44,9.19
14-08-2014,01:20:26.304,1.33583,1.33581,2.25,1
14-08-2014,01:20:26.985,1.33583,1.3358,1.5,1
14-08-2014,01:20:29.796,1.33583,1.33581,1.69,1
14-08-2014,01:20:30.301,1.33585,1.33581,6.94,3
14-08-2014,01:20:30.756,1.33583,1.33581,2.44,1.5
14-08-2014,01:20:31.060,1.33582,1.33579,1.25,2.25
14-08-2014,01:20:32.241,1.33582,1.3358,1.69,1.5
14-08-2014,01:20:32.746,1.33582,1.33579,2.44,3
14-08-2014,01:20:34.705,1.33581,1.33579,1.5,3
14-08-2014,01:20:34.907,1.3358,1.33577,1.5,2.44
14-08-2014,01:20:36.793,1.33581,1.33577,4.32,1.5
14-08-2014,01:20:36.844,1.33581,1.33579,3.57,1
14-08-2014,01:20:38.293,1.33582,1.33581,1,3.38
14-08-2014,01:20:38.446,1.33584,1.33582,1.99,1
14-08-2014,01:20:38.951,1.33584,1.33581,2.44,1
14-08-2014,01:20:39.473,1.33583,1.3358,1.69,1
14-08-2014,01:20:39.978,1.33582,1.3358,1,1
14-08-2014,01:20:41.771,1.33583,1.33581,1.69,1
14-08-2014,01:20:42.275,1.33582,1.3358,1.25,1
14-08-2014,01:20:42.654,1.33583,1.33578,6.12,5.07
14-08-2014,01:20:43.432,1.33583,1.33579,9.87,1
14-08-2014,01:20:44.138,1.33582,1.3358,1.25,1
14-08-2014,01:20:44.239,1.33584,1.33582,3.3,1
14-08-2014,01:20:44.744,1.33583,1.33581,1.5,1
14-08-2014,01:20:45.261,1.33583,1.3358,1,1
14-08-2014,01:20:51.894,1.33583,1.33579,1.5,3
14-08-2014,01:20:54.583,1.33582,1.33579,1,1
14-08-2014,01:20:55.371,1.33583,1.3358,1.25,1.5
14-08-2014,01:20:55.876,1.33582,1.33579,1,1.32
14-08-2014,01:20:56.784,1.33582,1.33578,1.25,2.74
14-08-2014,01:21:03.614,1.33582,1.33579,1,1
14-08-2014,01:21:10.719,1.33582,1.33578,1.5,3.3
14-08-2014,01:21:16.234,1.33583,1.33579,4.69,1.5
14-08-2014,01:21:16.688,1.33582,1.33579,1.88,1.5
14-08-2014,01:21:17.406,1.33582,1.33579,1.63,1.5
14-08-2014,01:21:18.007,1.33582,1.33579,1.63,1.5
14-08-2014,01:21:18.626,1.33582,1.33579,1.25,1.5
14-08-2014,01:21:22.572,1.33583,1.33581,3.19,1
14-08-2014,01:21:23.112,1.33583,1.33581,2.44,1.5
14-08-2014,01:21:24.549,1.33583,1.33581,1.69,1.5
14-08-2014,01:21:27.348,1.33583,1.33581,1.25,1.5
14-08-2014,01:21:36.314,1.33583,1.33579,2.44,4.32
14-08-2014,01:21:38.838,1.33582,1.33579,1,3
14-08-2014,01:21:39.363,1.33581,1.33579,1,1.5
14-08-2014,01:21:39.515,1.3358,1.33577,1.13,1.5
14-08-2014,01:21:39.768,1.33579,1.33577,6.19,1
14-08-2014,01:21:39.869,1.33576,1.33575,3,1
14-08-2014,01:21:39.920,1.33575,1.33573,1.5,3.75
14-08-2014,01:21:40.424,1.33575,1.33572,3,2.44
14-08-2014,01:21:41.998,1.33574,1.33572,1,1.5
14-08-2014,01:21:44.633,1.33574,1.33573,1,1
14-08-2014,01:21:45.137,1.33574,1.33572,1,1
14-08-2014,01:21:48.956,1.33574,1.33573,1,1
14-08-2014,01:21:49.057,1.33577,1.33575,3.75,1
14-08-2014,01:21:49.513,1.3358,1.33577,6.57,1
14-08-2014,01:21:50.017,1.3358,1.33576,3.94,1
14-08-2014,01:21:50.522,1.3358,1.33576,3.94,1.25
14-08-2014,01:21:52.929,1.3358,1.33576,5.07,1.5
14-08-2014,01:21:53.892,1.3358,1.33576,3,1.5
14-08-2014,01:21:57.918,1.3358,1.33577,1.5,1.05
14-08-2014,01:22:01.997,1.3358,1.33578,1,1
14-08-2014,01:22:13.214,1.33581,1.33578,1.5,1.5
14-08-2014,01:22:29.258,1.33581,1.33579,1.5,1
14-08-2014,01:22:29.762,1.33583,1.33579,5.82,2.25
14-08-2014,01:22:32.617,1.33583,1.3358,4.69,1
14-08-2014,01:22:36.732,1.33583,1.3358,2.63,1
14-08-2014,01:22:37.253,1.33583,1.3358,2.63,1
14-08-2014,01:22:38.312,1.33583,1.3358,2.82,1
14-08-2014,01:22:39.081,1.33583,1.3358,2.82,1
14-08-2014,01:22:39.627,1.33583,1.3358,2.82,1
14-08-2014,01:22:40.271,1.33583,1.3358,2.82,1
14-08-2014,01:22:40.785,1.33583,1.3358,2.82,1
14-08-2014,01:22:41.313,1.33583,1.3358,3.19,1
14-08-2014,01:22:41.957,1.33583,1.3358,3.19,1
14-08-2014,01:22:42.668,1.33583,1.3358,3.94,1
14-08-2014,01:22:43.186,1.33583,1.3358,3.19,1
14-08-2014,01:22:43.698,1.33583,1.3358,3.19,1
14-08-2014,01:22:44.283,1.33583,1.3358,3.19,1
14-08-2014,01:22:45.392,1.33583,1.3358,3.19,1
14-08-2014,01:22:46.363,1.33583,1.3358,3.19,1
14-08-2014,01:22:46.906,1.33583,1.3358,3.19,1
14-08-2014,01:22:47.411,1.33583,1.3358,3.19,1
14-08-2014,01:22:47.943,1.33583,1.3358,2.07,1
14-08-2014,01:22:48.762,1.33583,1.3358,2.07,1
14-08-2014,01:22:49.284,1.33583,1.3358,2.07,1
14-08-2014,01:22:49.848,1.33583,1.3358,2.07,1
14-08-2014,01:22:50.856,1.33583,1.3358,2.07,1
14-08-2014,01:22:52.613,1.33583,1.3358,2.07,1
14-08-2014,01:22:53.147,1.33583,1.3358,2.07,1
14-08-2014,01:22:54.050,1.33583,1.3358,2.07,1
14-08-2014,01:22:54.554,1.33583,1.3358,2.07,1
14-08-2014,01:22:55.056,1.33583,1.3358,2.07,1
