Time,Ask,Bid,AskVolume,BidVolume,
2014.08.14,00:00:00.572,1.66886,1.66875,1,2.4
2014.08.14,00:00:01.658,1.66884,1.66875,1,2.4
2014.08.14,00:00:02.329,1.66883,1.66875,1,2.4
2014.08.14,00:00:02.844,1.66884,1.66875,1,2.4
2014.08.14,00:00:03.363,1.66884,1.66874,1,3.45
2014.08.14,00:00:05.979,1.66884,1.66874,1,4.2
2014.08.14,00:00:07.202,1.66886,1.66874,1,4.2
2014.08.14,00:00:07.612,1.66884,1.66874,1,4.2
2014.08.14,00:00:12.690,1.66885,1.66875,1,2.4
2014.08.14,00:00:13.145,1.66887,1.66875,1.5,2.4
2014.08.14,00:00:13.691,1.66888,1.66876,1,1.58
2014.08.14,00:00:18.759,1.66887,1.66876,1,2.33
2014.08.14,00:00:19.841,1.66888,1.66876,1,2.33
2014.08.14,00:00:30.460,1.66888,1.66876,1.19,2.52
2014.08.14,00:00:31.077,1.66888,1.66877,1,1.09
2014.08.14,00:00:31.380,1.66892,1.66878,4.02,1.39
2014.08.14,00:00:32.564,1.66892,1.66878,2.52,2.52
2014.08.14,00:00:33.080,1.66892,1.66878,2.52,1.02
2014.08.14,00:00:50.927,1.6689,1.66877,1.19,1.09
2014.08.14,00:00:52.416,1.6689,1.66878,1.69,1.1
2014.08.14,00:00:54.519,1.66891,1.66878,2.07,1.02
2014.08.14,00:00:58.332,1.66891,1.66877,1.69,1.84
2014.08.14,00:01:03.344,1.6689,1.66879,1,1.32
2014.08.14,00:01:03.701,1.66892,1.66879,1.39,1.32
2014.08.14,00:01:09.973,1.66892,1.66878,3.64,1.02
2014.08.14,00:01:10.276,1.66891,1.66879,1.13,1.19
2014.08.14,00:01:15.387,1.66891,1.66878,1.32,1.32
2014.08.14,00:01:16.370,1.66891,1.66879,1.13,1.19
2014.08.14,00:01:19.016,1.66892,1.66879,2.07,1.32
2014.08.14,00:01:19.985,1.66892,1.66878,2.82,1.57
2014.08.14,00:01:22.697,1.66892,1.66877,3.57,3.94
2014.08.14,00:01:23.808,1.66891,1.66879,1,1.19
2014.08.14,00:01:24.364,1.6689,1.66879,1,1.19
2014.08.14,00:01:24.819,1.66888,1.66879,1,1.19
2014.08.14,00:01:25.374,1.6689,1.66879,1,1.19
2014.08.14,00:01:25.899,1.66887,1.66879,1,1.19
2014.08.14,00:01:26.692,1.66887,1.66876,1,4.69
2014.08.14,00:01:27.298,1.66887,1.66876,1,4.02
2014.08.14,00:01:27.803,1.66886,1.66876,1.25,1
2014.08.14,00:01:29.526,1.66886,1.66874,1.25,1.39
2014.08.14,00:01:32.217,1.66888,1.66874,1.29,2.52
2014.08.14,00:01:32.722,1.66886,1.66874,1,2.52
2014.08.14,00:01:35.926,1.66881,1.66874,1,1.77
2014.08.14,00:01:36.078,1.66881,1.66872,1,2.89
2014.08.14,00:01:36.603,1.66884,1.66872,1,1.67
2014.08.14,00:01:37.159,1.66884,1.66872,1.25,1.67
2014.08.14,00:01:37.795,1.66884,1.66872,1.25,2.07
2014.08.14,00:01:41.841,1.66882,1.66872,1,2.14
2014.08.14,00:01:42.346,1.66883,1.66872,1,1.47
2014.08.14,00:01:42.852,1.66884,1.66872,1.25,1.84
2014.08.14,00:01:51.249,1.66886,1.66874,2.44,1
2014.08.14,00:01:56.924,1.66886,1.66874,2.44,1.25
2014.08.14,00:02:02.846,1.66883,1.66874,1,1.02
2014.08.14,00:02:03.300,1.66881,1.66873,1,1.37
2014.08.14,00:02:04.306,1.66883,1.66873,1,1.09
2014.08.14,00:02:04.876,1.66884,1.66873,1.25,1.09
2014.08.14,00:02:11.023,1.66887,1.66874,1.19,1.02
2014.08.14,00:02:21.895,1.66883,1.66873,1,1.77
2014.08.14,00:02:22.469,1.66883,1.66874,1,1.3
2014.08.14,00:02:26.104,1.66884,1.66874,1,1.3
2014.08.14,00:02:26.616,1.66885,1.66874,1.25,1.77
2014.08.14,00:02:27.130,1.66887,1.66874,1.69,1.77
2014.08.14,00:02:29.364,1.66884,1.66873,1,1.5
2014.08.14,00:02:31.226,1.66885,1.66874,1.25,1.3
2014.08.14,00:02:31.452,1.66885,1.66872,1.25,2.89
2014.08.14,00:02:31.968,1.66885,1.66872,1.19,2.14
2014.08.14,00:02:40.111,1.66887,1.66872,3.94,2.89
2014.08.14,00:02:47.045,1.66887,1.66872,2.44,2.7
2014.08.14,00:02:47.146,1.66886,1.66872,1.19,2.89
2014.08.14,00:02:48.315,1.66887,1.66872,3.19,3.64
2014.08.14,00:02:55.118,1.66886,1.66874,1.19,1.1
2014.08.14,00:02:56.465,1.66886,1.66874,1.19,1.02
2014.08.14,00:03:03.123,1.66884,1.66874,1,1.02
2014.08.14,00:03:03.717,1.66886,1.66874,1.69,1.02
2014.08.14,00:03:07.752,1.66886,1.66874,2.52,1
2014.08.14,00:03:10.760,1.66886,1.66874,2.52,1.25
2014.08.14,00:03:18.406,1.66886,1.66873,1.25,2.97
2014.08.14,00:03:30.008,1.66886,1.66875,1.19,1
2014.08.14,00:03:31.302,1.66886,1.66874,1.19,1.02
2014.08.14,00:03:39.993,1.66886,1.66873,1.69,1.32
2014.08.14,00:03:40.498,1.66884,1.66871,1.77,1.77
2014.08.14,00:03:45.337,1.66883,1.66871,1.32,1.19
2014.08.14,00:03:52.066,1.66883,1.66871,1.5,1.69
2014.08.14,00:03:55.555,1.66883,1.6687,1.69,2.52
2014.08.14,00:03:56.100,1.66882,1.6687,1,2.52
2014.08.14,00:03:56.624,1.66881,1.6687,1,2.52
2014.08.14,00:04:00.668,1.66881,1.66871,1,1.19
2014.08.14,00:04:04.085,1.66883,1.66872,1.58,1.19
2014.08.14,00:04:04.439,1.66881,1.66872,1,1.19
2014.08.14,00:04:05.099,1.66881,1.66871,1,1.29
2014.08.14,00:04:06.839,1.66882,1.66871,1,1.29
2014.08.14,00:04:07.352,1.66883,1.66871,1.13,1.29
2014.08.14,00:04:20.844,1.66885,1.66872,5.52,1.19
2014.08.14,00:04:22.757,1.66885,1.66871,5.52,1.29
2014.08.14,00:04:23.885,1.66884,1.66871,1.69,1.29
2014.08.14,00:04:52.216,1.66884,1.6687,1.19,3.34
2014.08.14,00:05:02.463,1.66885,1.66872,2.52,1.19
2014.08.14,00:05:05.349,1.66884,1.66872,1.47,1.19
2014.08.14,00:05:12.047,1.66882,1.66872,1,1.19
2014.08.14,00:05:12.588,1.66882,1.66871,1,1.69
2014.08.14,00:05:13.465,1.66882,1.66871,1,2.52
2014.08.14,00:05:16.251,1.66883,1.66871,1.13,2.52
2014.08.14,00:05:17.214,1.66882,1.66871,1,2.52
2014.08.14,00:05:26.812,1.66882,1.6687,1,1.19
2014.08.14,00:05:27.335,1.66884,1.6687,5.59,1.19
2014.08.14,00:05:34.141,1.66883,1.66871,1.13,1.29
2014.08.14,00:05:36.042,1.66881,1.66869,1,3.27
2014.08.14,00:05:37.229,1.66881,1.6687,1,1.19
2014.08.14,00:05:39.610,1.66881,1.66869,1,1.29
2014.08.14,00:05:40.614,1.66881,1.6687,1,1.19
2014.08.14,00:05:41.583,1.66882,1.6687,1.88,1.19
2014.08.14,00:05:42.112,1.66882,1.66869,2.07,1.29
2014.08.14,00:05:44.356,1.66882,1.66868,2.07,1.84
2014.08.14,00:05:48.601,1.6688,1.66868,1,1.84
2014.08.14,00:05:50.443,1.66882,1.66868,2.07,1.84
2014.08.14,00:05:56.165,1.66882,1.6687,1.13,1.19
2014.08.14,00:06:04.081,1.66882,1.66869,1.32,1.37
2014.08.14,00:06:05.215,1.6688,1.66868,1.25,1.02
2014.08.14,00:06:05.316,1.6688,1.66866,1.19,2.52
2014.08.14,00:06:06.327,1.6688,1.66866,2.07,1.77
2014.08.14,00:06:13.625,1.66878,1.66865,1.19,3.19
2014.08.14,00:06:13.777,1.66878,1.66865,1.84,1.25
2014.08.14,00:06:13.929,1.66875,1.66863,3.75,1.29
2014.08.14,00:06:14.434,1.66875,1.66862,1.02,1.19
2014.08.14,00:06:15.223,1.66875,1.66861,1.02,4.39
2014.08.14,00:06:16.408,1.66875,1.66862,1.02,1.19
2014.08.14,00:06:18.819,1.66875,1.66861,1.02,3.64
2014.08.14,00:06:20.608,1.66872,1.66861,1,2.14
2014.08.14,00:06:20.717,1.6687,1.6686,1.13,1.69
2014.08.14,00:06:20.869,1.6687,1.66857,1.47,1.32
2014.08.14,00:06:21.376,1.66868,1.66856,1,3.57
2014.08.14,00:06:21.881,1.66868,1.66855,1.32,4.02
2014.08.14,00:06:24.093,1.66867,1.66856,1,1.19
2014.08.14,00:06:24.648,1.66869,1.66856,1.02,1.19
2014.08.14,00:06:27.331,1.66869,1.66855,1.57,4.02
2014.08.14,00:06:29.740,1.66869,1.66858,1.57,1
2014.08.14,00:06:30.365,1.66868,1.66859,1.57,1
2014.08.14,00:06:31.274,1.66869,1.66858,2.07,1.25
2014.08.14,00:06:31.787,1.66866,1.66858,1,1.25
2014.08.14,00:06:32.342,1.66867,1.66856,1.13,1.84
2014.08.14,00:06:32.857,1.66866,1.66859,1,1
2014.08.14,00:06:32.908,1.66867,1.66856,1.13,1.37
2014.08.14,00:06:33.425,1.66866,1.66856,1,1.37
2014.08.14,00:06:34.433,1.66869,1.66856,1.57,1.37
2014.08.14,00:06:34.586,1.66868,1.66859,1.63,1
2014.08.14,00:06:35.093,1.66866,1.66859,1,1
2014.08.14,00:06:35.651,1.66866,1.66856,1,1.37
2014.08.14,00:06:36.737,1.66867,1.66856,1.13,1.37
2014.08.14,00:06:36.889,1.66866,1.66859,1,1
2014.08.14,00:06:37.395,1.66867,1.66859,1.13,1
2014.08.14,00:06:38.622,1.66866,1.66859,1,1
2014.08.14,00:06:40.832,1.66867,1.66859,1.13,1
2014.08.14,00:06:41.392,1.66866,1.66859,1,1
2014.08.14,00:06:41.909,1.66866,1.66858,1,1
2014.08.14,00:06:44.473,1.66866,1.66859,1,1
2014.08.14,00:06:46.573,1.66868,1.66859,1.38,1
2014.08.14,00:06:47.452,1.66867,1.66858,1.13,1
2014.08.14,00:06:48.435,1.66866,1.66858,1,1
2014.08.14,00:06:48.941,1.66865,1.66858,1,1
2014.08.14,00:06:53.732,1.66865,1.66857,1,1.25
2014.08.14,00:06:55.473,1.66862,1.66855,1,2.59
2014.08.14,00:06:55.675,1.66864,1.66854,1,4.02
2014.08.14,00:06:56.189,1.66865,1.66854,1.25,4.02
2014.08.14,00:06:57.841,1.66865,1.66854,1,5.89
2014.08.14,00:06:58.379,1.66866,1.66854,1.25,5.89
2014.08.14,00:06:59.551,1.66865,1.66854,1.19,3.83
2014.08.14,00:07:00.064,1.66865,1.66855,1.19,1
2014.08.14,00:07:00.569,1.66864,1.66852,1.69,1.02
2014.08.14,00:07:00.922,1.66863,1.66851,1.32,1.84
2014.08.14,00:07:10.083,1.66863,1.6685,2.07,2.52
2014.08.14,00:07:11.209,1.66862,1.6685,1.69,2.89
2014.08.14,00:07:11.516,1.66862,1.6685,1.69,1.32
2014.08.14,00:07:13.213,1.66862,1.6685,1.25,1.32
2014.08.14,00:07:16.137,1.66861,1.6685,1.69,1.13
2014.08.14,00:07:19.420,1.66859,1.66849,1.19,1.95
2014.08.14,00:07:20.867,1.66858,1.66847,1.39,2.07
2014.08.14,00:07:22.611,1.66858,1.66847,1.39,1.88
2014.08.14,00:07:23.630,1.66858,1.66847,1.39,2.07
2014.08.14,00:07:31.107,1.66858,1.66846,1.39,1.69
2014.08.14,00:07:32.331,1.66858,1.66846,1.39,1.69
2014.08.14,00:07:37.160,1.66858,1.66846,1.32,1.33
2014.08.14,00:07:37.665,1.66858,1.66848,1.19,1.13
2014.08.14,00:07:38.191,1.66859,1.66848,1.19,1.13
2014.08.14,00:07:39.120,1.66859,1.66848,1.19,1.2
2014.08.14,00:07:46.582,1.66858,1.66848,1.69,1.2
2014.08.14,00:07:48.132,1.66858,1.66846,1.69,3.72
2014.08.14,00:07:48.587,1.66855,1.66846,1,3.34
2014.08.14,00:07:48.688,1.66857,1.66846,1.25,3.34
2014.08.14,00:07:49.155,1.66855,1.66846,1,2.59
2014.08.14,00:07:50.714,1.66855,1.66845,1,1.09
2014.08.14,00:07:51.219,1.66856,1.66844,1.69,3.34
2014.08.14,00:07:51.726,1.66856,1.66843,1.69,1.39
2014.08.14,00:07:55.529,1.66854,1.66843,1.19,3.45
2014.08.14,00:07:55.680,1.66852,1.66842,1,1.39
2014.08.14,00:07:56.188,1.66853,1.6684,4.02,1.19
2014.08.14,00:07:56.693,1.66851,1.66839,1,2.14
2014.08.14,00:07:57.262,1.66852,1.66839,1.69,1.29
2014.08.14,00:08:00.074,1.6685,1.66837,1.19,1.39
2014.08.14,00:08:00.580,1.66848,1.66837,1,2.14
2014.08.14,00:08:03.453,1.66848,1.66838,1,1.37
2014.08.14,00:08:04.084,1.66849,1.66838,1,1.37
2014.08.14,00:08:08.973,1.66849,1.66837,1,1.02
2014.08.14,00:08:09.125,1.66849,1.66836,1,1.18
2014.08.14,00:08:09.175,1.66845,1.66836,1,1.37
2014.08.14,00:08:09.479,1.66847,1.66837,1,1.19
2014.08.14,00:08:09.832,1.66849,1.66839,1.1,1.32
2014.08.14,00:08:09.984,1.66849,1.66839,1,2.14
2014.08.14,00:08:10.136,1.66853,1.66841,3,1.77
2014.08.14,00:08:10.641,1.66854,1.66842,1.38,1.19
2014.08.14,00:08:25.540,1.66854,1.66841,1.09,2.44
2014.08.14,00:08:37.501,1.66854,1.66841,1.68,2.44
2014.08.14,00:08:40.494,1.66851,1.66841,1,1.69
2014.08.14,00:08:40.848,1.66853,1.66841,1.13,1.69
2014.08.14,00:08:41.625,1.66855,1.66842,1.47,1.19
2014.08.14,00:08:42.138,1.66852,1.66842,1,1.19
2014.08.14,00:08:42.648,1.66854,1.66843,1.48,1.19
2014.08.14,00:08:44.293,1.66854,1.66842,1.2,1.19
2014.08.14,00:08:44.343,1.66852,1.66842,1,1.19
2014.08.14,00:08:44.848,1.66851,1.66842,1,1.19
2014.08.14,00:08:45.353,1.66853,1.66842,1.13,1.19
2014.08.14,00:08:45.897,1.66853,1.66841,1.13,2.07
2014.08.14,00:08:48.804,1.66852,1.66841,1,1.19
2014.08.14,00:08:48.956,1.66851,1.66839,3,1.39
2014.08.14,00:08:49.158,1.66848,1.66837,1.95,1.69
2014.08.14,00:08:50.845,1.66848,1.66837,1.95,1.19
2014.08.14,00:08:50.947,1.66848,1.66837,1.2,1.19
2014.08.14,00:08:51.469,1.66848,1.66837,1.58,1.19
2014.08.14,00:08:52.068,1.66848,1.66837,1.2,1.19
2014.08.14,00:08:52.578,1.66848,1.66837,1.2,1.69
2014.08.14,00:08:53.826,1.66848,1.66837,1.77,1.25
2014.08.14,00:08:54.338,1.66847,1.66837,1,1.25
2014.08.14,00:08:54.863,1.66846,1.66837,1,1.25
2014.08.14,00:08:59.350,1.66846,1.66837,1,1.19
2014.08.14,00:09:00.108,1.66847,1.66837,1,1.19
2014.08.14,00:09:01.407,1.66846,1.66837,1,1.19
2014.08.14,00:09:02.416,1.66848,1.66837,1.2,1.19
2014.08.14,00:09:02.920,1.66848,1.66837,1.39,1.25
2014.08.14,00:09:05.083,1.66848,1.66837,1.2,1.69
2014.08.14,00:09:08.308,1.66847,1.66837,1,1.69
2014.08.14,00:09:08.677,1.66851,1.66838,1.25,2.14
2014.08.14,00:09:08.880,1.66852,1.6684,1,1.39
2014.08.14,00:09:09.917,1.66852,1.66841,1,1.19
2014.08.14,00:09:10.423,1.66854,1.66841,2.14,1.19
2014.08.14,00:09:12.989,1.66854,1.6684,1.77,1.39
2014.08.14,00:09:15.362,1.66851,1.6684,1,1.29
2014.08.14,00:09:15.867,1.66852,1.66839,1.77,2.07
2014.08.14,00:09:16.599,1.66853,1.6684,1.47,1.19
2014.08.14,00:09:19.439,1.66853,1.66839,3.34,2.82
2014.08.14,00:09:19.742,1.66848,1.66838,1,1.19
2014.08.14,00:09:20.198,1.66846,1.66838,1,1.19
2014.08.14,00:09:21.106,1.66851,1.66839,1.5,1.19
2014.08.14,00:09:21.157,1.66851,1.66839,1.13,1.19
2014.08.14,00:09:21.763,1.6685,1.66839,1.1,1.19
2014.08.14,00:09:21.978,1.66849,1.66839,1.18,1.19
2014.08.14,00:09:22.282,1.66846,1.66837,1,2.07
2014.08.14,00:09:23.151,1.66846,1.66839,1,1.19
2014.08.14,00:09:23.236,1.6685,1.66839,1.95,1.19
2014.08.14,00:09:23.590,1.66851,1.66839,1.28,1.19
2014.08.14,00:09:24.096,1.66851,1.6684,1.28,1.19
2014.08.14,00:09:26.356,1.66847,1.66838,1,3.19
2014.08.14,00:09:27.810,1.66846,1.66838,1,1.32
2014.08.14,00:09:28.462,1.66846,1.66836,1,2.52
2014.08.14,00:09:28.564,1.66845,1.66836,1,2.33
2014.08.14,00:09:28.917,1.66842,1.66836,1,2.25
2014.08.14,00:09:29.418,1.66841,1.66833,1,1.19
2014.08.14,00:09:29.671,1.66841,1.66829,1,5.7
2014.08.14,00:09:29.722,1.66841,1.66829,1.1,1.95
2014.08.14,00:09:30.227,1.66841,1.66829,1.84,1.32
2014.08.14,00:09:30.985,1.66841,1.6683,1.69,1.25
2014.08.14,00:09:33.048,1.66842,1.66829,1.02,1.19
2014.08.14,00:09:34.044,1.66842,1.66829,1.29,1.19
2014.08.14,00:09:34.709,1.66842,1.66828,2.89,1.19
2014.08.14,00:09:34.861,1.6684,1.66828,1.77,1.19
2014.08.14,00:09:35.366,1.6684,1.66827,1.84,1.19
2014.08.14,00:09:35.889,1.66839,1.66827,1.25,1.32
2014.08.14,00:09:36.875,1.66839,1.66827,1.19,1.32
2014.08.14,00:09:38.314,1.66839,1.66827,1.19,3.19
2014.08.14,00:09:39.200,1.66838,1.66827,1.29,2.25
2014.08.14,00:09:41.905,1.6684,1.66827,2.52,1.69
2014.08.14,00:09:46.403,1.66839,1.66826,1.98,3.19
2014.08.14,00:09:47.211,1.66835,1.66825,2.44,1
2014.08.14,00:09:47.463,1.66835,1.66823,1.77,1.25
2014.08.14,00:09:47.565,1.66835,1.66823,1.77,2.44
2014.08.14,00:09:47.767,1.66832,1.6682,1.19,2.07
2014.08.14,00:09:47.818,1.66834,1.66821,1.47,1.32
2014.08.14,00:09:48.324,1.66834,1.66823,1.32,1
2014.08.14,00:09:48.999,1.66835,1.66823,1.02,1.19
2014.08.14,00:09:50.020,1.66836,1.66823,1.25,2.14
2014.08.14,00:09:53.515,1.66836,1.66825,1.19,1.5
2014.08.14,00:09:54.724,1.66836,1.66825,1.25,1.69
2014.08.14,00:09:57.710,1.66834,1.66825,1.25,1.5
2014.08.14,00:09:58.821,1.66837,1.66824,1.77,1.19
2014.08.14,00:09:59.962,1.66836,1.66825,1.19,1
2014.08.14,00:10:00.470,1.66836,1.66824,1.19,1.69
2014.08.14,00:10:01.134,1.66836,1.66824,1.25,1.69
2014.08.14,00:10:02.144,1.66836,1.66823,1.19,1.29
2014.08.14,00:10:02.347,1.66834,1.66822,1.19,2.59
2014.08.14,00:10:02.596,1.66832,1.6682,1.19,1.02
2014.08.14,00:10:05.877,1.6683,1.66818,1.25,1.77
2014.08.14,00:10:05.928,1.6683,1.66818,1.69,1.69
2014.08.14,00:10:07.156,1.6683,1.66819,1.09,1.25
2014.08.14,00:10:07.610,1.6683,1.66821,1.02,1
2014.08.14,00:10:08.849,1.6683,1.6682,1.02,1
2014.08.14,00:10:10.815,1.6683,1.66821,1.25,1
2014.08.14,00:10:11.320,1.66832,1.6682,1.69,1.02
2014.08.14,00:10:11.846,1.66832,1.66821,1.69,1
2014.08.14,00:10:12.678,1.66832,1.66818,1.19,3.64
2014.08.14,00:10:13.201,1.66831,1.66818,1.19,3.64
2014.08.14,00:10:13.657,1.66829,1.66817,1.25,2.22
2014.08.14,00:10:14.179,1.66829,1.66819,1.25,1
2014.08.14,00:10:15.406,1.66829,1.66819,1.19,1
2014.08.14,00:10:16.839,1.66828,1.66817,1.25,1.25
2014.08.14,00:10:18.475,1.66828,1.66817,1.19,1
2014.08.14,00:10:20.383,1.66829,1.66817,1.25,1.32
2014.08.14,00:10:20.635,1.66831,1.66818,1.84,1.19
2014.08.14,00:10:21.139,1.66831,1.66818,1.69,1.39
2014.08.14,00:10:21.676,1.66832,1.66821,1.19,3
2014.08.14,00:10:21.728,1.66833,1.66822,1.32,1
2014.08.14,00:10:21.930,1.66832,1.66822,1.19,3.08
2014.08.14,00:10:22.443,1.66832,1.66823,1.19,3
2014.08.14,00:10:24.058,1.66832,1.66822,1.19,3
2014.08.14,00:10:30.521,1.66831,1.66822,1.19,3
2014.08.14,00:10:33.849,1.66831,1.66823,1.19,3
2014.08.14,00:10:34.525,1.66832,1.66823,1.25,3
2014.08.14,00:10:35.095,1.66832,1.66822,1.77,3
2014.08.14,00:10:35.600,1.66832,1.66822,1.77,3
2014.08.14,00:10:38.058,1.66833,1.66822,1.69,3
2014.08.14,00:10:39.251,1.66833,1.66822,2.07,3
2014.08.14,00:10:39.757,1.66833,1.66823,1.32,3
2014.08.14,00:10:40.151,1.66834,1.66827,3.75,3
2014.08.14,00:10:40.252,1.66835,1.66827,1.25,3
2014.08.14,00:10:46.619,1.66837,1.66826,2.82,3.75
2014.08.14,00:10:50.170,1.66837,1.66828,1.88,1
2014.08.14,00:10:50.323,1.66838,1.66828,1.32,1.1
2014.08.14,00:10:50.626,1.66837,1.66828,1.88,1.58
2014.08.14,00:10:51.128,1.66837,1.66826,2.82,1.65
2014.08.14,00:10:51.634,1.66837,1.66826,3.57,1
2014.08.14,00:10:52.190,1.66836,1.66825,1.57,3.75
2014.08.14,00:10:53.241,1.66835,1.66825,1.32,3.83
2014.08.14,00:10:58.650,1.66835,1.66828,1.25,1
2014.08.14,00:10:59.164,1.66835,1.66829,1.25,1
2014.08.14,00:11:00.421,1.66837,1.66829,1.32,1
2014.08.14,00:11:01.832,1.66837,1.66827,1.32,1.1
2014.08.14,00:11:02.450,1.66837,1.66827,1.25,1
2014.08.14,00:11:03.812,1.66837,1.66828,1.25,1
2014.08.14,00:11:04.390,1.66837,1.66827,1.25,1
2014.08.14,00:11:04.982,1.66837,1.66828,1.25,1
2014.08.14,00:11:05.499,1.66837,1.66828,1.19,1
2014.08.14,00:11:06.521,1.66838,1.66828,1.25,1
2014.08.14,00:11:09.019,1.66838,1.66828,1.09,1
2014.08.14,00:11:09.524,1.66837,1.66826,1.19,3.9
2014.08.14,00:11:12.925,1.66837,1.66825,1.37,1.25
2014.08.14,00:11:13.951,1.66836,1.66825,1.29,1
2014.08.14,00:11:17.277,1.66835,1.66825,1.19,1
2014.08.14,00:11:17.378,1.66836,1.66825,1.02,1.25
2014.08.14,00:11:19.998,1.66836,1.66825,1.29,1
2014.08.14,00:11:22.100,1.66838,1.66825,4.39,1.19
2014.08.14,00:11:22.203,1.66837,1.66825,1.47,1.25
2014.08.14,00:11:23.096,1.66835,1.66825,1.19,1
2014.08.14,00:11:23.147,1.66835,1.66823,1.19,1.32
2014.08.14,00:11:23.198,1.66834,1.66823,1.94,1
2014.08.14,00:11:23.400,1.66831,1.6682,4.02,1
2014.08.14,00:11:23.905,1.66831,1.66819,4.77,1.69
2014.08.14,00:11:24.461,1.6683,1.66819,1.25,1.69
2014.08.14,00:11:25.188,1.66829,1.66819,1,1.69
2014.08.14,00:11:25.697,1.66828,1.66819,1,1.58
2014.08.14,00:11:30.900,1.6683,1.66819,1.19,1.5
2014.08.14,00:11:31.001,1.66831,1.66819,1.02,1.69
2014.08.14,00:11:31.502,1.6683,1.66819,1,1.69
2014.08.14,00:11:32.087,1.66832,1.66819,1.84,1.69
2014.08.14,00:11:33.005,1.66832,1.66819,1.84,2.44
2014.08.14,00:11:33.207,1.66832,1.66819,3.34,1.69
2014.08.14,00:11:34.225,1.66831,1.66819,1.39,1
2014.08.14,00:11:37.817,1.66832,1.66819,3.34,1.25
2014.08.14,00:11:39.619,1.66831,1.66819,1.39,1
2014.08.14,00:11:53.852,1.66832,1.66819,1.37,1.19
2014.08.14,00:11:53.953,1.66833,1.6682,2.52,1.19
2014.08.14,00:11:56.116,1.66833,1.6682,1.09,1.19
2014.08.14,00:11:56.643,1.66833,1.6682,1.02,1.19
2014.08.14,00:11:57.175,1.66833,1.6682,4.02,1.19
2014.08.14,00:11:59.703,1.66833,1.66819,4.02,1.77
2014.08.14,00:12:01.358,1.66834,1.66823,2.59,1
2014.08.14,00:12:01.662,1.66835,1.66826,1.25,1
2014.08.14,00:12:01.965,1.66834,1.66824,2.33,1.25
2014.08.14,00:12:03.405,1.66833,1.66823,1.88,1.25
2014.08.14,00:12:03.917,1.66833,1.66823,5.25,1.25
2014.08.14,00:12:04.488,1.66833,1.66823,1.13,1.25
2014.08.14,00:12:07.273,1.66833,1.66823,1.13,1.19
2014.08.14,00:12:07.627,1.66832,1.66823,1.38,1
2014.08.14,00:12:07.728,1.66831,1.6682,1.5,1.1
2014.08.14,00:12:08.964,1.66831,1.66819,2.44,1.25
2014.08.14,00:12:11.065,1.66829,1.66818,1,1.29
2014.08.14,00:12:11.585,1.66828,1.66817,1,2.44
2014.08.14,00:12:12.098,1.66828,1.66817,1,1.69
2014.08.14,00:12:13.046,1.6683,1.66817,2.52,1.69
2014.08.14,00:12:14.224,1.6683,1.66817,1.02,2.44
2014.08.14,00:12:23.946,1.6683,1.66818,1.1,1.19
2014.08.14,00:12:24.451,1.66829,1.66818,1,1.77
2014.08.14,00:12:25.340,1.66828,1.66818,1,1.77
2014.08.14,00:12:28.881,1.66831,1.66818,1.25,1.77
2014.08.14,00:12:32.769,1.66829,1.66817,1,1.58
2014.08.14,00:12:36.979,1.66829,1.66817,1,2.44
2014.08.14,00:12:38.394,1.6683,1.66817,1.58,1.69
2014.08.14,00:12:38.898,1.6683,1.66817,1.29,2.07
2014.08.14,00:12:39.404,1.66831,1.66817,1.84,2.82
2014.08.14,00:12:39.907,1.66831,1.66818,1.47,1.19
2014.08.14,00:12:47.474,1.6683,1.66817,1.02,3.19
2014.08.14,00:12:51.095,1.66831,1.6682,3.75,1.69
2014.08.14,00:12:51.802,1.66833,1.66821,4.09,1.19
2014.08.14,00:12:52.896,1.66833,1.66821,3.9,1.69
2014.08.14,00:13:04.145,1.66834,1.66823,1.2,1.19
2014.08.14,00:13:05.090,1.66835,1.66823,1.47,1.19
2014.08.14,00:13:05.609,1.66835,1.66823,1.47,1.25
2014.08.14,00:13:10.342,1.66836,1.66824,2.14,1
2014.08.14,00:13:10.647,1.66838,1.66826,3.34,1.32
2014.08.14,00:13:10.698,1.66839,1.66826,1.32,1.39
2014.08.14,00:13:11.215,1.66839,1.66825,2.22,2.07
2014.08.14,00:13:11.973,1.66837,1.66825,1.19,2.07
2014.08.14,00:13:12.074,1.66837,1.66827,1.19,1
2014.08.14,00:13:12.327,1.66837,1.66825,1.32,1.69
2014.08.14,00:13:12.832,1.66837,1.66824,1.47,2.07
2014.08.14,00:13:13.337,1.66836,1.66823,1.02,1.19
2014.08.14,00:13:24.653,1.66836,1.66824,1.02,1.25
2014.08.14,00:13:25.654,1.66836,1.66825,1.02,1
2014.08.14,00:13:26.159,1.66837,1.66825,2.59,1
2014.08.14,00:13:28.839,1.66837,1.66823,2.59,2.07
2014.08.14,00:13:32.733,1.66835,1.66823,1.02,1.19
2014.08.14,00:13:34.010,1.66835,1.66823,1.02,1.25
2014.08.14,00:13:37.113,1.66836,1.66823,1.09,1.19
2014.08.14,00:13:38.101,1.66837,1.66822,4.02,2.59
2014.08.14,00:13:42.912,1.66835,1.66822,1.77,1.69
2014.08.14,00:13:44.713,1.66834,1.66821,1.09,1.69
2014.08.14,00:13:45.220,1.66834,1.66821,2.52,1.69
2014.08.14,00:13:45.770,1.66833,1.66821,1.2,1.69
2014.08.14,00:13:51.436,1.66833,1.66821,1.39,1.19
2014.08.14,00:13:51.588,1.66834,1.66821,1.09,1.19
2014.08.14,00:13:58.377,1.66834,1.66821,1.84,1.25
2014.08.14,00:14:01.361,1.66834,1.66821,1.09,1.19
2014.08.14,00:14:03.346,1.66834,1.66821,1.84,1.25
2014.08.14,00:14:04.096,1.66831,1.66819,1.19,1.95
2014.08.14,00:14:04.147,1.66832,1.66819,1.2,1.39
2014.08.14,00:14:04.552,1.66831,1.6682,1.1,1.19
2014.08.14,00:14:04.855,1.66834,1.66821,1.84,1.19
2014.08.14,00:14:05.764,1.66834,1.66821,1.84,1.19
2014.08.14,00:14:09.797,1.66834,1.6682,2.59,1.32
2014.08.14,00:14:12.041,1.66834,1.66823,1.09,1
2014.08.14,00:14:12.092,1.66835,1.66824,2.33,1.19
2014.08.14,00:14:12.143,1.66835,1.66824,1,1.32
2014.08.14,00:14:12.194,1.66836,1.66825,1.1,1.19
2014.08.14,00:14:12.704,1.66839,1.66825,2.14,2.44
2014.08.14,00:14:13.224,1.6684,1.66826,4.39,1.32
2014.08.14,00:14:14.916,1.6684,1.66827,2.52,1.19
2014.08.14,00:14:15.422,1.66841,1.66827,3.27,1.29
2014.08.14,00:14:18.601,1.66841,1.66827,1.39,3.64
2014.08.14,00:14:19.146,1.66841,1.66827,1.32,4.02
2014.08.14,00:14:20.011,1.66841,1.66827,1.32,4.77
2014.08.14,00:14:21.018,1.66841,1.66827,2.07,4.77
2014.08.14,00:14:21.525,1.6684,1.66826,1.77,2.14
2014.08.14,00:14:23.333,1.6684,1.66829,1.58,1.19
2014.08.14,00:14:23.845,1.6684,1.66829,1.58,1.19
2014.08.14,00:14:26.060,1.6684,1.66829,1.1,1.19
2014.08.14,00:14:26.363,1.6684,1.66827,1.29,2.07
2014.08.14,00:14:31.402,1.6684,1.66827,1.77,3.19
2014.08.14,00:14:32.525,1.66839,1.66827,1.19,1.25
2014.08.14,00:14:32.884,1.66836,1.66826,1,1.29
2014.08.14,00:14:33.642,1.66837,1.66826,1.29,2.25
2014.08.14,00:14:33.844,1.66835,1.66825,1.19,1
2014.08.14,00:14:33.895,1.66835,1.66822,1.19,3.34
2014.08.14,00:14:33.946,1.66833,1.66822,1.19,2.4
2014.08.14,00:14:34.300,1.66831,1.66819,1,3.19
2014.08.14,00:14:34.822,1.66832,1.66819,1.29,3.19
2014.08.14,00:14:40.055,1.66834,1.66822,3.27,1.19
2014.08.14,00:14:40.258,1.66835,1.66823,1,4.69
2014.08.14,00:14:40.562,1.66837,1.66826,1.69,2.25
2014.08.14,00:14:41.227,1.66838,1.66826,1.29,2.44
2014.08.14,00:14:42.443,1.66838,1.66826,1.1,2.25
2014.08.14,00:14:42.746,1.66835,1.66826,2.82,2.25
2014.08.14,00:14:42.898,1.66838,1.66826,4.02,2.25
2014.08.14,00:14:43.405,1.66837,1.66826,1.25,2.44
2014.08.14,00:14:43.708,1.66835,1.66824,1.5,3.27
2014.08.14,00:14:43.859,1.66834,1.66821,1.47,1.32
2014.08.14,00:14:44.466,1.66832,1.66821,1,1.32
2014.08.14,00:14:45.845,1.66832,1.6682,1,1.32
2014.08.14,00:14:49.561,1.66832,1.66819,1.25,1.77
2014.08.14,00:14:52.317,1.66831,1.66819,1,1.77
2014.08.14,00:14:52.822,1.6683,1.66818,3.38,1.84
2014.08.14,00:14:53.355,1.6683,1.66818,3.57,1.09
2014.08.14,00:14:53.903,1.66829,1.66818,1,1.09
2014.08.14,00:14:56.572,1.66828,1.66817,1.19,2.33
2014.08.14,00:14:56.725,1.66823,1.66813,2.25,1.95
2014.08.14,00:14:56.826,1.66822,1.66811,1.69,1
2014.08.14,00:14:57.281,1.66824,1.6681,1.47,1.32
2014.08.14,00:14:57.842,1.66822,1.6681,1,1.25
2014.08.14,00:14:57.894,1.66822,1.6681,1,1.69
2014.08.14,00:14:58.399,1.66824,1.6681,2.14,1.77
2014.08.14,00:15:00.770,1.66824,1.6681,2.14,3.19
2014.08.14,00:15:01.676,1.66824,1.66809,2.89,2.82
2014.08.14,00:15:01.982,1.66822,1.66809,3.19,1.57
2014.08.14,00:15:03.298,1.66822,1.66809,2.14,1.69
2014.08.14,00:15:03.816,1.66822,1.6681,1.18,1.32
2014.08.14,00:15:11.399,1.66822,1.6681,1.09,1.19
2014.08.14,00:15:11.726,1.66822,1.66811,1.28,1.19
2014.08.14,00:15:11.931,1.66822,1.6681,1.47,1.19
2014.08.14,00:15:12.436,1.66822,1.66808,2.22,1.19
2014.08.14,00:15:16.714,1.66822,1.66808,1.19,2.14
2014.08.14,00:15:17.254,1.66822,1.66808,1.77,1.47
2014.08.14,00:15:18.950,1.66822,1.66809,1.77,1.19
2014.08.14,00:15:21.262,1.66821,1.66809,1.19,1.25
2014.08.14,00:15:21.787,1.66821,1.66809,1.19,1.69
2014.08.14,00:15:24.351,1.66822,1.66808,1.02,5.14
2014.08.14,00:15:25.379,1.66822,1.6681,1.77,1.25
2014.08.14,00:15:28.879,1.6682,1.6681,1,1.25
2014.08.14,00:15:33.184,1.66821,1.66808,1.25,2.52
2014.08.14,00:15:33.589,1.66819,1.66809,1,1.32
2014.08.14,00:15:34.162,1.66821,1.66807,1.47,3.19
2014.08.14,00:15:35.218,1.66819,1.66807,1,1.19
2014.08.14,00:15:38.333,1.66818,1.66807,1,1.19
2014.08.14,00:15:39.295,1.66819,1.66807,1,1.19
2014.08.14,00:15:39.846,1.6682,1.66807,1.02,1.19
2014.08.14,00:15:40.149,1.66817,1.66804,2.89,1.64
2014.08.14,00:15:40.452,1.66814,1.66804,3.75,1.19
2014.08.14,00:15:40.553,1.66816,1.66806,1,1.25
2014.08.14,00:15:40.604,1.66815,1.66803,1.32,2.14
2014.08.14,00:15:40.705,1.66812,1.66801,1.69,1.69
2014.08.14,00:15:41.213,1.66812,1.66801,1,1.69
2014.08.14,00:15:41.727,1.66814,1.66804,1.37,1
2014.08.14,00:15:42.707,1.66816,1.66804,1.29,1.69
2014.08.14,00:15:43.215,1.66814,1.66803,1.02,1.25
2014.08.14,00:15:44.098,1.66814,1.66802,1.29,1.25
2014.08.14,00:15:45.792,1.66815,1.66802,4.09,2.44
2014.08.14,00:15:48.187,1.66815,1.66804,3.9,1.19
2014.08.14,00:15:48.288,1.66818,1.66804,4.84,1.69
2014.08.14,00:15:49.972,1.66816,1.66804,1,2.07
2014.08.14,00:15:50.495,1.66815,1.66804,1.1,1.19
2014.08.14,00:15:50.546,1.66813,1.66804,1,1.19
2014.08.14,00:15:51.325,1.66814,1.66802,1.5,1.69
2014.08.14,00:15:51.841,1.66812,1.66802,1,1.69
2014.08.14,00:15:53.061,1.66814,1.66802,1.5,1.69
2014.08.14,00:15:54.118,1.66813,1.66801,1.32,1.29
2014.08.14,00:15:54.623,1.66813,1.66801,1.2,1.19
2014.08.14,00:15:55.329,1.66813,1.66802,1.13,1.19
2014.08.14,00:15:55.872,1.66812,1.66802,1,1.19
2014.08.14,00:15:56.579,1.66813,1.66802,1.13,1.19
2014.08.14,00:16:01.824,1.66814,1.66802,1.69,1.69
2014.08.14,00:16:02.620,1.66812,1.66802,1,1.69
2014.08.14,00:16:03.240,1.66812,1.66802,1,1.19
2014.08.14,00:16:04.583,1.66814,1.66802,2.25,1.19
2014.08.14,00:16:07.145,1.66814,1.66802,1.5,1.19
2014.08.14,00:16:08.951,1.66813,1.66802,1,1.19
2014.08.14,00:16:09.456,1.66812,1.66802,1,1.19
2014.08.14,00:16:09.557,1.66814,1.66802,1.5,1.19
2014.08.14,00:16:12.778,1.66814,1.66802,1.38,1.19
2014.08.14,00:16:13.293,1.66814,1.66801,1.63,1.29
2014.08.14,00:16:15.594,1.66813,1.66802,1.13,1.19
2014.08.14,00:16:18.017,1.66813,1.66801,1.13,1.19
2014.08.14,00:16:18.526,1.66812,1.66801,1,1.19
2014.08.14,00:16:19.585,1.66814,1.66801,2.14,1.19
2014.08.14,00:16:21.150,1.66814,1.66802,1.48,1.19
2014.08.14,00:16:21.754,1.66815,1.66802,1.47,2.44
2014.08.14,00:16:33.729,1.66815,1.66802,1.37,1.69
2014.08.14,00:16:34.837,1.66815,1.66802,1.09,2.44
2014.08.14,00:16:40.053,1.66814,1.66802,1.39,1.5
2014.08.14,00:16:40.562,1.66814,1.66801,2.52,1.25
2014.08.14,00:16:42.756,1.66814,1.66801,1.77,1.19
2014.08.14,00:16:43.304,1.66814,1.66801,1.77,1.19
2014.08.14,00:16:44.284,1.66814,1.66801,1.77,1.69
2014.08.14,00:16:45.893,1.66816,1.66802,4.02,1.69
2014.08.14,00:16:46.422,1.66815,1.66802,1.09,1.69
2014.08.14,00:16:50.996,1.66816,1.66803,3.27,1.19
2014.08.14,00:16:51.990,1.66815,1.66802,1.47,1.32
2014.08.14,00:16:54.598,1.66815,1.66805,1.65,1.19
2014.08.14,00:16:54.750,1.66817,1.66805,1.1,1.32
2014.08.14,00:16:55.406,1.66816,1.66805,1,4.02
2014.08.14,00:16:55.608,1.66819,1.66805,2.14,4.02
2014.08.14,00:16:57.617,1.6682,1.66807,1.18,1.57
2014.08.14,00:16:57.971,1.66821,1.66807,1.2,1.67
2014.08.14,00:16:58.578,1.66821,1.66808,1.39,1.32
2014.08.14,00:16:59.119,1.6682,1.66808,1,1.32
2014.08.14,00:17:00.325,1.6682,1.66809,1,1.19
2014.08.14,00:17:01.563,1.66821,1.66809,1.2,1.19
2014.08.14,00:17:01.871,1.6682,1.66808,1.08,1.32
2014.08.14,00:17:02.127,1.66818,1.66806,1,3.19
2014.08.14,00:17:02.645,1.66817,1.66805,1.1,1.19
2014.08.14,00:17:04.437,1.66817,1.66804,1.02,1.19
2014.08.14,00:17:10.638,1.66817,1.66804,1.29,1.69
2014.08.14,00:17:11.149,1.66817,1.66803,1.77,1.77
2014.08.14,00:17:12.632,1.66817,1.66805,1.1,1.19
2014.08.14,00:17:14.616,1.66817,1.66804,1.02,2.07
2014.08.14,00:17:15.611,1.66817,1.66804,1.29,1.32
2014.08.14,00:17:17.813,1.66815,1.66804,1,1.19
2014.08.14,00:17:18.036,1.66815,1.66802,4.02,1.25
2014.08.14,00:17:19.132,1.66814,1.668,1.69,2.22
2014.08.14,00:17:21.943,1.66815,1.668,5.14,3.34
2014.08.14,00:17:24.341,1.66815,1.66802,4.02,1.19
2014.08.14,00:17:24.796,1.66816,1.66802,1.47,2.82
2014.08.14,00:17:25.429,1.66817,1.66803,2.52,2.44
2014.08.14,00:17:27.602,1.66818,1.66804,2.82,1.27
2014.08.14,00:17:27.653,1.66818,1.66805,1.19,1.77
2014.08.14,00:17:28.058,1.66819,1.66807,1.25,1.77
2014.08.14,00:17:28.873,1.6682,1.66808,1,1.32
2014.08.14,00:17:29.377,1.66821,1.66808,1.77,1.32
2014.08.14,00:17:30.641,1.66821,1.66807,2.52,2.14
2014.08.14,00:17:30.944,1.66818,1.66806,1.08,1.69
2014.08.14,00:17:32.076,1.66819,1.66806,2.89,1.19
2014.08.14,00:17:32.382,1.66818,1.66804,4.09,1.19
2014.08.14,00:17:33.356,1.66817,1.66804,3.64,1.25
2014.08.14,00:17:33.922,1.66815,1.66804,1.02,1.25
2014.08.14,00:17:38.696,1.66815,1.66802,1.02,1.69
2014.08.14,00:17:40.719,1.66816,1.66802,1.84,1.69
2014.08.14,00:17:41.227,1.66816,1.66802,2.59,1.19
2014.08.14,00:17:47.213,1.66815,1.66801,2.04,2.52
2014.08.14,00:18:05.240,1.66816,1.66802,4.09,1.19
2014.08.14,00:18:08.952,1.66816,1.66801,5.18,2.52
2014.08.14,00:18:22.475,1.66816,1.66802,3.34,1.19
2014.08.14,00:18:32.788,1.66815,1.66801,1.74,3.19
2014.08.14,00:18:37.455,1.66813,1.66801,1.32,2.44
2014.08.14,00:18:43.501,1.66812,1.66801,1.19,1.5
2014.08.14,00:18:48.997,1.66813,1.66801,1.32,1.02
2014.08.14,00:18:50.696,1.66813,1.66801,1.39,1.19
2014.08.14,00:18:52.325,1.66815,1.66804,1.77,2.44
2014.08.14,00:18:52.376,1.66816,1.66807,1.69,1.13
2014.08.14,00:18:52.530,1.66816,1.66805,2.07,1
2014.08.14,00:18:52.631,1.66814,1.66804,1.19,1
2014.08.14,00:18:53.135,1.66814,1.66803,1.19,1.5
2014.08.14,00:18:56.820,1.66812,1.66803,1.19,1.5
2014.08.14,00:18:57.578,1.66812,1.66801,1.29,1
2014.08.14,00:18:58.097,1.66811,1.66801,1.19,1
2014.08.14,00:19:01.743,1.66813,1.66801,1.47,1.25
2014.08.14,00:19:03.128,1.66813,1.66801,1.47,1.19
2014.08.14,00:19:11.018,1.66813,1.66802,1.28,1.19
2014.08.14,00:19:11.543,1.66814,1.66802,1.48,1.19
2014.08.14,00:19:12.158,1.66815,1.66802,1.09,1.19
2014.08.14,00:19:17.605,1.66813,1.66802,1,1.19
2014.08.14,00:19:17.909,1.66811,1.66801,1,1.69
2014.08.14,00:19:18.877,1.66811,1.66801,1,1.25
2014.08.14,00:19:22.152,1.66812,1.66801,1.25,1.25
2014.08.14,00:19:22.354,1.6681,1.66801,1,1.25
2014.08.14,00:19:24.573,1.6681,1.66801,1,1.69
2014.08.14,00:19:24.675,1.66812,1.66801,1,1.69
2014.08.14,00:19:25.181,1.66811,1.66801,1,1.69
2014.08.14,00:19:25.859,1.66811,1.66802,1,1.19
2014.08.14,00:19:33.248,1.66813,1.66802,1,1.19
2014.08.14,00:19:35.131,1.66811,1.66802,1,1.19
2014.08.14,00:19:36.200,1.66811,1.66801,1,2.07
2014.08.14,00:19:40.593,1.66813,1.66802,1.13,1.19
2014.08.14,00:19:42.156,1.6681,1.66802,1,1.19
2014.08.14,00:19:42.944,1.66812,1.66802,1,1.19
2014.08.14,00:19:44.587,1.66812,1.66801,1,1.19
2014.08.14,00:19:45.663,1.6681,1.66801,1,1.19
2014.08.14,00:19:49.504,1.66812,1.66801,1,1.19
2014.08.14,00:19:53.117,1.66812,1.66802,1,1.19
2014.08.14,00:19:53.218,1.66812,1.668,1.28,1.19
2014.08.14,00:19:53.320,1.66812,1.66798,1.47,3.94
2014.08.14,00:19:53.371,1.66808,1.66798,1,3.94
2014.08.14,00:19:53.573,1.6681,1.66798,1,3.94
2014.08.14,00:19:53.624,1.6681,1.668,1,1.19
2014.08.14,00:19:54.129,1.66811,1.668,1,1.69
2014.08.14,00:19:54.432,1.66809,1.668,1,2.07
2014.08.14,00:19:54.685,1.66811,1.668,1,2.07
2014.08.14,00:19:55.313,1.66811,1.66801,1,1.32
2014.08.14,00:19:56.113,1.66812,1.66801,1,1.32
2014.08.14,00:19:56.682,1.66813,1.66801,1.1,1.32
2014.08.14,00:19:57.091,1.6681,1.66801,1,1.19
2014.08.14,00:19:57.143,1.6681,1.668,1,1.32
2014.08.14,00:19:58.103,1.66811,1.668,1.1,1.32
2014.08.14,00:19:58.652,1.66811,1.668,1.1,2.07
2014.08.14,00:20:00.255,1.66812,1.66801,1.2,1.32
2014.08.14,00:20:05.071,1.66813,1.66802,1.28,1.19
2014.08.14,00:20:06.207,1.66813,1.66801,1.28,1.69
2014.08.14,00:20:17.236,1.66811,1.66801,1,1.19
2014.08.14,00:20:17.337,1.66809,1.66801,1,1.19
2014.08.14,00:20:17.859,1.6681,1.66801,1,1.19
2014.08.14,00:20:17.910,1.66813,1.66801,1.55,1.19
2014.08.14,00:20:20.484,1.66813,1.66801,1.58,1.19
2014.08.14,00:20:20.993,1.66813,1.668,1.77,1.69
2014.08.14,00:20:22.658,1.66809,1.668,1,1.69
2014.08.14,00:20:22.861,1.66811,1.668,1.2,1.69
2014.08.14,00:20:23.638,1.66811,1.66801,1.2,1.19
2014.08.14,00:20:24.401,1.66809,1.66801,1,1.19
2014.08.14,00:20:25.394,1.66808,1.66801,1,1.19
2014.08.14,00:20:27.410,1.66808,1.668,1,1.69
2014.08.14,00:20:29.327,1.66806,1.668,1,1.69
2014.08.14,00:20:32.299,1.66805,1.668,1,1.69
2014.08.14,00:20:33.839,1.66805,1.668,1,1.69
2014.08.14,00:20:42.360,1.66805,1.66801,1,1.19
2014.08.14,00:20:42.411,1.66807,1.66801,1,1.19
2014.08.14,00:20:42.666,1.66805,1.66801,1,1.19
2014.08.14,00:20:44.669,1.66805,1.668,1,1.69
2014.08.14,00:20:45.538,1.66805,1.668,1,1.19
2014.08.14,00:20:45.639,1.66808,1.668,1,1.19
2014.08.14,00:20:46.153,1.66806,1.668,1,1.19
2014.08.14,00:20:46.559,1.66806,1.66798,1,1.19
2014.08.14,00:20:47.221,1.66806,1.668,1,1
2014.08.14,00:21:00.140,1.66804,1.668,1,1.25
2014.08.14,00:21:00.695,1.66808,1.66797,1,1.77
2014.08.14,00:21:00.796,1.66804,1.66797,1,1.19
2014.08.14,00:21:01.301,1.66804,1.66797,1,1.19
2014.08.14,00:21:02.609,1.66804,1.66797,1,1.25
2014.08.14,00:21:03.031,1.66808,1.66797,1.25,1.25
2014.08.14,00:21:18.096,1.66807,1.66797,1,1.25
2014.08.14,00:21:32.131,1.66808,1.66799,1,1.19
2014.08.14,00:21:32.595,1.66811,1.66797,1.18,2.82
2014.08.14,00:21:32.852,1.66811,1.66797,1.84,1.19
2014.08.14,00:21:32.903,1.6681,1.66797,1.98,1.19
2014.08.14,00:21:33.610,1.66806,1.66797,1,5.07
2014.08.14,00:21:33.914,1.66802,1.66797,1,5.07
2014.08.14,00:21:34.116,1.66805,1.66797,1,5.82
2014.08.14,00:21:34.571,1.6681,1.66797,3.19,5.14
2014.08.14,00:21:34.874,1.6681,1.66799,1,1.19
2014.08.14,00:21:35.379,1.66812,1.66799,1.09,5.44
2014.08.14,00:21:35.846,1.6681,1.66801,1,1.19
2014.08.14,00:21:36.936,1.6681,1.668,1,1.19
2014.08.14,00:21:37.088,1.66813,1.668,1.77,1.19
2014.08.14,00:21:38.685,1.66813,1.668,2.44,1.69
2014.08.14,00:21:41.049,1.66813,1.668,3.27,1.25
2014.08.14,00:21:41.402,1.66809,1.66798,1,4.69
2014.08.14,00:21:46.055,1.66808,1.66797,1,4.58
2014.08.14,00:21:46.157,1.66807,1.66797,1.69,1
2014.08.14,00:21:46.688,1.66807,1.66797,1.29,1
2014.08.14,00:21:47.198,1.66807,1.66796,1.29,3.75
2014.08.14,00:21:47.705,1.66808,1.66796,1.19,3.94
2014.08.14,00:21:51.879,1.66809,1.66798,1.29,1
2014.08.14,00:21:58.217,1.66809,1.66798,1.19,1.65
2014.08.14,00:22:02.319,1.6681,1.66798,1.69,1.84
2014.08.14,00:22:02.860,1.6681,1.66798,1.69,1.69
2014.08.14,00:22:03.415,1.66809,1.66798,1.19,1.5
2014.08.14,00:22:11.911,1.66808,1.66798,1,2.4
2014.08.14,00:22:12.471,1.66808,1.66798,1,3.34
2014.08.14,00:22:23.638,1.6681,1.66798,1,2.59
2014.08.14,00:22:23.841,1.66808,1.66798,1,1.69
2014.08.14,00:22:24.656,1.66808,1.66798,1,1.37
2014.08.14,00:22:24.757,1.6681,1.66798,1.25,1.84
2014.08.14,00:22:24.859,1.66808,1.66798,1,1.84
2014.08.14,00:22:25.856,1.66811,1.66798,1.25,2.59
2014.08.14,00:22:26.159,1.66811,1.668,1,1.19
2014.08.14,00:22:26.675,1.66812,1.668,1.13,1.19
2014.08.14,00:22:28.896,1.66812,1.668,1.65,1.19
2014.08.14,00:22:30.890,1.66812,1.668,1.13,1.19
2014.08.14,00:22:31.649,1.6681,1.668,1,1.19
2014.08.14,00:22:32.675,1.6681,1.66801,1,1.19
2014.08.14,00:22:32.878,1.66812,1.66801,1,1.19
2014.08.14,00:22:33.437,1.66814,1.66801,2.59,1.19
2014.08.14,00:22:35.847,1.6681,1.66801,1,1.19
2014.08.14,00:22:35.898,1.6681,1.668,1,3.94
2014.08.14,00:22:36.403,1.66808,1.66799,1,6.27
2014.08.14,00:22:36.605,1.6681,1.66799,1,5.52
2014.08.14,00:22:37.127,1.6681,1.66799,1.25,4.02
2014.08.14,00:22:39.215,1.66812,1.66799,2.44,4.02
2014.08.14,00:22:45.007,1.66812,1.668,1.25,1.19
2014.08.14,00:22:45.993,1.66812,1.668,1.19,1.25
2014.08.14,00:22:48.394,1.66811,1.668,1.77,1
2014.08.14,00:22:48.546,1.66811,1.66798,2.52,1.25
2014.08.14,00:22:48.597,1.66809,1.66798,1.77,1.25
2014.08.14,00:22:51.549,1.66806,1.66798,1,1
2014.08.14,00:22:54.301,1.66806,1.66798,1,1.19
2014.08.14,00:22:54.503,1.66807,1.66795,1.1,5.44
2014.08.14,00:22:55.022,1.66806,1.66795,1,2.07
2014.08.14,00:22:56.509,1.66806,1.66795,1,1.32
2014.08.14,00:22:56.661,1.66805,1.66792,1.18,2.44
2014.08.14,00:22:56.813,1.66804,1.66791,1.2,1.69
2014.08.14,00:22:57.603,1.66804,1.66791,2.14,2.44
2014.08.14,00:22:57.805,1.66804,1.66791,2.89,1.69
2014.08.14,00:22:59.110,1.66801,1.6679,1.19,1
2014.08.14,00:22:59.312,1.66799,1.66787,1.19,1
2014.08.14,00:22:59.514,1.668,1.66787,2.52,1.19
2014.08.14,00:22:59.565,1.668,1.66787,1.84,1.32
2014.08.14,00:22:59.616,1.66799,1.66787,1.1,1.13
2014.08.14,00:22:59.717,1.66797,1.66785,1,2.82
2014.08.14,00:22:59.818,1.66797,1.66785,1.29,1.32
2014.08.14,00:23:00.384,1.66795,1.66784,1,1.29
2014.08.14,00:23:00.889,1.66794,1.66784,1,2.22
2014.08.14,00:23:00.990,1.66796,1.66786,1,1.25
2014.08.14,00:23:01.344,1.66794,1.66786,1,1.02
2014.08.14,00:23:01.496,1.66796,1.66786,1,1.09
2014.08.14,00:23:02.457,1.66797,1.66786,1,1.37
2014.08.14,00:23:03.835,1.66797,1.66787,1,1.39
2014.08.14,00:23:03.886,1.66799,1.66787,1.5,1.39
2014.08.14,00:23:04.103,1.66796,1.66787,1,1.39
2014.08.14,00:23:04.154,1.66796,1.66787,1,1.39
2014.08.14,00:23:04.205,1.66798,1.66788,1.69,1
2014.08.14,00:23:04.706,1.66797,1.66787,1,2.14
2014.08.14,00:23:05.216,1.66799,1.66787,1.5,2.14
2014.08.14,00:23:07.643,1.668,1.66787,1.69,2.14
2014.08.14,00:23:08.973,1.668,1.66788,1.5,1.19
2014.08.14,00:23:09.480,1.66801,1.66788,1.02,1.32
2014.08.14,00:23:15.246,1.66801,1.66789,1.58,1.19
2014.08.14,00:23:16.038,1.66799,1.66789,4.38,1.19
2014.08.14,00:23:16.088,1.66798,1.66787,3.25,1.2
2014.08.14,00:23:16.139,1.66798,1.66786,4,1.18
2014.08.14,00:23:16.240,1.66796,1.66784,1.02,1.5
2014.08.14,00:23:16.291,1.66795,1.66784,1.19,1.5
2014.08.14,00:23:16.392,1.66796,1.66785,1.1,1.69
2014.08.14,00:23:16.443,1.66798,1.66786,1.5,1
2014.08.14,00:23:16.494,1.66798,1.66786,1.5,1.19
2014.08.14,00:23:16.595,1.66798,1.66785,1.19,1.67
2014.08.14,00:23:18.673,1.66799,1.66785,1.77,2.89
2014.08.14,00:23:19.417,1.668,1.66788,1.19,1
2014.08.14,00:23:19.670,1.66801,1.66787,1.77,3.64
2014.08.14,00:23:20.685,1.66801,1.66788,1.02,1.19
2014.08.14,00:23:22.586,1.66803,1.66793,1.77,1
2014.08.14,00:23:22.888,1.66809,1.66797,1.58,1.69
2014.08.14,00:23:22.990,1.66813,1.66798,4.02,1.69
2014.08.14,00:23:23.293,1.66813,1.668,1.77,1.39
2014.08.14,00:23:23.827,1.66813,1.668,1.25,2.89
2014.08.14,00:23:24.336,1.66812,1.668,1,2.89
2014.08.14,00:23:24.845,1.66812,1.66801,1,1.19
2014.08.14,00:23:26.290,1.66814,1.66801,1.02,1.19
2014.08.14,00:23:33.445,1.66815,1.668,6.72,2.52
2014.08.14,00:23:39.298,1.66813,1.66799,1.69,1.37
2014.08.14,00:23:41.100,1.66813,1.66801,1.5,1.19
2014.08.14,00:23:42.174,1.66813,1.668,1.69,1.29
2014.08.14,00:23:42.794,1.66811,1.668,1,1.29
2014.08.14,00:23:43.552,1.66812,1.668,1,1.29
2014.08.14,00:23:44.589,1.66812,1.66799,1.25,1.37
2014.08.14,00:23:45.595,1.66812,1.66798,1.29,1.77
2014.08.14,00:23:46.612,1.66812,1.66799,1.02,1.19
2014.08.14,00:23:47.645,1.66811,1.66799,1,1.19
2014.08.14,00:23:48.696,1.66811,1.66798,1.25,1.77
2014.08.14,00:23:51.477,1.66811,1.66799,1,1.19
2014.08.14,00:23:53.081,1.66811,1.66798,1.19,1.29
2014.08.14,00:24:00.109,1.66811,1.66799,1,1.19
2014.08.14,00:24:00.614,1.6681,1.66799,1,1.19
2014.08.14,00:24:03.352,1.6681,1.66798,1.1,1.19
2014.08.14,00:24:06.543,1.6681,1.66797,1.02,1.19
2014.08.14,00:24:14.066,1.66807,1.66795,1.5,1.47
2014.08.14,00:24:14.577,1.66807,1.66795,1.1,4.32
2014.08.14,00:24:24.064,1.66807,1.66795,1.77,3.57
2014.08.14,00:24:32.593,1.66806,1.66795,1,3.57
2014.08.14,00:24:32.896,1.66803,1.66794,1,1.19
2014.08.14,00:24:33.099,1.66805,1.66794,1.1,1.19
2014.08.14,00:24:33.862,1.66804,1.66794,1,1.19
2014.08.14,00:24:34.367,1.66803,1.66794,1,1.25
2014.08.14,00:24:37.678,1.66805,1.66794,5.14,1.25
2014.08.14,00:24:40.711,1.66804,1.66794,1,1.25
2014.08.14,00:24:43.334,1.66805,1.66796,1.1,1.19
2014.08.14,00:24:43.436,1.66807,1.66794,5.89,2.44
2014.08.14,00:24:43.487,1.66807,1.66794,5.14,2.44
2014.08.14,00:24:44.416,1.66807,1.66795,4.95,1.19
2014.08.14,00:24:46.220,1.66807,1.66794,1.77,1.69
2014.08.14,00:24:56.136,1.66807,1.66794,1.77,1.32
2014.08.14,00:24:56.646,1.66807,1.66795,1.1,1.19
2014.08.14,00:24:59.835,1.66805,1.66794,1,1.19
2014.08.14,00:25:00.391,1.66807,1.66793,2.52,1.39
2014.08.14,00:25:02.022,1.66807,1.66795,2.33,1.19
2014.08.14,00:25:06.136,1.66807,1.66794,1.77,1.32
2014.08.14,00:25:21.862,1.66807,1.66796,1.1,1.19
2014.08.14,00:25:22.421,1.66807,1.66795,1.1,1.19
2014.08.14,00:25:24.382,1.66807,1.66796,1.1,1.19
2014.08.14,00:25:24.888,1.66804,1.66793,1,2.07
2014.08.14,00:25:25.343,1.66802,1.66793,1,1.19
2014.08.14,00:25:25.886,1.66802,1.66792,1,1.19
2014.08.14,00:25:27.098,1.66803,1.66792,1,1.19
2014.08.14,00:25:27.606,1.66803,1.66791,1.25,1.29
2014.08.14,00:25:27.656,1.66801,1.6679,1,1.84
2014.08.14,00:25:28.223,1.66802,1.6679,1,1.84
2014.08.14,00:25:28.770,1.66802,1.6679,1.25,1.37
2014.08.14,00:25:30.272,1.66802,1.6679,1,1.84
2014.08.14,00:25:35.320,1.66802,1.66789,1.25,2.14
2014.08.14,00:25:35.630,1.668,1.66789,1,1.39
2014.08.14,00:25:38.126,1.668,1.66788,1.5,2.22
2014.08.14,00:25:43.415,1.66799,1.66788,1,2.22
2014.08.14,00:25:45.129,1.66803,1.6679,2.14,1.19
2014.08.14,00:25:45.230,1.66804,1.66792,5.03,1.19
2014.08.14,00:25:45.584,1.66806,1.66792,5.89,1.39
2014.08.14,00:25:50.878,1.66804,1.66793,1,1.19
2014.08.14,00:25:54.229,1.66803,1.66792,1,2.14
2014.08.14,00:25:59.365,1.66802,1.66792,1,1.77
2014.08.14,00:26:01.625,1.66801,1.66792,1,1.77
2014.08.14,00:26:03.272,1.66801,1.66792,1,1.29
2014.08.14,00:26:05.689,1.66801,1.66792,1,1.84
2014.08.14,00:26:09.481,1.66802,1.66792,1,1.84
2014.08.14,00:26:09.996,1.66803,1.66792,1.13,1.19
2014.08.14,00:26:16.405,1.66804,1.66791,1.39,1.69
2014.08.14,00:26:17.777,1.66804,1.6679,1.39,1.77
2014.08.14,00:26:17.929,1.66801,1.66789,1,1.74
2014.08.14,00:26:18.433,1.66802,1.66788,1,4.39
2014.08.14,00:26:18.787,1.66802,1.6679,1,1.39
2014.08.14,00:26:19.293,1.66803,1.6679,1.32,2.14
2014.08.14,00:26:19.883,1.66803,1.66791,1.13,1.19
2014.08.14,00:26:20.886,1.66806,1.66792,3.27,2.44
2014.08.14,00:26:27.698,1.66806,1.66793,3.27,1.19
2014.08.14,00:26:28.166,1.66808,1.66795,1.74,1.32
2014.08.14,00:26:29.406,1.66809,1.66795,1.39,2.07
2014.08.14,00:26:30.446,1.66809,1.66795,2.89,1.32
2014.08.14,00:26:32.628,1.66809,1.66795,2.14,1.69
2014.08.14,00:26:57.406,1.66808,1.66797,1.67,1
2014.08.14,00:26:58.559,1.66809,1.66797,2.22,1
2014.08.14,00:27:00.886,1.6681,1.66797,4.02,1.19
2014.08.14,00:27:01.102,1.66809,1.66795,2.22,1.32
2014.08.14,00:27:01.204,1.66807,1.66794,2.59,1.19
2014.08.14,00:27:01.407,1.66806,1.66793,1.02,1.19
2014.08.14,00:27:02.522,1.66806,1.66793,2.52,1.19
2014.08.14,00:27:13.119,1.66806,1.66792,1.77,1.19
2014.08.14,00:27:14.229,1.66804,1.66791,1.48,1.69
2014.08.14,00:27:14.431,1.66804,1.6679,1.67,3.27
2014.08.14,00:27:14.835,1.66802,1.6679,2.44,1
2014.08.14,00:27:15.390,1.66802,1.66787,3.34,4.02
2014.08.14,00:27:15.895,1.66802,1.66789,1.77,1.19
2014.08.14,00:27:16.552,1.66803,1.66789,1.47,2.07
2014.08.14,00:27:17.072,1.66802,1.6679,1.1,1.19
2014.08.14,00:27:17.931,1.66802,1.6679,1.1,1.32
2014.08.14,00:27:19.432,1.66802,1.6679,1.1,1.32
2014.08.14,00:27:26.693,1.66801,1.66789,1,2.44
2014.08.14,00:27:27.230,1.66803,1.6679,1.28,1.32
2014.08.14,00:27:30.537,1.66802,1.6679,1.1,1.32
2014.08.14,00:27:32.094,1.66802,1.66789,1.02,2.44
2014.08.14,00:27:33.097,1.66803,1.66789,2.22,1.69
2014.08.14,00:27:37.117,1.668,1.66789,1.69,1.2
2014.08.14,00:27:37.420,1.66799,1.66787,1.69,3.08
2014.08.14,00:27:37.471,1.66799,1.66785,1.69,2.14
2014.08.14,00:27:37.976,1.66798,1.66785,1.19,1.39
2014.08.14,00:27:38.532,1.66797,1.66783,1.19,3.27
2014.08.14,00:27:49.921,1.66797,1.66783,1.69,2.52
2014.08.14,00:27:54.635,1.66797,1.66783,1.19,3.27
2014.08.14,00:27:58.669,1.66797,1.66783,1.69,1.84
2014.08.14,00:28:17.908,1.66796,1.66782,1.32,4.02
2014.08.14,00:28:20.085,1.66796,1.66782,1.32,4.02
2014.08.14,00:28:24.893,1.66795,1.66782,1.19,1.77
2014.08.14,00:28:50.824,1.66792,1.66782,1.19,1.1
2014.08.14,00:28:50.925,1.66793,1.6678,1.32,2.52
2014.08.14,00:28:51.430,1.66792,1.6678,1.25,1.02
2014.08.14,00:28:53.043,1.66792,1.66781,1,1.32
2014.08.14,00:28:53.144,1.66794,1.66781,2.07,2.22
2014.08.14,00:28:54.160,1.66795,1.66782,1.25,1.77
2014.08.14,00:28:56.434,1.66794,1.66782,1.25,1.02
2014.08.14,00:28:58.146,1.66794,1.66782,1,1.02
2014.08.14,00:29:00.651,1.66794,1.66782,1.25,1.02
2014.08.14,00:29:04.040,1.66795,1.66782,1.25,1.02
2014.08.14,00:29:06.889,1.66795,1.66782,1.19,1.02
2014.08.14,00:29:11.513,1.66795,1.66782,1.19,1.02
2014.08.14,00:29:13.392,1.66794,1.66783,1,1.32
2014.08.14,00:29:16.361,1.66795,1.66784,1.25,1.32
2014.08.14,00:29:17.460,1.66795,1.66783,1,1.77
2014.08.14,00:29:18.577,1.66795,1.66782,1.69,4.09
2014.08.14,00:29:18.678,1.66792,1.66782,1,1.25
2014.08.14,00:29:18.880,1.66794,1.66781,1.32,4.02
2014.08.14,00:29:19.387,1.66795,1.66781,1.29,4.77
2014.08.14,00:29:19.977,1.66795,1.66782,1.02,1.69
2014.08.14,00:29:22.296,1.66796,1.66783,1.25,2.52
2014.08.14,00:29:23.104,1.66798,1.66786,1.39,1.19
2014.08.14,00:29:23.307,1.668,1.66789,1.39,1.25
2014.08.14,00:29:24.280,1.66801,1.66789,1.25,1.32
2014.08.14,00:29:33.317,1.66801,1.6679,1,1.19
2014.08.14,00:29:33.861,1.66804,1.6679,3.27,2.07
2014.08.14,00:29:34.705,1.66804,1.66791,2.52,1.19
2014.08.14,00:29:37.399,1.66804,1.6679,2.52,2.07
2014.08.14,00:29:38.389,1.66804,1.6679,1.77,2.89
2014.08.14,00:29:38.897,1.66804,1.66792,1.02,1.19
2014.08.14,00:29:42.616,1.66805,1.66792,2.59,2.44
2014.08.14,00:29:43.637,1.66807,1.66796,1.39,1
2014.08.14,00:29:43.738,1.66808,1.66796,1.74,1.25
2014.08.14,00:29:44.723,1.66807,1.66796,1.2,1.19
2014.08.14,00:29:45.227,1.66806,1.66796,1,1.19
2014.08.14,00:29:47.698,1.66809,1.66796,2.14,1.69
2014.08.14,00:29:48.247,1.66807,1.66796,2.14,1.25
2014.08.14,00:29:48.753,1.66805,1.66795,1.39,1
2014.08.14,00:29:49.273,1.66804,1.66795,1,1
2014.08.14,00:29:49.797,1.66805,1.66792,2.14,1.69
2014.08.14,00:29:50.639,1.66804,1.66792,1.47,1.19
2014.08.14,00:29:51.653,1.66804,1.66792,1.74,1.25
2014.08.14,00:29:58.989,1.66804,1.66791,1.69,2.52
2014.08.14,00:30:01.474,1.66804,1.66791,1.84,1.69
2014.08.14,00:30:05.358,1.66804,1.66791,1.09,2.44
2014.08.14,00:30:14.119,1.66804,1.6679,1.84,2.82
2014.08.14,00:30:21.299,1.66804,1.66791,2.59,1.25
2014.08.14,00:30:22.631,1.66804,1.66791,1.84,1.19
2014.08.14,00:30:23.822,1.66804,1.66791,2.59,1.25
2014.08.14,00:30:28.217,1.66804,1.66791,1.84,1.19
2014.08.14,00:30:32.814,1.66804,1.66791,1.84,1.69
2014.08.14,00:30:33.117,1.66804,1.66791,2.59,1.25
2014.08.14,00:30:34.149,1.66804,1.66791,1.37,1.19
2014.08.14,00:30:35.128,1.66805,1.66791,1.77,1.69
2014.08.14,00:30:38.423,1.66803,1.66791,1.02,1.19
2014.08.14,00:30:39.538,1.66803,1.6679,1.77,1.69
2014.08.14,00:30:45.245,1.66802,1.66789,1.77,4.69
2014.08.14,00:30:47.567,1.66802,1.66789,1.02,5.44
2014.08.14,00:30:49.186,1.66802,1.66789,1.29,4.69
2014.08.14,00:30:56.752,1.66802,1.66789,1.77,4.69
2014.08.14,00:31:00.293,1.66802,1.66789,1.29,4.69
2014.08.14,00:31:02.496,1.66802,1.66789,1.69,4.77
2014.08.14,00:31:05.283,1.66802,1.66789,1.25,5.52
2014.08.14,00:31:05.586,1.66804,1.66791,1.69,1.77
2014.08.14,00:31:06.475,1.66804,1.66792,1.5,1.19
2014.08.14,00:31:07.518,1.66804,1.66791,1.69,2.52
2014.08.14,00:31:09.104,1.66804,1.66792,1,1.19
2014.08.14,00:31:09.609,1.66806,1.66792,1.84,1.69
2014.08.14,00:31:17.494,1.66806,1.66792,2.59,1.32
2014.08.14,00:31:18.523,1.66804,1.66792,1,2.07
2014.08.14,00:31:22.504,1.66804,1.66792,1.25,1.32
2014.08.14,00:31:23.630,1.66804,1.66792,1,1.84
2014.08.14,00:31:24.135,1.66806,1.66792,1.69,1.84
2014.08.14,00:31:26.209,1.66806,1.66793,1.69,1.29
2014.08.14,00:31:27.513,1.66806,1.66792,1.69,2.22
2014.08.14,00:31:31.166,1.66806,1.66793,1.69,1.29
2014.08.14,00:31:34.652,1.66806,1.66792,1.69,2.22
2014.08.14,00:31:36.762,1.66806,1.66793,1.69,1.29
2014.08.14,00:31:37.743,1.66806,1.66792,1.69,2.22
2014.08.14,00:31:38.770,1.66806,1.66793,1.69,1.29
2014.08.14,00:31:41.957,1.66806,1.66792,1.69,2.22
2014.08.14,00:31:44.161,1.66806,1.66793,1.69,1.29
2014.08.14,00:31:50.180,1.66806,1.66792,1.69,2.22
2014.08.14,00:31:59.377,1.66806,1.66792,2.44,1.37
2014.08.14,00:31:59.478,1.66806,1.66792,1.5,1.37
2014.08.14,00:32:00.494,1.66806,1.66793,1.69,1.29
2014.08.14,00:32:04.082,1.66806,1.66792,1.77,1.77
2014.08.14,00:32:05.213,1.66806,1.66793,1.77,1.19
2014.08.14,00:32:06.442,1.66806,1.66792,1.77,1.77
2014.08.14,00:32:08.581,1.66804,1.66792,1,1.77
2014.08.14,00:32:09.086,1.66806,1.66793,1.77,1.69
2014.08.14,00:32:09.590,1.66805,1.66793,1,1.69
2014.08.14,00:32:11.334,1.66805,1.66793,1.25,1.19
2014.08.14,00:32:13.900,1.66805,1.66793,1,1.69
2014.08.14,00:32:16.531,1.66805,1.66793,1.19,1.25
2014.08.14,00:32:17.419,1.66805,1.66793,1,1.69
2014.08.14,00:32:18.858,1.66805,1.66794,1.25,1.25
2014.08.14,00:32:19.386,1.66804,1.66794,1,1.25
2014.08.14,00:32:24.663,1.66804,1.66794,1,1.19
2014.08.14,00:32:25.944,1.66804,1.66793,1,1.19
2014.08.14,00:32:26.838,1.66805,1.66793,1.25,1.19
2014.08.14,00:32:29.830,1.66805,1.66793,1.19,1.25
2014.08.14,00:32:34.264,1.66805,1.66793,1.25,1.19
2014.08.14,00:32:39.241,1.66805,1.66793,1.19,1.25
2014.08.14,00:32:40.886,1.66805,1.66793,1.25,1.19
2014.08.14,00:32:46.337,1.66804,1.66793,1.13,1.19
2014.08.14,00:32:46.590,1.66803,1.6679,1.19,1.39
2014.08.14,00:32:47.573,1.66803,1.66789,1.69,5.97
2014.08.14,00:32:49.191,1.66803,1.66789,1.19,6.72
2014.08.14,00:32:49.591,1.66803,1.66791,1,1.19
2014.08.14,00:32:50.123,1.66806,1.66791,2.14,4.47
2014.08.14,00:32:50.628,1.66806,1.66794,2.14,1
2014.08.14,00:32:51.902,1.66806,1.66794,1.29,1.25
2014.08.14,00:33:19.079,1.66803,1.66793,1,1.69
2014.08.14,00:33:19.382,1.66802,1.66791,1.19,1
2014.08.14,00:33:20.624,1.66802,1.66791,1.25,1.25
2014.08.14,00:33:21.018,1.66802,1.66791,1,1.69
2014.08.14,00:33:21.119,1.66804,1.66793,1.77,1.25
2014.08.14,00:33:22.668,1.66806,1.66793,1.29,1.69
2014.08.14,00:33:22.820,1.66803,1.66793,1,1.19
2014.08.14,00:33:23.022,1.66803,1.66791,1.69,1.25
2014.08.14,00:33:23.981,1.66802,1.66791,1.25,1.33
2014.08.14,00:33:24.502,1.66802,1.66791,1.25,1.77
2014.08.14,00:33:31.165,1.66804,1.66792,1.69,1.09
2014.08.14,00:33:32.441,1.66803,1.66792,1.69,1.18
2014.08.14,00:33:34.065,1.66803,1.66792,1.69,1
2014.08.14,00:33:34.750,1.66803,1.66791,1.69,1.77
2014.08.14,00:33:41.196,1.66803,1.66791,1.69,1.29
2014.08.14,00:33:41.607,1.66803,1.66794,1.25,1.1
2014.08.14,00:33:42.112,1.66806,1.66795,1.19,1.58
2014.08.14,00:33:42.629,1.66807,1.66796,1.19,1
2014.08.14,00:33:42.907,1.6681,1.66797,2.97,1.25
2014.08.14,00:33:44.087,1.6681,1.66797,1.84,1.19
2014.08.14,00:33:44.570,1.66809,1.66796,1.77,1.69
2014.08.14,00:33:45.079,1.66809,1.66797,1.77,1
2014.08.14,00:33:45.180,1.6681,1.66797,1.37,1.19
2014.08.14,00:33:46.477,1.6681,1.66797,1.84,1.25
2014.08.14,00:33:52.423,1.66809,1.66797,1.29,1
2014.08.14,00:33:54.194,1.6681,1.66797,2.59,1.25
2014.08.14,00:33:56.286,1.66809,1.66797,1.29,1
2014.08.14,00:34:00.008,1.6681,1.66797,2.59,1.25
2014.08.14,00:34:01.513,1.66809,1.66797,1.29,1
2014.08.14,00:34:02.834,1.6681,1.66797,2.59,1.25
2014.08.14,00:34:06.103,1.66809,1.66797,1.29,1
2014.08.14,00:34:13.116,1.6681,1.66797,2.59,1.25
2014.08.14,00:34:19.448,1.66809,1.66797,1.29,1
2014.08.14,00:34:20.568,1.6681,1.66797,2.59,1.25
2014.08.14,00:34:21.649,1.66809,1.66797,1.29,1
2014.08.14,00:34:25.136,1.6681,1.66797,1.84,1
2014.08.14,00:34:27.140,1.6681,1.66797,2.59,1.25
2014.08.14,00:34:34.356,1.66809,1.66797,1.77,1
2014.08.14,00:34:35.487,1.66809,1.66797,1.29,1.25
2014.08.14,00:34:38.636,1.6681,1.66798,1.84,1
2014.08.14,00:34:40.469,1.6681,1.66798,1.37,1.25
2014.08.14,00:34:41.895,1.6681,1.66797,1.69,1.69
2014.08.14,00:34:43.135,1.66809,1.66797,1.25,1.19
2014.08.14,00:34:43.641,1.66808,1.66797,1,1.19
2014.08.14,00:34:44.170,1.66808,1.66797,1.25,1.25
2014.08.14,00:34:45.143,1.66806,1.66797,1,1.25
2014.08.14,00:34:48.673,1.66808,1.66797,1.25,1.25
2014.08.14,00:34:53.136,1.66809,1.66797,1.19,1
2014.08.14,00:34:55.016,1.6681,1.66797,2.44,1.25
2014.08.14,00:35:00.663,1.6681,1.66798,1.69,1
2014.08.14,00:35:04.125,1.66808,1.66798,1.19,1
2014.08.14,00:35:04.629,1.66806,1.66798,1,1
2014.08.14,00:35:08.098,1.66808,1.66798,1.02,1
2014.08.14,00:35:10.137,1.66808,1.66798,1.29,1
2014.08.14,00:35:11.135,1.66808,1.66798,1.02,1
2014.08.14,00:35:15.623,1.66807,1.66798,1,1.25
2014.08.14,00:35:19.588,1.66809,1.66798,1.09,1.25
2014.08.14,00:35:25.496,1.66809,1.66798,1.84,1
2014.08.14,00:35:26.468,1.66809,1.66798,1.27,1
2014.08.14,00:35:27.127,1.66807,1.66798,1,1
2014.08.14,00:35:28.054,1.66806,1.66798,1,1
2014.08.14,00:35:28.783,1.66806,1.66797,1,1.69
2014.08.14,00:35:29.137,1.66804,1.66797,1,1
2014.08.14,00:35:30.685,1.66803,1.66797,1,1
2014.08.14,00:35:31.188,1.66804,1.66797,1,1
2014.08.14,00:35:45.296,1.66804,1.66796,1,1.25
2014.08.14,00:36:04.998,1.66806,1.66796,1.25,1
2014.08.14,00:36:38.248,1.66806,1.66797,1,1
2014.08.14,00:36:40.272,1.66806,1.66798,1,1
2014.08.14,00:36:41.410,1.66807,1.66798,1.32,1
2014.08.14,00:36:45.076,1.66808,1.66801,1.29,1
2014.08.14,00:36:45.381,1.66811,1.66802,1.94,1
2014.08.14,00:36:45.432,1.66811,1.66802,1,1
2014.08.14,00:36:45.634,1.6681,1.66802,1.69,1
2014.08.14,00:36:45.836,1.6681,1.66802,1.25,1
2014.08.14,00:36:51.032,1.66812,1.66802,1.29,1
2014.08.14,00:36:56.186,1.66812,1.66802,1.25,1
2014.08.14,00:36:56.899,1.66811,1.66802,1,1
2014.08.14,00:37:00.486,1.66811,1.66803,1.25,1
2014.08.14,00:37:00.637,1.66813,1.66803,1.25,1
2014.08.14,00:37:04.188,1.66813,1.66803,1.19,1
2014.08.14,00:37:05.702,1.66813,1.66803,1.25,1
2014.08.14,00:37:07.389,1.66813,1.66803,1.19,1
2014.08.14,00:37:11.379,1.66813,1.66803,1.25,1
2014.08.14,00:37:16.151,1.66812,1.66803,1,1.25
2014.08.14,00:37:16.726,1.66811,1.66803,1,1.25
2014.08.14,00:37:36.851,1.66813,1.66803,1.25,1
2014.08.14,00:37:54.847,1.66814,1.66803,1.32,1.69
2014.08.14,00:37:54.899,1.66814,1.66804,1.69,1
2014.08.14,00:37:55.201,1.66814,1.66806,1.19,1
2014.08.14,00:37:55.877,1.66813,1.66806,1.25,1
2014.08.14,00:37:58.780,1.66813,1.66805,1.25,1
2014.08.14,00:37:59.285,1.66812,1.66805,1,1
2014.08.14,00:37:59.824,1.66811,1.66805,1,1
2014.08.14,00:38:07.875,1.66811,1.66806,1,1
2014.08.14,00:38:15.323,1.66813,1.66806,1.25,1
2014.08.14,00:38:24.779,1.66813,1.66807,1.25,1
2014.08.14,00:38:25.133,1.66815,1.66806,1,1.25
2014.08.14,00:38:25.184,1.66815,1.66809,1,1
2014.08.14,00:38:25.336,1.6682,1.6681,1.77,1
2014.08.14,00:38:25.437,1.66821,1.66811,1.32,1
2014.08.14,00:38:25.942,1.6682,1.66811,1,1
2014.08.14,00:38:29.816,1.6682,1.66813,1,1
2014.08.14,00:38:29.867,1.66823,1.66813,1.65,1
2014.08.14,00:38:30.373,1.66824,1.66814,1.5,1
2014.08.14,00:38:30.901,1.66825,1.66815,1.75,1
2014.08.14,00:38:31.102,1.66825,1.66815,1.25,1
2014.08.14,00:38:32.601,1.66824,1.66815,1,1
2014.08.14,00:38:33.364,1.66825,1.66815,1.25,1
2014.08.14,00:38:33.883,1.66824,1.66815,1,1
2014.08.14,00:38:39.868,1.66825,1.66815,1.25,1
2014.08.14,00:38:46.112,1.66825,1.66818,1,1
2014.08.14,00:38:46.567,1.66827,1.6682,1,1
2014.08.14,00:38:48.258,1.66827,1.66821,1,1
2014.08.14,00:38:54.603,1.66828,1.66821,1,1
2014.08.14,00:38:55.108,1.66829,1.66822,1,1
2014.08.14,00:38:59.641,1.66827,1.66822,1,1
2014.08.14,00:39:00.155,1.66826,1.66822,1,1
2014.08.14,00:39:12.102,1.66827,1.66822,1,1
2014.08.14,00:39:15.580,1.66827,1.6682,1,1.1
2014.08.14,00:39:16.096,1.66826,1.66819,1,1
2014.08.14,00:39:24.901,1.66826,1.6682,1,1
2014.08.14,00:39:25.506,1.66826,1.66819,1,1
2014.08.14,00:39:26.012,1.66826,1.6682,1,1
2014.08.14,00:39:29.116,1.66825,1.6682,1,1
2014.08.14,00:39:45.650,1.66826,1.6682,1,1
2014.08.14,00:39:46.158,1.66825,1.66819,1,1.1
2014.08.14,00:40:02.042,1.66825,1.66818,1,1
2014.08.14,00:40:04.593,1.66824,1.66818,1,1
2014.08.14,00:40:43.213,1.66824,1.6682,1,1
2014.08.14,00:40:43.717,1.66825,1.6682,1,1.1
2014.08.14,00:40:44.222,1.66826,1.6682,1,1.1
2014.08.14,00:40:48.009,1.66826,1.66819,1,1
2014.08.14,00:40:48.513,1.66825,1.66819,1,1
2014.08.14,00:40:51.618,1.66826,1.66819,1,1
2014.08.14,00:40:54.932,1.66826,1.6682,1,1
2014.08.14,00:40:55.588,1.66827,1.6682,1,1.1
2014.08.14,00:40:56.898,1.66826,1.6682,1,1.1
2014.08.14,00:41:02.636,1.66824,1.66819,1,1
2014.08.14,00:41:02.738,1.66824,1.66817,1,1.25
2014.08.14,00:41:02.839,1.66827,1.66817,1.32,1
2014.08.14,00:41:03.142,1.66828,1.66819,1.19,1
2014.08.14,00:41:03.344,1.66829,1.66819,1.32,1
2014.08.14,00:41:13.899,1.66832,1.6682,2.22,1
2014.08.14,00:41:14.972,1.66833,1.6682,1.77,1.25
2014.08.14,00:41:20.278,1.66833,1.66822,2.52,1
2014.08.14,00:41:26.778,1.66832,1.66822,1.25,1
2014.08.14,00:41:39.115,1.66832,1.66821,1.25,1.25
2014.08.14,00:41:44.251,1.66832,1.66821,1,1.19
2014.08.14,00:41:47.519,1.66832,1.66821,1.25,1.25
2014.08.14,00:41:48.591,1.66831,1.66821,1,1.25
2014.08.14,00:41:48.913,1.66831,1.66823,1,1
2014.08.14,00:41:49.423,1.66832,1.66823,1.25,1
2014.08.14,00:41:49.988,1.66832,1.66821,1.25,1.69
2014.08.14,00:41:50.506,1.66831,1.66821,1,1.69
2014.08.14,00:41:52.000,1.66831,1.66823,1,1
2014.08.14,00:41:59.415,1.66831,1.66826,1,1
2014.08.14,00:41:59.719,1.66831,1.66824,1,1
2014.08.14,00:42:01.633,1.66831,1.66826,1,1
2014.08.14,00:42:02.138,1.66832,1.66826,1,1
2014.08.14,00:42:02.904,1.66831,1.66826,1,1
2014.08.14,00:42:03.110,1.66834,1.66826,3.34,1
2014.08.14,00:42:03.621,1.66834,1.66826,4.09,1
2014.08.14,00:42:04.134,1.66834,1.66825,4.09,1
2014.08.14,00:42:04.646,1.66834,1.66824,3.34,1
2014.08.14,00:42:05.363,1.66834,1.66824,4.09,1
2014.08.14,00:42:10.451,1.66834,1.66825,4.09,1
2014.08.14,00:42:11.204,1.66834,1.66825,3.19,1
2014.08.14,00:42:11.515,1.66834,1.66822,3.19,1.25
2014.08.14,00:42:12.183,1.66834,1.66822,4.09,1
2014.08.14,00:42:13.307,1.66834,1.66822,3.34,1.25
2014.08.14,00:42:13.812,1.66835,1.66823,4.39,1
2014.08.14,00:42:14.116,1.66835,1.66828,3,1
2014.08.14,00:42:14.166,1.66838,1.66828,1.74,1.38
2014.08.14,00:42:14.369,1.6684,1.6683,1.47,1.13
2014.08.14,00:42:15.624,1.6684,1.6683,1.25,1.13
2014.08.14,00:42:20.294,1.6684,1.6683,1.19,1
2014.08.14,00:42:21.736,1.66839,1.66831,1.25,1
2014.08.14,00:42:22.140,1.66841,1.66831,1.02,1
2014.08.14,00:42:24.033,1.66841,1.66831,1.29,1
2014.08.14,00:42:31.117,1.66841,1.66831,1.1,1.25
2014.08.14,00:42:31.848,1.66841,1.66831,1.48,1.25
2014.08.14,00:42:32.832,1.66839,1.66831,1,1.25
2014.08.14,00:42:35.912,1.66841,1.66831,1.02,1
2014.08.14,00:42:37.254,1.66841,1.66831,1.29,1
2014.08.14,00:42:37.805,1.66841,1.66831,1.77,1
2014.08.14,00:42:38.991,1.66841,1.66833,1.23,1
2014.08.14,00:42:39.042,1.66843,1.66833,2.89,1
2014.08.14,00:42:39.897,1.6684,1.66833,1,1
2014.08.14,00:42:40.429,1.66839,1.66833,1,1
2014.08.14,00:42:41.073,1.66838,1.66833,1,1
2014.08.14,00:42:46.593,1.66838,1.66832,1,1.25
2014.08.14,00:42:47.117,1.66839,1.66831,1,1.69
2014.08.14,00:42:50.359,1.66839,1.66831,1,1.69
2014.08.14,00:42:50.868,1.66839,1.66831,1,1.69
2014.08.14,00:42:51.403,1.66842,1.66831,1.47,1.69
2014.08.14,00:42:53.965,1.66842,1.66831,1.28,1.69
2014.08.14,00:42:54.483,1.6684,1.66831,1,1.69
2014.08.14,00:42:54.635,1.66838,1.66831,1,1.19
2014.08.14,00:42:55.151,1.66838,1.66831,1,1.25
2014.08.14,00:42:57.558,1.66841,1.66831,1.1,1.25
2014.08.14,00:42:58.114,1.6684,1.66831,1,1.25
2014.08.14,00:42:58.366,1.66838,1.66831,1,1.25
2014.08.14,00:43:03.165,1.66838,1.6683,1,1.25
2014.08.14,00:43:03.420,1.66841,1.6683,1.25,1.25
2014.08.14,00:43:03.968,1.6684,1.6683,1,1.25
2014.08.14,00:43:04.857,1.66838,1.66829,1,1.69
2014.08.14,00:43:04.959,1.66841,1.66829,1.25,1.69
2014.08.14,00:43:05.076,1.66838,1.66829,1,1.69
2014.08.14,00:43:05.279,1.6684,1.66829,1,1.69
2014.08.14,00:43:05.793,1.66841,1.66829,1.25,1.69
2014.08.14,00:43:07.145,1.6684,1.66829,1,1.69
2014.08.14,00:43:07.374,1.66838,1.66829,1,1.69
2014.08.14,00:43:10.899,1.6684,1.66829,1,1.19
2014.08.14,00:43:11.102,1.66838,1.66829,1,1.19
2014.08.14,00:43:15.009,1.66838,1.66828,1,1.67
2014.08.14,00:43:16.343,1.66838,1.66828,1,1.77
2014.08.14,00:43:16.495,1.6684,1.66828,1.2,1.69
2014.08.14,00:43:16.595,1.66837,1.66828,1,1.69
2014.08.14,00:43:17.412,1.66837,1.66828,1,1.19
2014.08.14,00:43:18.423,1.66837,1.66828,1,1.25
2014.08.14,00:43:18.939,1.66836,1.66828,1,1.25
2014.08.14,00:43:23.458,1.66839,1.66828,1.32,1.25
2014.08.14,00:43:27.279,1.66839,1.66828,1.63,1.25
2014.08.14,00:43:27.815,1.66837,1.66827,1,1.69
2014.08.14,00:43:31.351,1.66836,1.66827,1,1.19
2014.08.14,00:43:31.856,1.66836,1.66827,1,1.25
2014.08.14,00:43:34.558,1.66836,1.66828,1,1.19
2014.08.14,00:43:34.659,1.6684,1.66828,1.95,1.69
2014.08.14,00:43:35.426,1.6684,1.66828,1.95,1.69
2014.08.14,00:43:35.950,1.6684,1.66829,1.58,1.32
2014.08.14,00:43:36.774,1.6684,1.66829,1.88,1.19
2014.08.14,00:43:37.687,1.6684,1.66828,1.88,1.69
2014.08.14,00:43:39.282,1.6684,1.66829,1.38,1.19
2014.08.14,00:43:39.788,1.6684,1.66829,1.13,1.19
2014.08.14,00:43:41.807,1.66841,1.66828,3.27,1.69
2014.08.14,00:43:42.347,1.66841,1.66828,1.02,2.07
2014.08.14,00:43:44.019,1.66841,1.66828,3.27,1.69
2014.08.14,00:43:45.093,1.66841,1.66828,3.27,1.19
2014.08.14,00:43:47.765,1.6684,1.66827,1.47,1.32
2014.08.14,00:43:47.816,1.6684,1.66826,2.22,2.44
2014.08.14,00:43:47.917,1.6684,1.66827,1.39,1.39
2014.08.14,00:43:48.220,1.66842,1.66832,1.69,1
2014.08.14,00:43:48.423,1.66843,1.66832,1.13,1.19
2014.08.14,00:43:53.692,1.66843,1.66832,1.32,1.25
2014.08.14,00:43:57.323,1.66843,1.66832,1.13,1.69
2014.08.14,00:43:58.300,1.66844,1.66832,1.02,1.19
2014.08.14,00:44:01.804,1.66842,1.66832,1,1.19
2014.08.14,00:44:02.310,1.66845,1.66833,3.94,1.25
2014.08.14,00:44:02.821,1.66845,1.66833,3.94,1.19
2014.08.14,00:44:03.339,1.66842,1.66833,1,1.19
2014.08.14,00:44:04.803,1.66842,1.66833,1,1.25
2014.08.14,00:44:05.570,1.66844,1.66833,1.69,1.25
2014.08.14,00:44:06.129,1.66844,1.66832,1.5,1.77
2014.08.14,00:44:07.553,1.66842,1.66832,1,1.69
2014.08.14,00:44:08.427,1.66842,1.66832,1,1.19
2014.08.14,00:44:11.045,1.66842,1.66832,1,1.25
2014.08.14,00:44:17.229,1.66842,1.66832,1,1.19
2014.08.14,00:44:18.419,1.66844,1.66832,2.59,1.19
2014.08.14,00:44:29.889,1.66845,1.66832,4.09,1.69
2014.08.14,00:44:36.180,1.66845,1.66833,1.09,1.69
2014.08.14,00:44:40.842,1.66845,1.66835,1.09,1
2014.08.14,00:44:41.356,1.66847,1.66834,2.22,1.69
2014.08.14,00:44:43.172,1.66847,1.66835,1.32,1
2014.08.14,00:44:43.930,1.66848,1.66835,1.39,2.44
2014.08.14,00:44:46.593,1.66848,1.66835,1.02,2.44
2014.08.14,00:44:49.150,1.66849,1.66837,3.19,1
2014.08.14,00:44:50.011,1.66849,1.66837,1.32,1
2014.08.14,00:44:54.227,1.6685,1.66837,4.02,1.25
2014.08.14,00:44:56.610,1.6685,1.66837,3.27,1.25
2014.08.14,00:44:59.154,1.66849,1.66835,3.94,1.84
2014.08.14,00:45:01.547,1.66848,1.66834,3.94,1.77
2014.08.14,00:45:08.039,1.66848,1.66834,1.19,2.52
2014.08.14,00:45:08.819,1.66849,1.66837,1.19,1.13
2014.08.14,00:45:08.869,1.6685,1.66837,1.19,2.14
2014.08.14,00:45:09.845,1.6685,1.66837,1.19,2.14
2014.08.14,00:45:11.148,1.66851,1.66838,1.19,1.09
2014.08.14,00:45:12.982,1.66851,1.66838,1.29,1.25
2014.08.14,00:45:14.266,1.66852,1.66838,2.97,1.19
2014.08.14,00:45:20.690,1.66852,1.66838,1.47,1.69
2014.08.14,00:45:20.993,1.6685,1.66838,1.19,1
2014.08.14,00:45:21.550,1.6685,1.66837,1.19,1.02
2014.08.14,00:45:26.711,1.6685,1.66838,1.37,1.38
2014.08.14,00:45:27.318,1.66853,1.66839,1.84,1.32
2014.08.14,00:45:28.420,1.66854,1.6684,2.52,1.69
2014.08.14,00:45:30.319,1.66852,1.6684,1.29,2.25
2014.08.14,00:45:30.858,1.66851,1.66839,1.19,1
2014.08.14,00:45:32.224,1.66853,1.66839,1.84,1.5
2014.08.14,00:45:33.083,1.66852,1.66838,1.29,2.7
2014.08.14,00:45:33.234,1.66851,1.66838,1.19,2.52
2014.08.14,00:45:35.538,1.6685,1.66838,1.19,1.58
2014.08.14,00:45:36.154,1.6685,1.66838,1.19,1.95
2014.08.14,00:45:37.144,1.66851,1.66838,1.32,1.77
2014.08.14,00:45:41.126,1.6685,1.66838,1.19,1.58
2014.08.14,00:45:41.630,1.6685,1.66838,1.19,1.95
2014.08.14,00:45:42.266,1.66851,1.66838,1.19,2.14
2014.08.14,00:45:43.093,1.66851,1.66838,1.32,1.77
2014.08.14,00:45:44.421,1.66852,1.66838,4.77,1.77
2014.08.14,00:45:50.180,1.66853,1.66839,2.97,1.19
2014.08.14,00:45:53.651,1.66852,1.66839,1.67,1.25
2014.08.14,00:45:55.864,1.66849,1.66838,1.19,3.08
2014.08.14,00:45:55.966,1.66851,1.66839,1.32,1
2014.08.14,00:45:57.280,1.66851,1.66838,1.19,2.52
2014.08.14,00:45:58.145,1.66851,1.66839,1.19,3.75
2014.08.14,00:46:05.079,1.66852,1.66839,1.29,3.94
2014.08.14,00:46:06.210,1.66852,1.66838,1.77,2.14
2014.08.14,00:46:11.727,1.66853,1.66839,2.52,4.77
2014.08.14,00:46:15.614,1.66849,1.66839,1.19,4.58
2014.08.14,00:46:15.716,1.66851,1.66839,1.19,4.58
2014.08.14,00:46:16.236,1.66851,1.66838,1.19,2.22
2014.08.14,00:46:16.741,1.6685,1.66838,1.19,1.88
2014.08.14,00:46:18.035,1.66851,1.66838,1.29,2.07
2014.08.14,00:46:18.546,1.66851,1.66839,1.29,3.75
2014.08.14,00:46:19.050,1.6685,1.66839,1.19,3.75
2014.08.14,00:46:19.555,1.6685,1.66838,1.19,1.5
2014.08.14,00:46:22.626,1.6685,1.66839,1.19,1
2014.08.14,00:46:23.130,1.6685,1.66838,1.19,1.5
2014.08.14,00:46:23.635,1.66851,1.66839,1.29,4.5
2014.08.14,00:46:27.110,1.66853,1.66839,2.52,5.44
2014.08.14,00:46:28.538,1.66854,1.6684,2.59,1.19
2014.08.14,00:46:28.740,1.66854,1.66842,1.09,1.69
2014.08.14,00:46:29.727,1.66855,1.66843,1.3,1.19
2014.08.14,00:46:30.624,1.66857,1.66843,3.64,1.69
2014.08.14,00:46:32.928,1.66857,1.66843,2.89,3.19
2014.08.14,00:46:38.466,1.66857,1.66843,3.27,1.69
2014.08.14,00:46:43.875,1.66857,1.66843,2.52,1.69
2014.08.14,00:46:47.651,1.66857,1.66843,3.27,1.19
2014.08.14,00:46:49.138,1.66857,1.66845,2.52,1
2014.08.14,00:46:50.046,1.66857,1.66845,1.19,1.25
2014.08.14,00:46:56.555,1.66857,1.6685,1.19,1
2014.08.14,00:46:56.758,1.66859,1.6685,1,1
2014.08.14,00:46:57.264,1.6686,1.66849,1,3.75
2014.08.14,00:46:57.365,1.6686,1.66849,1.69,3.75
2014.08.14,00:46:57.669,1.6686,1.66847,1.69,1.39
2014.08.14,00:46:59.955,1.6686,1.66847,1.69,4.77
2014.08.14,00:47:01.473,1.6686,1.66847,1.19,4.77
2014.08.14,00:47:02.818,1.6686,1.66847,1.69,1.39
2014.08.14,00:47:03.812,1.6686,1.66847,1.19,1.39
2014.08.14,00:47:06.099,1.6686,1.66847,1.25,2.14
2014.08.14,00:47:08.586,1.6686,1.66847,1.19,1.39
2014.08.14,00:47:11.597,1.6686,1.66847,1.84,1.32
2014.08.14,00:47:12.627,1.66859,1.66846,1.29,1.25
2014.08.14,00:47:16.438,1.6686,1.66846,3.72,1.19
2014.08.14,00:47:22.655,1.66859,1.66846,1.29,1.32
2014.08.14,00:47:39.689,1.66859,1.66846,2.04,1.25
2014.08.14,00:47:40.244,1.66859,1.66846,1.77,1.32
2014.08.14,00:47:45.223,1.66856,1.66844,1,2.14
2014.08.14,00:47:45.476,1.66857,1.66843,2.52,3.94
2014.08.14,00:47:45.981,1.66854,1.66843,1,3.94
2014.08.14,00:47:46.435,1.66852,1.66842,1,2.82
2014.08.14,00:47:49.633,1.66853,1.66842,1,1.19
2014.08.14,00:47:58.526,1.66853,1.66841,1,6.27
2014.08.14,00:47:59.603,1.66853,1.66842,1,1.19
2014.08.14,00:48:04.631,1.66853,1.66841,1.5,5.52
2014.08.14,00:48:05.214,1.66852,1.66841,1,5.52
2014.08.14,00:48:10.772,1.66852,1.66842,1,1.19
2014.08.14,00:48:14.036,1.66852,1.66841,1,2.07
2014.08.14,00:48:15.171,1.66852,1.66842,1,1.19
2014.08.14,00:48:16.927,1.66852,1.66841,1,2.07
2014.08.14,00:48:20.279,1.66852,1.66842,1,1.19
2014.08.14,00:48:22.582,1.66853,1.66842,1,1.19
2014.08.14,00:48:23.872,1.66853,1.66841,1,2.07
2014.08.14,00:48:25.269,1.66852,1.66841,1,2.07
2014.08.14,00:48:25.775,1.66853,1.66841,1,2.44
2014.08.14,00:48:28.453,1.66853,1.66842,1,1.19
2014.08.14,00:48:31.204,1.66854,1.66842,2.33,1.19
2014.08.14,00:48:31.749,1.66854,1.66841,1.77,2.44
2014.08.14,00:48:34.901,1.66853,1.66842,1,1.19
2014.08.14,00:48:37.966,1.66853,1.66841,1,2.44
2014.08.14,00:48:40.188,1.66853,1.66842,1.5,1.19
2014.08.14,00:48:41.415,1.66853,1.66841,1,2.44
2014.08.14,00:48:42.459,1.66853,1.66842,1,1.19
2014.08.14,00:48:43.418,1.66853,1.66841,1.5,2.44
2014.08.14,00:48:51.126,1.66852,1.66842,1,1.19
2014.08.14,00:48:52.218,1.66852,1.66842,1,1.69
2014.08.14,00:48:55.411,1.66852,1.66841,1,1.77
2014.08.14,00:48:57.212,1.66852,1.66842,1,1.19
2014.08.14,00:48:57.716,1.66851,1.66842,1,3.34
2014.08.14,00:48:59.912,1.66852,1.66842,1,4.09
2014.08.14,00:49:00.416,1.66851,1.66844,1,1.25
2014.08.14,00:49:00.947,1.66851,1.66844,1,1.19
2014.08.14,00:49:10.940,1.66851,1.66844,1,2.44
2014.08.14,00:49:16.850,1.66851,1.66845,1,1.32
2014.08.14,00:49:17.497,1.66852,1.66845,1,1.39
2014.08.14,00:49:22.229,1.66851,1.66845,1,1.39
2014.08.14,00:49:25.843,1.66854,1.66845,1,1.39
2014.08.14,00:49:33.678,1.66856,1.66845,1,2.14
2014.08.14,00:49:44.206,1.66856,1.66844,1,3.72
2014.08.14,00:49:44.358,1.66853,1.66844,1,2.97
2014.08.14,00:49:48.343,1.66855,1.66844,1,1.39
2014.08.14,00:49:48.847,1.66855,1.66843,1,1.67
2014.08.14,00:49:50.012,1.66855,1.66842,1.25,3.34
2014.08.14,00:49:51.825,1.66855,1.66843,1,1.67
2014.08.14,00:49:57.325,1.66856,1.66843,2.07,1.39
2014.08.14,00:50:00.129,1.66856,1.66842,1.69,3.34
2014.08.14,00:50:04.043,1.66856,1.66843,2.07,1.39
2014.08.14,00:50:15.394,1.66854,1.66843,1,1.39
2014.08.14,00:50:24.083,1.66854,1.66842,1,3.34
2014.08.14,00:50:31.674,1.66855,1.66842,2.07,2.22
2014.08.14,00:50:50.652,1.66854,1.66842,1,2.07
2014.08.14,00:50:50.955,1.66852,1.66842,1,2.07
2014.08.14,00:50:51.459,1.66853,1.66843,1.5,1.19
2014.08.14,00:50:58.252,1.66853,1.66842,1,1.32
2014.08.14,00:51:01.551,1.66853,1.66842,1,2.07
2014.08.14,00:51:04.640,1.66853,1.66842,1,1.32
2014.08.14,00:51:10.676,1.66853,1.66842,1.25,1.39
2014.08.14,00:51:11.665,1.66853,1.66842,1,1.39
2014.08.14,00:51:16.083,1.66853,1.66842,1,2.14
2014.08.14,00:51:17.212,1.66853,1.66842,1,1.39
2014.08.14,00:51:21.315,1.66853,1.66842,1,2.14
2014.08.14,00:51:27.795,1.66853,1.66842,1,2.14
2014.08.14,00:51:29.087,1.66853,1.66842,1,2.89
2014.08.14,00:51:31.090,1.66853,1.66842,1,2.14
2014.08.14,00:51:37.037,1.66853,1.66843,1,1.19
2014.08.14,00:51:38.993,1.66853,1.66843,1,1.69
2014.08.14,00:51:39.297,1.66856,1.66848,1,1.47
2014.08.14,00:51:39.822,1.66856,1.66847,1,1.02
2014.08.14,00:51:42.048,1.66856,1.66846,1,2.89
2014.08.14,00:51:42.646,1.66856,1.66845,1,3.27
2014.08.14,00:51:49.933,1.66856,1.66845,1.25,1.09
2014.08.14,00:51:50.471,1.66856,1.66845,1.25,1.02
2014.08.14,00:51:51.839,1.66857,1.66845,1.25,1.29
2014.08.14,00:51:52.966,1.66857,1.66845,1.19,1.02
2014.08.14,00:52:06.201,1.66857,1.66845,2.89,1
2014.08.14,00:52:09.598,1.66856,1.66845,1.25,1.25
2014.08.14,00:52:10.987,1.66856,1.66845,1,1.19
2014.08.14,00:52:16.904,1.66856,1.66845,1,1
2014.08.14,00:52:34.122,1.66856,1.66844,1,2.07
2014.08.14,00:52:35.129,1.66856,1.66845,1,1.19
2014.08.14,00:52:38.246,1.66856,1.66843,1.25,1.77
2014.08.14,00:52:46.174,1.66856,1.66844,1,1.32
2014.08.14,00:52:47.157,1.66856,1.66843,1.25,2.14
2014.08.14,00:52:50.978,1.66856,1.66843,1.19,1.77
2014.08.14,00:52:52.779,1.66857,1.66843,2.14,1.77
2014.08.14,00:52:56.015,1.66856,1.66843,1.19,1.02
2014.08.14,00:52:57.198,1.66856,1.66843,1.25,1.77
2014.08.14,00:53:00.201,1.66856,1.66842,1.25,4.09
2014.08.14,00:53:01.194,1.66856,1.66842,1.19,4.69
2014.08.14,00:53:03.499,1.66856,1.66843,1.02,1.69
2014.08.14,00:53:08.114,1.66856,1.66842,1.29,4.77
2014.08.14,00:53:11.505,1.66856,1.66843,1.02,2.07
2014.08.14,00:53:15.110,1.66856,1.66843,1.29,1.57
2014.08.14,00:53:24.604,1.66856,1.66843,1.1,1.63
2014.08.14,00:53:25.109,1.66856,1.66843,1.2,1.32
2014.08.14,00:53:25.615,1.66856,1.66843,1.39,1.32
2014.08.14,00:53:28.960,1.66856,1.66843,1.77,2.07
2014.08.14,00:53:30.318,1.66856,1.66843,1.77,1.57
2014.08.14,00:53:31.367,1.66856,1.66843,2.14,2.07
2014.08.14,00:53:34.872,1.66856,1.66844,1.58,1.32
2014.08.14,00:53:38.435,1.66856,1.66843,1.29,1.57
2014.08.14,00:53:39.951,1.66856,1.66843,1.02,2.44
2014.08.14,00:53:44.892,1.66855,1.66843,1,2.07
2014.08.14,00:53:50.575,1.66855,1.66843,1.5,2.07
2014.08.14,00:53:52.207,1.66855,1.66843,1.5,2.82
2014.08.14,00:53:54.738,1.66856,1.66844,1.02,1.32
2014.08.14,00:53:56.487,1.66856,1.66844,1.1,2.07
2014.08.14,00:54:01.394,1.66857,1.66843,2.59,1.69
2014.08.14,00:54:02.710,1.66857,1.66843,2.22,2.44
2014.08.14,00:54:06.331,1.66857,1.66843,4.69,1.69
2014.08.14,00:54:06.433,1.66854,1.66842,1.39,1.19
2014.08.14,00:54:06.949,1.66853,1.66841,1,1.32
2014.08.14,00:54:07.256,1.66853,1.66839,2.14,2.14
2014.08.14,00:54:12.123,1.66851,1.66839,1,1.57
2014.08.14,00:54:12.326,1.66849,1.66839,1,1.57
2014.08.14,00:54:12.534,1.66851,1.6684,1,1.32
2014.08.14,00:54:13.530,1.66851,1.66839,1,1.57
2014.08.14,00:54:15.506,1.66852,1.66839,1.77,1.57
2014.08.14,00:54:16.360,1.66852,1.66844,1.58,1
2014.08.14,00:54:16.462,1.66855,1.66844,1.32,1
2014.08.14,00:54:16.613,1.66852,1.66842,1,1.29
2014.08.14,00:54:16.765,1.66852,1.66839,1.25,6.72
2014.08.14,00:54:17.283,1.66851,1.66839,1,5.82
2014.08.14,00:54:17.816,1.66852,1.66839,1.02,5.82
2014.08.14,00:54:24.448,1.66853,1.66839,2.78,1.57
2014.08.14,00:54:25.820,1.66852,1.66844,1.1,1
2014.08.14,00:54:25.922,1.66855,1.66844,1.39,1
2014.08.14,00:54:26.175,1.66855,1.66841,2.52,2.1
2014.08.14,00:54:26.444,1.66853,1.66841,1.39,1.19
2014.08.14,00:54:27.355,1.66853,1.66841,1.39,1.25
2014.08.14,00:54:28.458,1.66853,1.66841,1.39,1.19
2014.08.14,00:54:29.695,1.66852,1.66841,1.09,1.25
2014.08.14,00:54:31.169,1.66853,1.66841,2.14,1.19
2014.08.14,00:54:32.590,1.66853,1.66841,1.39,1.25
2014.08.14,00:54:36.082,1.66853,1.66841,1.2,1.69
2014.08.14,00:54:36.548,1.66854,1.66841,1.69,1.77
2014.08.14,00:54:37.604,1.66854,1.66841,1.69,1.29
2014.08.14,00:54:39.580,1.66853,1.66841,1.39,1.19
2014.08.14,00:54:41.538,1.66853,1.6684,1.39,1.32
2014.08.14,00:54:49.797,1.66854,1.66841,2.59,1.19
2014.08.14,00:54:50.305,1.66854,1.6684,1.77,2.89
2014.08.14,00:54:50.457,1.66855,1.66844,2.44,1
2014.08.14,00:54:50.609,1.66856,1.66844,1.88,1.69
2014.08.14,00:54:50.660,1.66856,1.66847,1,1.88
2014.08.14,00:54:50.761,1.66858,1.66849,1,1.13
2014.08.14,00:54:50.963,1.66861,1.66849,1.19,1.32
2014.08.14,00:54:51.468,1.66862,1.66849,2.52,1.69
2014.08.14,00:54:52.010,1.66862,1.66849,1.77,1.69
2014.08.14,00:54:52.828,1.66863,1.66849,2.22,3.19
2014.08.14,00:54:53.811,1.66863,1.6685,1.84,1.69
2014.08.14,00:54:57.561,1.66863,1.66849,2.59,2.44
2014.08.14,00:54:59.558,1.66863,1.66849,3.72,1.69
2014.08.14,00:54:59.737,1.66861,1.66848,1.69,3.27
2014.08.14,00:54:59.788,1.66861,1.66847,3.94,3.3
2014.08.14,00:55:00.041,1.66859,1.66845,1.84,3.57
2014.08.14,00:55:00.244,1.66857,1.66844,1.69,1.02
2014.08.14,00:55:00.449,1.66856,1.66847,1.1,1.5
2014.08.14,00:55:00.551,1.6686,1.66847,1.25,2.59
2014.08.14,00:55:00.854,1.66859,1.66849,1.19,1
2014.08.14,00:55:01.007,1.66859,1.66847,2.07,1
2014.08.14,00:55:01.516,1.66858,1.66846,1.29,1.25
2014.08.14,00:55:02.030,1.66858,1.66844,1.77,2.48
2014.08.14,00:55:02.959,1.66856,1.66844,1.19,1.39
2014.08.14,00:55:03.983,1.66856,1.66844,1.02,1.32
2014.08.14,00:55:05.161,1.66858,1.66844,2.52,2.52
2014.08.14,00:55:05.565,1.66858,1.66846,1.02,1.32
2014.08.14,00:55:10.308,1.66858,1.66847,1.2,1.19
2014.08.14,00:55:14.191,1.66856,1.66847,1,1.19
2014.08.14,00:55:14.708,1.66856,1.66846,1,1.32
2014.08.14,00:55:15.313,1.66857,1.66847,1.13,1.25
2014.08.14,00:55:17.930,1.66857,1.66847,1.08,1.25
2014.08.14,00:55:18.487,1.66857,1.66847,1.1,1.25
2014.08.14,00:55:19.034,1.66857,1.66847,1,1.19
2014.08.14,00:55:19.845,1.66857,1.66847,1,1.25
2014.08.14,00:55:20.811,1.66857,1.66847,1,1.19
2014.08.14,00:55:21.905,1.66857,1.66847,1,1.25
2014.08.14,00:55:24.536,1.66857,1.66847,1.28,1.25
2014.08.14,00:55:26.407,1.66857,1.66846,1.13,1.19
2014.08.14,00:55:30.417,1.66857,1.66847,1.13,1.19
2014.08.14,00:55:35.397,1.66857,1.66847,1.28,1.19
2014.08.14,00:55:36.306,1.66855,1.66847,1,1.19
2014.08.14,00:55:36.811,1.66855,1.66847,1.18,1.25
2014.08.14,00:55:40.535,1.66858,1.66846,2.52,1.19
2014.08.14,00:55:44.195,1.66856,1.66847,1.58,1.19
2014.08.14,00:55:48.854,1.66855,1.66847,1,1.19
2014.08.14,00:55:49.587,1.66855,1.66847,1.18,1.19
2014.08.14,00:55:54.090,1.66855,1.66846,1.18,1.19
2014.08.14,00:55:57.709,1.66854,1.66847,1.58,1.25
2014.08.14,00:55:58.283,1.66853,1.66845,1.18,1.19
2014.08.14,00:55:59.429,1.66851,1.66845,1,1.19
2014.08.14,00:56:00.836,1.66853,1.66845,1.28,1.19
2014.08.14,00:56:01.093,1.66852,1.66843,1.1,1.19
2014.08.14,00:56:01.194,1.66851,1.66843,3.08,1.19
2014.08.14,00:56:01.296,1.66849,1.66838,1.58,1.19
2014.08.14,00:56:01.398,1.66849,1.6684,1.5,1.19
2014.08.14,00:56:02.501,1.66848,1.66839,1.13,1.19
2014.08.14,00:56:03.057,1.66848,1.66839,1.18,1.19
2014.08.14,00:56:03.570,1.66849,1.66838,1.2,1.19
2014.08.14,00:56:07.869,1.66845,1.66838,1,1.19
2014.08.14,00:56:07.920,1.66845,1.66836,1,1.25
2014.08.14,00:56:08.428,1.66844,1.66836,1,1.25
2014.08.14,00:56:09.539,1.66843,1.66835,1.1,1.19
2014.08.14,00:56:10.043,1.66843,1.66835,1.1,1.25
2014.08.14,00:56:10.549,1.66842,1.66835,1,1.25
2014.08.14,00:56:11.398,1.66843,1.66834,1.2,1.19
2014.08.14,00:56:18.178,1.66843,1.66835,1.13,1.19
2014.08.14,00:56:20.752,1.66843,1.66834,1.13,1.19
2014.08.14,00:56:22.050,1.66844,1.66835,1.65,1.19
2014.08.14,00:56:24.182,1.66844,1.66833,1.55,1.19
2014.08.14,00:56:25.962,1.66844,1.66833,1.65,1.19
2014.08.14,00:56:29.218,1.66844,1.66833,1.55,1.19
2014.08.14,00:56:30.192,1.66844,1.66833,1.55,1.19
2014.08.14,00:56:44.053,1.66843,1.66831,1.2,1.69
2014.08.14,00:56:46.111,1.66843,1.66832,1.2,1.19
2014.08.14,00:56:50.266,1.66844,1.66831,1.84,1.69
2014.08.14,00:56:52.170,1.66845,1.66832,2.52,1.19
2014.08.14,00:57:21.893,1.66842,1.66832,1,1.19
2014.08.14,00:57:24.114,1.6684,1.66832,1,1.19
2014.08.14,00:57:24.215,1.66839,1.6683,1.1,2.07
2014.08.14,00:57:24.316,1.66838,1.66827,1.2,1.19
2014.08.14,00:57:25.024,1.66838,1.66825,1.39,1.69
2014.08.14,00:57:26.932,1.66838,1.66826,1.95,1.19
2014.08.14,00:57:28.603,1.66837,1.66828,1,1
2014.08.14,00:57:29.109,1.66838,1.66828,1.39,1
2014.08.14,00:57:30.948,1.66837,1.66828,1,1.25
2014.08.14,00:57:32.127,1.66836,1.66828,1,1.25
2014.08.14,00:57:34.877,1.66835,1.66828,1,1
2014.08.14,00:57:35.029,1.66837,1.66828,1,1
2014.08.14,00:57:36.096,1.66838,1.66828,1,1.25
2014.08.14,00:57:36.608,1.66839,1.66828,1.25,1.25
2014.08.14,00:57:40.385,1.66839,1.66828,1,3.27
2014.08.14,00:57:40.689,1.66842,1.66831,1,1.77
2014.08.14,00:57:40.891,1.66844,1.66831,2.07,1.77
2014.08.14,00:57:41.603,1.66843,1.66831,1.1,2.07
2014.08.14,00:57:42.109,1.66842,1.66831,1,2.07
2014.08.14,00:57:42.614,1.66844,1.66831,1.84,2.07
2014.08.14,00:57:48.704,1.66843,1.6683,1.77,4.69
2014.08.14,00:57:49.210,1.66843,1.66831,1.1,1.32
2014.08.14,00:57:54.199,1.66843,1.66832,1.1,1.19
2014.08.14,00:57:56.113,1.66843,1.66831,1.1,1.32
2014.08.14,00:58:00.740,1.66841,1.6683,1,1.19
2014.08.14,00:58:01.812,1.66841,1.66829,1.58,1.32
2014.08.14,00:58:02.834,1.66841,1.66831,1.58,1.19
2014.08.14,00:58:03.439,1.6684,1.66831,1,1.19
2014.08.14,00:58:03.952,1.6684,1.66831,1,1
2014.08.14,00:58:04.466,1.66839,1.66828,1,3.19
2014.08.14,00:58:06.771,1.66839,1.66829,1,1.02
2014.08.14,00:58:08.438,1.66839,1.66828,1,3.27
2014.08.14,00:58:08.943,1.66839,1.66829,1,1.32
2014.08.14,00:58:09.649,1.66839,1.66827,1,2.44
2014.08.14,00:58:10.182,1.66838,1.66827,1,2.44
2014.08.14,00:58:10.687,1.66837,1.66827,1,1.19
2014.08.14,00:58:11.041,1.66839,1.66827,1.13,1.19
2014.08.14,00:58:12.879,1.6684,1.66826,2.14,2.14
2014.08.14,00:58:13.937,1.6684,1.66827,2.14,1.19
2014.08.14,00:58:14.759,1.6684,1.66827,2.89,1.19
2014.08.14,00:58:17.059,1.66837,1.66827,1,1.19
2014.08.14,00:58:17.160,1.66837,1.66826,1,1.32
2014.08.14,00:58:18.417,1.66836,1.66826,1,1.39
2014.08.14,00:58:18.821,1.66838,1.66826,1.25,1.39
2014.08.14,00:58:19.386,1.66838,1.66826,1,1.39
2014.08.14,00:58:20.555,1.66838,1.66825,1.25,3.34
2014.08.14,00:58:21.580,1.66838,1.66825,1.29,1.69
2014.08.14,00:58:21.630,1.66835,1.66825,1,1.19
2014.08.14,00:58:21.933,1.66832,1.66823,1,2.44
2014.08.14,00:58:22.186,1.66835,1.66825,1,1.32
2014.08.14,00:58:22.590,1.66832,1.66824,1,1.69
2014.08.14,00:58:23.098,1.66831,1.66824,1,1.19
2014.08.14,00:58:23.615,1.66831,1.66823,1,1.19
2014.08.14,00:58:24.334,1.6683,1.66823,1,1.19
2014.08.14,00:58:24.637,1.66832,1.66822,1,1.19
2014.08.14,00:58:25.433,1.6683,1.66822,1,1.19
2014.08.14,00:58:26.084,1.66831,1.66822,1,1.19
2014.08.14,00:58:28.845,1.66833,1.66822,1.13,1.19
2014.08.14,00:58:28.896,1.66833,1.66825,1,1.19
2014.08.14,00:58:29.149,1.66836,1.66824,1,2.52
2014.08.14,00:58:29.404,1.66834,1.66824,1,2.44
2014.08.14,00:58:29.909,1.66835,1.66824,1,1.69
2014.08.14,00:58:31.920,1.66833,1.66824,1,1.19
2014.08.14,00:58:32.425,1.66834,1.66824,1,1.19
2014.08.14,00:58:35.091,1.66833,1.66824,1,1.19
2014.08.14,00:58:36.122,1.6683,1.66824,1,1.19
2014.08.14,00:58:36.860,1.66833,1.66824,1,1.19
2014.08.14,00:58:37.113,1.66831,1.66823,1,1.19
2014.08.14,00:58:39.187,1.66833,1.66823,1,1.19
2014.08.14,00:58:39.985,1.66833,1.66822,1,1.77
2014.08.14,00:58:44.333,1.66831,1.66822,1,1.39
2014.08.14,00:58:48.838,1.66834,1.66822,1,1.39
2014.08.14,00:58:49.628,1.66834,1.66824,1,1.19
2014.08.14,00:58:58.784,1.66835,1.66824,1.95,1.19
2014.08.14,00:59:08.765,1.66835,1.66822,2.07,1.47
2014.08.14,00:59:15.687,1.66831,1.66822,1,2.07
2014.08.14,00:59:16.367,1.6683,1.66822,1,1.32
2014.08.14,00:59:21.076,1.66833,1.66822,1,1.47
2014.08.14,00:59:32.292,1.66831,1.66822,1,1.32
2014.08.14,00:59:34.392,1.6683,1.66822,1,2.07
2014.08.14,00:59:34.493,1.66833,1.66822,1,2.07
2014.08.14,00:59:35.181,1.66833,1.66823,1,1.19
2014.08.14,00:59:38.266,1.66833,1.66822,1,2.07
2014.08.14,00:59:38.898,1.66831,1.66822,1,2.07
2014.08.14,00:59:39.105,1.66833,1.66822,1.1,2.07
2014.08.14,00:59:39.914,1.66831,1.66822,1,1.19
2014.08.14,00:59:40.420,1.6683,1.66822,1,1.19
2014.08.14,00:59:40.673,1.66831,1.66819,1.58,1.32
2014.08.14,00:59:40.723,1.66831,1.66819,2.33,1.32
2014.08.14,00:59:41.027,1.66827,1.66817,1.1,2.07
2014.08.14,00:59:41.330,1.66825,1.66817,1,1.32
2014.08.14,00:59:41.886,1.66826,1.66817,1,1.32
2014.08.14,00:59:42.404,1.66825,1.66817,1,3.94
2014.08.14,00:59:42.968,1.66825,1.66817,1,3.94
2014.08.14,00:59:43.473,1.66826,1.66817,1,3.94
2014.08.14,00:59:43.979,1.66826,1.66817,1,3.94
2014.08.14,00:59:44.297,1.66826,1.66818,1,1.19
2014.08.14,00:59:44.398,1.66828,1.66818,1,1.19
2014.08.14,00:59:44.652,1.6683,1.66818,1,4.69
2014.08.14,00:59:45.158,1.6683,1.66818,1.18,4.69
2014.08.14,00:59:45.613,1.66827,1.66817,1,4.32
2014.08.14,00:59:46.179,1.66825,1.66817,1,4.32
2014.08.14,00:59:46.693,1.66826,1.66817,1,4.32
2014.08.14,00:59:47.933,1.66826,1.66816,1,1.19
2014.08.14,00:59:48.709,1.66827,1.66816,1,1.19
2014.08.14,00:59:51.802,1.66827,1.66815,1.1,6.19
2014.08.14,00:59:52.831,1.66827,1.66816,1.1,1.19
2014.08.14,00:59:53.161,1.66828,1.66816,1.5,1.19
2014.08.14,00:59:53.811,1.66828,1.66815,1.98,6.19
2014.08.14,00:59:54.937,1.66826,1.66815,1,5.44
2014.08.14,00:59:55.512,1.66827,1.66815,1.1,5.44
2014.08.14,00:59:57.624,1.66826,1.66816,1,1.19
2014.08.14,00:59:59.921,1.66826,1.66817,1,1.19
2014.08.14,01:00:00.440,1.66827,1.66815,1.1,5.44
2014.08.14,01:00:00.593,1.66825,1.66815,1,5.44
2014.08.14,01:00:00.795,1.66827,1.66815,1.1,4.69
2014.08.14,01:00:01.105,1.66825,1.66815,1,4.69
2014.08.14,01:00:01.661,1.66827,1.66815,1.5,4.77
2014.08.14,01:00:01.916,1.66825,1.66815,1,4.69
2014.08.14,01:00:02.575,1.66823,1.66813,1,5.52
2014.08.14,01:00:02.878,1.66817,1.66811,1,1
2014.08.14,01:00:02.929,1.66816,1.66808,1.5,1
2014.08.14,01:00:03.030,1.66816,1.66804,1.77,1.19
2014.08.14,01:00:03.182,1.66815,1.66803,1.08,1.19
2014.08.14,01:00:03.384,1.66815,1.66801,2.59,3.19
2014.08.14,01:00:04.451,1.66814,1.668,2.52,1.39
2014.08.14,01:00:05.565,1.66815,1.66801,3.15,1.32
2014.08.14,01:00:06.547,1.66815,1.66802,1.84,2.44
2014.08.14,01:00:07.733,1.66813,1.66802,1,1.69
2014.08.14,01:00:12.811,1.66814,1.66802,1.39,1.19
2014.08.14,01:00:16.887,1.66815,1.66802,1.84,1.19
2014.08.14,01:00:18.103,1.66813,1.66802,2.14,1.25
2014.08.14,01:00:18.630,1.66811,1.668,1,2.07
2014.08.14,01:00:19.152,1.66811,1.66799,1,1.57
2014.08.14,01:00:24.339,1.66811,1.668,1,1.19
2014.08.14,01:00:25.525,1.66811,1.66799,1,1.32
2014.08.14,01:00:29.433,1.66811,1.668,1,1.19
2014.08.14,01:00:31.150,1.66811,1.66798,1.25,2.52
2014.08.14,01:00:31.654,1.6681,1.66798,1,2.52
2014.08.14,01:00:38.560,1.6681,1.66799,1,1.39
2014.08.14,01:00:39.591,1.6681,1.66798,1,1.84
2014.08.14,01:00:41.395,1.6681,1.66799,1,1.39
2014.08.14,01:00:42.051,1.66809,1.66797,1.69,1.13
2014.08.14,01:00:42.102,1.66808,1.66796,2.25,1.5
2014.08.14,01:00:42.355,1.66804,1.66794,1.25,1
2014.08.14,01:00:42.456,1.66803,1.66791,1.69,3.27
2014.08.14,01:00:42.961,1.66803,1.66791,1.1,3.19
2014.08.14,01:00:43.567,1.66803,1.66792,1.2,1.19
2014.08.14,01:00:51.085,1.66803,1.66793,1.2,1.19
2014.08.14,01:00:52.285,1.66803,1.66792,1.2,1.19
2014.08.14,01:00:57.498,1.66803,1.66791,1.95,1.69
2014.08.14,01:01:06.210,1.66803,1.66791,2.14,1.19
2014.08.14,01:01:08.341,1.66803,1.66791,1.95,1.19
2014.08.14,01:01:11.064,1.66803,1.66792,1.95,1.19
2014.08.14,01:01:12.042,1.66803,1.66791,1.88,1.19
2014.08.14,01:01:13.070,1.66803,1.66792,1.13,1.19
2014.08.14,01:01:22.687,1.66803,1.66791,1.13,1.19
2014.08.14,01:01:32.189,1.66803,1.66792,1.13,1.19
2014.08.14,01:01:33.428,1.66803,1.66792,1.28,1.19
2014.08.14,01:01:33.943,1.66803,1.66791,1.28,1.69
2014.08.14,01:01:41.881,1.66803,1.66791,1.47,1.19
2014.08.14,01:01:42.914,1.66803,1.66791,1.28,1.69
2014.08.14,01:01:43.987,1.66803,1.6679,2.22,1.69
2014.08.14,01:01:51.927,1.66802,1.66788,1.29,5.14
2014.08.14,01:01:52.028,1.66798,1.66788,1,1.58
2014.08.14,01:01:52.360,1.66795,1.66783,2.59,1.25
2014.08.14,01:01:53.218,1.66794,1.66782,1.39,1.19
2014.08.14,01:01:53.948,1.66794,1.66781,2.07,1.19
2014.08.14,01:01:54.453,1.66794,1.66781,2.89,1.19
2014.08.14,01:01:54.857,1.66792,1.66779,2.14,2.44
2014.08.14,01:01:54.958,1.66787,1.66779,1.5,1.13
2014.08.14,01:01:55.110,1.66786,1.66773,3,1.69
2014.08.14,01:01:55.995,1.66783,1.66773,1,1.25
2014.08.14,01:01:56.097,1.66781,1.66772,3,1.19
2014.08.14,01:01:56.198,1.66779,1.66771,1.38,1
2014.08.14,01:01:56.248,1.66778,1.66771,1.2,1
2014.08.14,01:01:56.405,1.66775,1.66765,1.69,1
2014.08.14,01:01:56.456,1.66774,1.66761,1.19,2.18
2014.08.14,01:01:56.506,1.6677,1.66759,1,3.19
2014.08.14,01:01:56.608,1.6677,1.66758,1.88,2.33
2014.08.14,01:01:56.659,1.66765,1.66757,1,1.5
2014.08.14,01:01:56.709,1.66763,1.66755,1,1.2
2014.08.14,01:01:56.810,1.66767,1.66755,1.95,1
2014.08.14,01:01:56.861,1.66766,1.66755,1,1.19
2014.08.14,01:01:57.165,1.66764,1.66752,1.88,1.77
2014.08.14,01:01:57.367,1.66762,1.6675,2.07,2.59
2014.08.14,01:01:57.470,1.66761,1.66749,1.32,1.3
2014.08.14,01:01:57.722,1.66756,1.66743,2.07,2.97
2014.08.14,01:01:58.227,1.66755,1.66744,1.25,1.39
2014.08.14,01:01:59.961,1.66755,1.66743,1.19,1.69
2014.08.14,01:02:00.468,1.66752,1.66741,1.19,1
2014.08.14,01:02:00.758,1.66755,1.6674,1.84,1.39
2014.08.14,01:02:00.809,1.66751,1.6674,1,1.39
2014.08.14,01:02:00.860,1.6675,1.66738,1.25,3.27
2014.08.14,01:02:01.214,1.6675,1.66736,1.68,3.94
2014.08.14,01:02:01.367,1.66744,1.66734,1.88,1.02
2014.08.14,01:02:01.873,1.66744,1.66731,1.02,1.19
2014.08.14,01:02:02.076,1.66743,1.66729,1.19,1.18
2014.08.14,01:02:02.177,1.6674,1.66729,1.19,1
2014.08.14,01:02:02.481,1.66742,1.66728,1.84,1.29
2014.08.14,01:02:02.785,1.66739,1.66728,1,1.19
2014.08.14,01:02:03.089,1.66734,1.66721,4.13,1.84
2014.08.14,01:02:03.190,1.66737,1.66724,1.09,1.32
2014.08.14,01:02:03.443,1.66738,1.66724,2.44,1.19
2014.08.14,01:02:03.544,1.66739,1.66725,1.29,1.19
2014.08.14,01:02:03.898,1.66741,1.66729,1.69,1.19
2014.08.14,01:02:03.949,1.66741,1.66729,1.25,1.19
2014.08.14,01:02:04.100,1.66743,1.6673,1.25,1.19
2014.08.14,01:02:04.656,1.66744,1.66731,1.19,4.32
2014.08.14,01:02:05.161,1.66744,1.66731,1.25,5.07
2014.08.14,01:02:05.868,1.66746,1.66735,1,1.69
2014.08.14,01:02:06.121,1.66748,1.66735,1.69,1.77
2014.08.14,01:02:06.640,1.66749,1.66739,2.1,1
2014.08.14,01:02:07.153,1.66749,1.66739,2.1,1
2014.08.14,01:02:08.074,1.66749,1.66739,3.6,1
2014.08.14,01:02:08.428,1.66749,1.66739,1,2.44
2014.08.14,01:02:08.579,1.66751,1.6674,1,1.69
2014.08.14,01:02:08.832,1.66753,1.6674,1.02,2.07
2014.08.14,01:02:09.294,1.66752,1.66742,1,1.19
2014.08.14,01:02:09.396,1.66755,1.66744,1,3.19
2014.08.14,01:02:09.497,1.66757,1.66744,1.69,4.09
2014.08.14,01:02:09.598,1.66752,1.66741,1,2.85
2014.08.14,01:02:09.751,1.66752,1.66739,1.02,1.69
2014.08.14,01:02:09.801,1.66752,1.66741,1.1,1.19
2014.08.14,01:02:10.156,1.66755,1.66741,1.74,1.19
2014.08.14,01:02:10.610,1.66751,1.66741,1,1.19
2014.08.14,01:02:11.322,1.66751,1.66742,1,1.19
2014.08.14,01:02:11.850,1.66752,1.66742,1,1.19
2014.08.14,01:02:12.159,1.6675,1.66742,1,1.19
2014.08.14,01:02:12.577,1.66752,1.66742,1,1.29
2014.08.14,01:02:13.083,1.66753,1.66741,1,1.19
2014.08.14,01:02:13.588,1.66756,1.66741,2.52,1.19
2014.08.14,01:02:13.791,1.66756,1.66742,1.69,4.47
2014.08.14,01:02:14.296,1.66755,1.66742,1.77,3.94
2014.08.14,01:02:15.103,1.66755,1.66741,1.77,2.44
2014.08.14,01:02:15.205,1.66754,1.66741,1.39,1.13
2014.08.14,01:02:15.710,1.66751,1.66739,1.77,3.75
2014.08.14,01:02:16.014,1.66751,1.66739,2.52,3.75
2014.08.14,01:02:16.658,1.6675,1.66737,1.09,1.57
2014.08.14,01:02:16.863,1.6675,1.66737,2.44,1.57
2014.08.14,01:02:17.322,1.66747,1.66736,1.27,1
2014.08.14,01:02:17.423,1.66745,1.66734,5.14,1
2014.08.14,01:02:17.525,1.66744,1.66731,1.39,1.19
2014.08.14,01:02:18.042,1.66745,1.6673,1.37,4.02
2014.08.14,01:02:18.247,1.66747,1.66733,1.39,1.29
2014.08.14,01:02:19.152,1.66745,1.66733,1,1.29
2014.08.14,01:02:20.419,1.66747,1.66732,2.89,1.19
2014.08.14,01:02:21.443,1.66746,1.66733,1.25,1.77
2014.08.14,01:02:23.748,1.66746,1.66732,1.19,1.74
2014.08.14,01:02:24.756,1.66746,1.66733,1.25,1.67
2014.08.14,01:02:26.658,1.66745,1.66733,1,1.67
2014.08.14,01:02:26.963,1.66743,1.66733,1,1.67
2014.08.14,01:02:27.266,1.66742,1.66731,1,1.67
2014.08.14,01:02:27.773,1.66744,1.66731,1.09,1.19
2014.08.14,01:02:28.278,1.66742,1.66731,1,1.19
2014.08.14,01:02:28.448,1.66742,1.6673,1.25,1.19
2014.08.14,01:02:28.550,1.66739,1.66728,2.25,1.5
2014.08.14,01:02:28.803,1.66735,1.66723,1.19,1.84
2014.08.14,01:02:28.854,1.66738,1.66723,1.69,2.52
2014.08.14,01:02:29.208,1.66738,1.66723,1.29,1.84
2014.08.14,01:02:29.941,1.66738,1.66723,1.77,2.59
2014.08.14,01:02:30.456,1.66738,1.66727,1.77,1.13
2014.08.14,01:02:30.608,1.66742,1.6673,1.1,1.69
2014.08.14,01:02:31.668,1.66743,1.66726,1.39,5.44
2014.08.14,01:02:31.719,1.66742,1.66726,1.77,1.39
2014.08.14,01:02:31.770,1.66739,1.66726,1.19,1.39
2014.08.14,01:02:32.074,1.66737,1.66724,1.68,1.19
2014.08.14,01:02:32.882,1.66736,1.66722,1.74,1.19
2014.08.14,01:02:33.539,1.66736,1.66722,1.77,1.19
2014.08.14,01:02:34.064,1.66735,1.66721,1.39,1.19
2014.08.14,01:02:34.988,1.66734,1.66721,1.02,1.19
2014.08.14,01:02:36.944,1.66734,1.66721,1.39,1.69
2014.08.14,01:02:37.450,1.66733,1.6672,1.3,1.19
2014.08.14,01:02:37.985,1.66733,1.66719,1.02,1.19
2014.08.14,01:02:39.788,1.66723,1.66717,1,1
2014.08.14,01:02:39.991,1.66723,1.6671,1.32,1.47
2014.08.14,01:02:40.514,1.66724,1.66713,4.47,1.25
2014.08.14,01:02:40.819,1.66725,1.66713,2.7,1.19
2014.08.14,01:02:40.971,1.66728,1.66715,1.25,1.67
2014.08.14,01:02:41.374,1.66729,1.66717,1.1,1.32
2014.08.14,01:02:42.384,1.66731,1.66716,4.02,1.57
2014.08.14,01:02:43.091,1.66731,1.66715,1.29,2.14
2014.08.14,01:02:43.398,1.66729,1.66714,2.52,1.74
2014.08.14,01:02:44.326,1.66727,1.66713,1.29,1.58
2014.08.14,01:02:44.781,1.66727,1.66714,1.19,1.09
2014.08.14,01:02:45.085,1.66728,1.66715,1.19,1.68
2014.08.14,01:02:45.983,1.66729,1.66715,1.19,1.39
2014.08.14,01:02:49.335,1.66723,1.66714,1,1.32
2014.08.14,01:02:49.386,1.66723,1.66712,1,2.14
2014.08.14,01:02:49.438,1.66722,1.66712,1,1.1
2014.08.14,01:02:49.640,1.66724,1.66712,1.02,1
2014.08.14,01:02:49.943,1.66725,1.66712,1,1.37
2014.08.14,01:02:50.466,1.66727,1.66714,1.69,1.02
2014.08.14,01:02:53.332,1.66725,1.66713,1.19,1.98
2014.08.14,01:02:53.383,1.66725,1.66712,1.19,1.77
2014.08.14,01:02:53.912,1.66725,1.66712,1.69,1.29
2014.08.14,01:02:55.322,1.66725,1.66711,3.19,1.28
2014.08.14,01:02:55.504,1.66723,1.66709,1.58,1.39
2014.08.14,01:02:56.009,1.66722,1.66709,1,1.39
2014.08.14,01:02:56.844,1.66724,1.66711,1.47,1.19
2014.08.14,01:02:57.147,1.66727,1.66717,1.63,1
2014.08.14,01:02:57.653,1.66729,1.66715,2.59,1.69
2014.08.14,01:02:58.360,1.66728,1.66715,1.29,1.25
2014.08.14,01:03:01.377,1.66729,1.66717,1.57,1.25
2014.08.14,01:03:02.257,1.66729,1.66717,1.57,1.25
2014.08.14,01:03:02.761,1.66729,1.66717,1.63,1.19
2014.08.14,01:03:05.778,1.66732,1.66719,2.52,1
2014.08.14,01:03:05.880,1.66732,1.6672,1.48,1.69
2014.08.14,01:03:06.890,1.66733,1.66721,1.38,1.19
2014.08.14,01:03:10.663,1.66733,1.6672,1.63,1.77
2014.08.14,01:03:15.327,1.66734,1.66721,2.89,2.82
2014.08.14,01:03:18.485,1.66734,1.66721,2.89,2.07
2014.08.14,01:03:20.508,1.66734,1.66721,2.52,2.07
2014.08.14,01:03:23.416,1.66733,1.66721,1.38,2.82
2014.08.14,01:03:28.959,1.66734,1.66721,4.39,1.19
2014.08.14,01:03:29.621,1.66734,1.66721,2.89,2.07
2014.08.14,01:03:30.610,1.66734,1.66721,3.27,2.82
2014.08.14,01:03:32.260,1.66734,1.66721,1.77,3.57
2014.08.14,01:03:32.765,1.66735,1.66722,2,1.39
2014.08.14,01:03:37.927,1.66735,1.66722,2,2.14
2014.08.14,01:03:38.432,1.66734,1.66721,1.32,1.84
2014.08.14,01:03:39.549,1.66734,1.66721,2.14,1.19
2014.08.14,01:03:41.823,1.66735,1.66723,1.57,1.25
2014.08.14,01:03:45.112,1.66735,1.66723,1.63,1.19
2014.08.14,01:03:48.311,1.66736,1.66722,2.89,1.39
2014.08.14,01:03:49.287,1.66736,1.66722,2.14,2.14
2014.08.14,01:03:51.129,1.66736,1.66722,2.89,1.39
2014.08.14,01:03:54.309,1.66736,1.66722,2.14,2.14
2014.08.14,01:03:55.332,1.66736,1.66722,2.89,1.39
2014.08.14,01:03:55.837,1.66733,1.6672,1.25,2.14
2014.08.14,01:03:56.342,1.66732,1.6672,1,2.14
2014.08.14,01:03:56.879,1.66732,1.6672,1.25,1.39
2014.08.14,01:04:14.670,1.66732,1.66719,1.27,5.89
2014.08.14,01:04:15.174,1.66731,1.66719,1.47,1.32
2014.08.14,01:04:15.679,1.66731,1.66719,1.47,1.32
2014.08.14,01:04:17.161,1.66732,1.66719,3.19,1.39
2014.08.14,01:04:24.376,1.6673,1.66718,1.25,4.32
2014.08.14,01:04:28.669,1.6673,1.66719,1.09,1.25
2014.08.14,01:04:33.364,1.6673,1.66719,1.25,1.25
2014.08.14,01:04:36.859,1.66729,1.66719,1,1.25
2014.08.14,01:04:37.365,1.66729,1.66719,1.18,1.25
2014.08.14,01:04:37.875,1.66727,1.66719,1,1.25
2014.08.14,01:04:39.158,1.66728,1.66719,1.1,1.25
2014.08.14,01:04:42.582,1.6673,1.66719,1.09,1.25
2014.08.14,01:04:43.088,1.6673,1.66719,1.02,1.25
2014.08.14,01:04:43.637,1.66729,1.66719,1,1.25
2014.08.14,01:04:58.294,1.66731,1.66719,1.37,1.25
2014.08.14,01:04:59.409,1.66729,1.66718,1,5.07
2014.08.14,01:04:59.916,1.66728,1.66718,1,5.07
2014.08.14,01:05:01.655,1.66728,1.6672,1.1,1.32
2014.08.14,01:05:01.915,1.66731,1.6672,1,1.39
2014.08.14,01:05:02.070,1.66731,1.6672,1,2.14
2014.08.14,01:05:02.172,1.66734,1.6672,1.69,2.14
2014.08.14,01:05:02.577,1.66732,1.66721,1,2.03
2014.08.14,01:05:07.845,1.66734,1.66721,1.25,2.59
2014.08.14,01:05:08.363,1.66733,1.66721,1,2.59
2014.08.14,01:05:08.867,1.66735,1.66721,2.44,2.59
2014.08.14,01:05:11.691,1.66738,1.66725,1.77,1.25
2014.08.14,01:05:11.995,1.66742,1.6673,1.09,1.32
2014.08.14,01:05:12.197,1.66744,1.66731,1.02,1.19
2014.08.14,01:05:12.702,1.66743,1.66731,1,1.37
2014.08.14,01:05:13.157,1.66741,1.66731,1,1.84
2014.08.14,01:05:15.349,1.66744,1.66731,1.25,1.84
2014.08.14,01:05:16.532,1.66743,1.66731,1,1.37
2014.08.14,01:05:17.641,1.66742,1.66732,1,1.29
2014.08.14,01:05:20.053,1.66741,1.66731,1,1.84
2014.08.14,01:05:21.398,1.66744,1.66731,1.32,1.84
2014.08.14,01:05:25.068,1.66746,1.66733,1.69,1.09
2014.08.14,01:05:26.808,1.66746,1.66733,1.19,1.37
2014.08.14,01:05:30.666,1.66745,1.66737,1.25,1.58
2014.08.14,01:05:30.852,1.66751,1.6674,2.44,1.09
2014.08.14,01:05:31.357,1.66752,1.66741,1,1.29
2014.08.14,01:05:31.863,1.66751,1.66742,1,1.25
2014.08.14,01:05:32.165,1.66749,1.66742,1,1.19
2014.08.14,01:05:35.564,1.66749,1.66746,1,1
2014.08.14,01:05:35.969,1.66749,1.66748,1,1
2014.08.14,01:05:36.120,1.66752,1.66748,1,1
2014.08.14,01:05:36.335,1.66755,1.66748,1.5,1
2014.08.14,01:05:36.778,1.66753,1.66748,1,1
2014.08.14,01:05:36.879,1.66755,1.66748,1,1
2014.08.14,01:05:36.930,1.66751,1.66748,1,1
2014.08.14,01:05:37.031,1.66754,1.66748,1,1
2014.08.14,01:05:37.132,1.66756,1.66748,1.5,1
2014.08.14,01:05:38.154,1.66756,1.6675,1.5,1
2014.08.14,01:05:38.468,1.66754,1.6675,1,1
2014.08.14,01:05:39.336,1.66756,1.6675,1,1
2014.08.14,01:05:40.270,1.66756,1.66753,1,1
2014.08.14,01:05:40.775,1.66757,1.66753,1.25,1
2014.08.14,01:05:41.105,1.66755,1.66754,1,1
2014.08.14,01:05:43.094,1.66756,1.66752,1.5,1
2014.08.14,01:05:43.982,1.66756,1.66751,1.5,1
2014.08.14,01:05:46.596,1.66756,1.66753,1,1
2014.08.14,01:05:48.677,1.66756,1.66753,1,1
2014.08.14,01:05:49.132,1.66757,1.66753,1,1
2014.08.14,01:05:49.792,1.66758,1.66753,1,1
2014.08.14,01:05:49.893,1.66756,1.66753,1,1
2014.08.14,01:05:50.435,1.66756,1.66753,1,1
2014.08.14,01:05:50.764,1.6676,1.66755,1.19,1
2014.08.14,01:05:51.269,1.66757,1.66755,1,1
2014.08.14,01:05:51.775,1.6676,1.66755,1.19,1
2014.08.14,01:05:52.286,1.66758,1.66755,1,1
2014.08.14,01:05:52.893,1.66758,1.66754,1,1.5
2014.08.14,01:05:53.398,1.66758,1.66755,1,1
2014.08.14,01:05:53.904,1.66758,1.66754,1,1.5
2014.08.14,01:05:54.409,1.66758,1.66755,1,1
2014.08.14,01:05:55.019,1.66758,1.66754,1,1.5
2014.08.14,01:05:55.531,1.66757,1.66755,1,1
2014.08.14,01:05:56.446,1.66758,1.66755,1,1
2014.08.14,01:05:57.331,1.66758,1.66754,1,1
2014.08.14,01:05:57.634,1.6676,1.66754,1,1
2014.08.14,01:05:58.156,1.66761,1.66754,1.69,1
2014.08.14,01:06:03.034,1.66761,1.66754,1.19,1
2014.08.14,01:06:04.106,1.66761,1.66754,1.25,1
2014.08.14,01:06:05.221,1.66761,1.66754,1.69,1
2014.08.14,01:06:07.345,1.66761,1.66754,1.19,1
2014.08.14,01:06:10.632,1.66761,1.66754,1.69,1
2014.08.14,01:06:12.042,1.66761,1.66754,1.19,1
2014.08.14,01:06:12.557,1.66761,1.66753,1.19,1
2014.08.14,01:06:13.844,1.66761,1.66753,1.25,1
2014.08.14,01:06:14.148,1.66764,1.66755,1.09,1
2014.08.14,01:06:14.659,1.66765,1.66755,2.14,1
2014.08.14,01:06:17.120,1.66765,1.66755,1.88,1
2014.08.14,01:06:17.437,1.66767,1.66758,1.29,1
2014.08.14,01:06:17.944,1.66768,1.6676,1.69,1
2014.08.14,01:06:18.451,1.66766,1.66761,1,1
2014.08.14,01:06:19.413,1.66768,1.66761,1.19,1
2014.08.14,01:06:20.525,1.66768,1.66761,1.25,1
2014.08.14,01:06:21.077,1.66768,1.6676,1.25,1
2014.08.14,01:06:22.560,1.66768,1.66761,1,1
2014.08.14,01:06:27.156,1.66766,1.66761,1,1
2014.08.14,01:06:27.423,1.66768,1.66759,1.25,1
2014.08.14,01:06:27.676,1.66765,1.66759,1,1
2014.08.14,01:06:28.684,1.66768,1.66759,1.69,1
2014.08.14,01:06:29.659,1.66768,1.66759,1.69,1
2014.08.14,01:06:31.765,1.66768,1.66759,2.44,1
