Time,Ask,Bid,AskVolume,BidVolume,
2014.08.14,00:00:07.303,0.90754,0.90738,1.18,1.53
2014.08.14,00:00:09.112,0.90754,0.90738,2.4,2.78
2014.08.14,00:00:12.418,0.90754,0.90738,1.58,3.15
2014.08.14,00:00:12.469,0.90754,0.90738,1.58,2.4
2014.08.14,00:00:12.672,0.90754,0.90738,3.15,2.03
2014.08.14,00:00:13.127,0.90753,0.90738,1.08,2.03
2014.08.14,00:00:13.637,0.90751,0.90738,1.1,1.18
2014.08.14,00:00:15.169,0.90752,0.9074,1.65,1
2014.08.14,00:00:15.675,0.9075,0.90739,1,1.1
2014.08.14,00:00:16.181,0.90751,0.90739,1.1,1.1
2014.08.14,00:00:31.077,0.9075,0.90739,1.19,1.2
2014.08.14,00:00:32.472,0.90751,0.90739,1.77,1.2
2014.08.14,00:00:33.181,0.90751,0.90739,1.69,1.2
2014.08.14,00:00:33.731,0.90752,0.90741,2.52,1
2014.08.14,00:00:50.051,0.90752,0.90741,1.29,1.38
2014.08.14,00:00:52.209,0.90753,0.90741,3.27,1.48
2014.08.14,00:00:52.714,0.90753,0.90741,2.52,1.2
2014.08.14,00:00:53.020,0.90753,0.90741,3.27,1.38
2014.08.14,00:00:53.238,0.90753,0.90741,2.52,1.2
2014.08.14,00:00:53.961,0.90753,0.90741,2.52,1.48
2014.08.14,00:00:54.216,0.90753,0.90741,2.52,1.2
2014.08.14,00:00:54.727,0.90753,0.90741,2.52,1.48
2014.08.14,00:00:55.242,0.90753,0.90741,2.52,1.48
2014.08.14,00:00:55.770,0.90753,0.90741,2.52,1.48
2014.08.14,00:00:56.925,0.90753,0.90741,2.52,1.48
2014.08.14,00:01:00.566,0.90753,0.90741,2.52,1.2
2014.08.14,00:01:06.941,0.90753,0.90741,1.77,1.39
2014.08.14,00:01:10.075,0.90753,0.90741,1.02,1.39
2014.08.14,00:01:10.581,0.90753,0.90741,1.02,1.39
2014.08.14,00:01:11.897,0.90753,0.90741,1.33,1.63
2014.08.14,00:01:12.436,0.90753,0.90741,1.25,1.63
2014.08.14,00:01:15.132,0.90753,0.90741,1.33,1.63
2014.08.14,00:01:15.665,0.90753,0.90741,1.02,1.39
2014.08.14,00:01:16.213,0.90753,0.90741,1.02,1.39
2014.08.14,00:01:22.414,0.90753,0.90741,1.1,2.14
2014.08.14,00:01:24.069,0.90753,0.90741,1.77,1.39
2014.08.14,00:01:24.398,0.90753,0.90741,1.77,1.39
2014.08.14,00:01:24.753,0.90753,0.90741,1.09,1.63
2014.08.14,00:01:29.706,0.90753,0.90741,1.02,1.39
2014.08.14,00:01:31.128,0.90753,0.90741,1.02,1.39
2014.08.14,00:01:38.104,0.90754,0.9074,3.27,1.64
2014.08.14,00:01:39.048,0.90753,0.90739,1.29,2.97
2014.08.14,00:01:41.604,0.90753,0.90739,1.29,3.34
2014.08.14,00:01:43.561,0.90754,0.9074,3.27,1.64
2014.08.14,00:01:47.018,0.90753,0.9074,1.02,1.64
2014.08.14,00:01:47.588,0.90753,0.90739,1.77,1.74
2014.08.14,00:01:48.623,0.90753,0.90739,1.77,1.74
2014.08.14,00:01:55.604,0.90753,0.90738,1.02,2.22
2014.08.14,00:02:02.250,0.90753,0.90738,1.02,3.34
2014.08.14,00:02:07.158,0.90753,0.90739,1.29,1.74
2014.08.14,00:02:08.317,0.90753,0.90739,1.29,1.84
2014.08.14,00:02:08.856,0.90753,0.90739,1.29,1.74
2014.08.14,00:02:12.661,0.90753,0.90739,1.1,1.74
2014.08.14,00:02:19.369,0.90753,0.90739,1.29,1.74
2014.08.14,00:02:22.998,0.90753,0.90739,1.84,1.74
2014.08.14,00:02:26.301,0.90751,0.90739,1,2.22
2014.08.14,00:02:26.807,0.90751,0.90741,1,1.13
2014.08.14,00:02:29.161,0.90751,0.90741,1.33,1
2014.08.14,00:02:29.413,0.9075,0.90739,1,1.39
2014.08.14,00:02:29.515,0.90748,0.90739,1,1.32
2014.08.14,00:02:30.020,0.90747,0.90739,1,1.32
2014.08.14,00:02:30.677,0.90748,0.90739,1,1.13
2014.08.14,00:03:09.448,0.90749,0.90739,1.25,1
2014.08.14,00:03:10.551,0.90749,0.90739,1.19,1
2014.08.14,00:03:15.110,0.9075,0.90739,2.14,1
2014.08.14,00:03:22.994,0.90749,0.90739,1.32,1
2014.08.14,00:03:24.128,0.9075,0.90739,2.14,1
2014.08.14,00:03:29.485,0.9075,0.90736,2.14,1.47
2014.08.14,00:03:31.173,0.9075,0.90735,1.63,3.72
2014.08.14,00:03:31.678,0.90748,0.90736,1,1.47
2014.08.14,00:03:33.457,0.90749,0.90736,1.63,2.22
2014.08.14,00:03:33.961,0.90749,0.90736,1.63,2.22
2014.08.14,00:03:34.706,0.90749,0.90736,1.25,2.22
2014.08.14,00:03:35.242,0.9075,0.90736,2.07,2.22
2014.08.14,00:03:35.748,0.9075,0.90736,2.14,2.22
2014.08.14,00:03:38.796,0.9075,0.90736,2.07,2.22
2014.08.14,00:03:39.316,0.9075,0.90736,2.14,2.22
2014.08.14,00:03:39.984,0.9075,0.90736,2.07,2.22
2014.08.14,00:03:40.502,0.9075,0.90736,2.14,2.22
2014.08.14,00:03:46.801,0.9075,0.90736,2.22,1.39
2014.08.14,00:03:50.143,0.90748,0.90735,1.02,2.22
2014.08.14,00:03:53.550,0.90749,0.90736,1.09,1.39
2014.08.14,00:03:55.557,0.90749,0.90735,2.22,2.22
2014.08.14,00:03:56.101,0.90749,0.90735,1.37,2.97
2014.08.14,00:04:06.310,0.90749,0.90735,1.37,2.97
2014.08.14,00:04:06.613,0.90749,0.90735,1.37,2.97
2014.08.14,00:04:07.119,0.90749,0.90736,1.02,1.37
2014.08.14,00:04:07.648,0.90748,0.90736,1,1.37
2014.08.14,00:04:10.228,0.9075,0.90736,2.22,1.74
2014.08.14,00:04:11.202,0.90749,0.90735,1.29,2.97
2014.08.14,00:04:15.317,0.9075,0.90736,1.84,1.37
2014.08.14,00:04:16.181,0.9075,0.90736,1.84,1.74
2014.08.14,00:04:23.144,0.90749,0.90735,1.29,2.97
2014.08.14,00:04:26.661,0.9075,0.90736,1.84,1.74
2014.08.14,00:04:26.965,0.90747,0.90736,1,1.74
2014.08.14,00:04:28.187,0.90748,0.90735,1,1.78
2014.08.14,00:04:34.781,0.90747,0.90735,1,2.22
2014.08.14,00:04:36.093,0.90747,0.90735,1,1.78
2014.08.14,00:04:40.738,0.90746,0.90735,1,1.78
2014.08.14,00:04:50.517,0.90748,0.90735,1.02,2.22
2014.08.14,00:04:51.022,0.90747,0.90735,1,2.22
2014.08.14,00:04:55.028,0.90748,0.90735,1.02,2.22
2014.08.14,00:04:58.255,0.90748,0.90735,1.02,2.22
2014.08.14,00:05:16.375,0.90749,0.90735,1.77,2.22
2014.08.14,00:05:16.895,0.90749,0.90735,1.77,2.22
2014.08.14,00:05:17.417,0.9075,0.90736,1.84,1.74
2014.08.14,00:05:17.936,0.90748,0.90736,1,1.74
2014.08.14,00:05:23.400,0.90748,0.90736,1,1.74
2014.08.14,00:05:23.928,0.9075,0.90736,1.84,1.74
2014.08.14,00:05:27.230,0.9075,0.90736,1.84,1.74
2014.08.14,00:05:33.213,0.90749,0.90737,1.1,1.67
2014.08.14,00:05:45.889,0.9075,0.90735,1.47,2.22
2014.08.14,00:05:50.088,0.90749,0.90735,1.2,1.72
2014.08.14,00:05:50.240,0.90747,0.90735,1,1.72
2014.08.14,00:05:51.319,0.90748,0.90736,1,1.47
2014.08.14,00:05:51.889,0.90747,0.90736,1,1.47
2014.08.14,00:05:54.720,0.90749,0.90736,1.39,1.37
2014.08.14,00:05:55.242,0.90749,0.90736,1.39,1.37
2014.08.14,00:05:57.507,0.90748,0.90736,1.13,1.37
2014.08.14,00:05:58.023,0.90747,0.90736,1,1.37
2014.08.14,00:06:01.316,0.9075,0.90736,2.22,1.37
2014.08.14,00:06:14.739,0.90747,0.90736,1,1.19
2014.08.14,00:06:16.711,0.90748,0.90736,1,1.19
2014.08.14,00:06:18.716,0.9075,0.90736,2.07,1.32
2014.08.14,00:06:20.297,0.9075,0.90736,1.69,1.57
2014.08.14,00:06:20.601,0.90753,0.90741,1.69,1.18
2014.08.14,00:06:20.924,0.90757,0.90745,2.44,1.18
2014.08.14,00:06:21.028,0.90759,0.90745,2.52,1.18
2014.08.14,00:06:21.181,0.90759,0.90749,1.25,1
2014.08.14,00:06:21.485,0.90759,0.90751,1.25,1
2014.08.14,00:06:21.941,0.90759,0.90749,1.25,1
2014.08.14,00:06:22.143,0.90758,0.90746,1,1.37
2014.08.14,00:06:22.346,0.90755,0.90746,1,1.47
2014.08.14,00:06:22.549,0.90757,0.90746,1,1.34
2014.08.14,00:06:23.429,0.90756,0.90745,1,1.84
2014.08.14,00:06:23.936,0.90757,0.90745,1.13,1.84
2014.08.14,00:06:24.442,0.90759,0.90745,2.89,1.84
2014.08.14,00:06:25.389,0.90759,0.90745,2.89,1.84
2014.08.14,00:06:27.622,0.90758,0.90745,1.32,2.22
2014.08.14,00:06:28.500,0.90757,0.90745,1,1.84
2014.08.14,00:06:28.857,0.90761,0.90749,3.72,1
2014.08.14,00:06:28.959,0.90758,0.90746,1,2.22
2014.08.14,00:06:29.263,0.90756,0.90746,1,1.29
2014.08.14,00:06:29.783,0.90757,0.90746,1,1.77
2014.08.14,00:06:30.289,0.90758,0.90746,1.1,1.77
2014.08.14,00:06:30.805,0.90757,0.90746,1.1,1.69
2014.08.14,00:06:31.211,0.90759,0.90748,1.02,1.1
2014.08.14,00:06:31.716,0.9076,0.90748,1.02,1.02
2014.08.14,00:06:32.475,0.90759,0.90748,1,1.1
2014.08.14,00:06:32.981,0.90761,0.90748,1.09,1.1
2014.08.14,00:06:34.436,0.90758,0.90748,1,1.02
2014.08.14,00:06:34.537,0.90761,0.90748,2.59,1.02
2014.08.14,00:06:34.588,0.90758,0.90747,1,1.74
2014.08.14,00:06:35.095,0.9076,0.90749,1.09,1
2014.08.14,00:06:35.603,0.9076,0.90749,1.09,1
2014.08.14,00:06:36.772,0.90758,0.90749,1,1
2014.08.14,00:06:36.975,0.9076,0.90749,1.77,1
2014.08.14,00:06:38.727,0.9076,0.90749,1.84,1
2014.08.14,00:06:40.518,0.90758,0.90749,1,1
2014.08.14,00:06:41.025,0.90758,0.90747,1,1.29
2014.08.14,00:06:41.530,0.9076,0.90748,1.84,1
2014.08.14,00:06:42.137,0.9076,0.90748,1.09,1.02
2014.08.14,00:06:42.643,0.9076,0.90748,1.09,1.25
2014.08.14,00:06:43.402,0.9076,0.90748,1.09,1.02
2014.08.14,00:06:46.527,0.9076,0.90748,1.84,1.25
2014.08.14,00:06:47.438,0.90759,0.90746,1.77,1.09
2014.08.14,00:07:12.388,0.90757,0.90746,1,1.09
2014.08.14,00:07:12.909,0.90758,0.90746,1.25,1.09
2014.08.14,00:07:13.413,0.90759,0.90748,1.69,1.1
2014.08.14,00:07:13.923,0.90759,0.90748,1.25,1.1
2014.08.14,00:07:19.878,0.90759,0.90746,1.25,2.22
2014.08.14,00:07:20.485,0.90759,0.90746,1.25,2.22
2014.08.14,00:07:23.525,0.90759,0.90746,1.77,1.84
2014.08.14,00:07:24.543,0.90759,0.90746,2.89,1.09
2014.08.14,00:07:37.162,0.90757,0.90746,1,1.09
2014.08.14,00:07:39.222,0.90756,0.90746,1,1.09
2014.08.14,00:07:39.789,0.90757,0.90746,1,1.09
2014.08.14,00:07:40.305,0.90759,0.90746,2.14,1.09
2014.08.14,00:07:40.818,0.90759,0.90748,1.77,1
2014.08.14,00:07:41.331,0.9076,0.90748,2.97,1
2014.08.14,00:07:41.886,0.90759,0.90746,1.02,1.84
2014.08.14,00:07:42.464,0.90759,0.90746,2.14,1.18
2014.08.14,00:07:42.969,0.90759,0.90746,2.14,1.18
2014.08.14,00:07:43.475,0.90759,0.90746,2.89,1.09
2014.08.14,00:07:48.169,0.90759,0.90748,1.39,1
2014.08.14,00:07:48.271,0.9076,0.90748,1.02,1.02
2014.08.14,00:07:50.446,0.90761,0.90748,2.59,2.14
2014.08.14,00:07:50.961,0.90761,0.90748,2.52,2.14
2014.08.14,00:07:51.531,0.90761,0.90748,3.34,1.32
2014.08.14,00:07:52.151,0.90761,0.90748,3.34,1.33
2014.08.14,00:07:52.665,0.90761,0.90748,1.02,1.84
2014.08.14,00:07:52.817,0.90762,0.90751,1.84,1
2014.08.14,00:07:53.231,0.90761,0.90748,1.02,2.22
2014.08.14,00:07:53.749,0.90761,0.90749,1.1,1.39
2014.08.14,00:07:56.732,0.90761,0.90748,1.02,2.22
2014.08.14,00:08:07.249,0.90761,0.90748,1.25,2.97
2014.08.14,00:08:07.452,0.90764,0.90751,2.22,1.1
2014.08.14,00:08:07.554,0.90764,0.90753,1.47,1
2014.08.14,00:08:08.352,0.90764,0.90753,1.4,1
2014.08.14,00:08:08.889,0.90764,0.90753,1.47,1
2014.08.14,00:08:21.647,0.90764,0.90753,1.25,1.1
2014.08.14,00:08:27.218,0.90764,0.90753,1.32,1
2014.08.14,00:08:30.232,0.90765,0.90753,2.82,1
2014.08.14,00:08:31.269,0.90764,0.90753,1.32,1
2014.08.14,00:08:32.440,0.90765,0.90753,2.22,1
2014.08.14,00:08:38.779,0.90765,0.90753,1.39,1.1
2014.08.14,00:08:39.313,0.90765,0.90753,2.14,1.1
2014.08.14,00:08:40.395,0.90765,0.90753,1.69,1.28
2014.08.14,00:08:40.902,0.90765,0.90753,1,1.34
2014.08.14,00:09:15.412,0.90766,0.90756,1.29,1
2014.08.14,00:09:15.932,0.90767,0.90756,1.09,1
2014.08.14,00:09:21.204,0.90769,0.90756,2.22,1.02
2014.08.14,00:09:21.255,0.90769,0.90756,2.14,1.09
2014.08.14,00:09:21.558,0.90769,0.90758,1,1.15
2014.08.14,00:09:21.660,0.90771,0.90761,1,1.15
2014.08.14,00:09:22.180,0.90772,0.90761,1.25,1.15
2014.08.14,00:09:23.290,0.90773,0.90761,1,1.84
2014.08.14,00:09:23.492,0.90771,0.90761,1,1.84
2014.08.14,00:09:24.000,0.9077,0.90761,1,1.84
2014.08.14,00:09:27.783,0.90771,0.90761,1,1.15
2014.08.14,00:09:38.840,0.90771,0.90761,1,1.4
2014.08.14,00:09:38.941,0.90771,0.90761,1,1.09
2014.08.14,00:09:39.143,0.90771,0.90761,1,1.09
2014.08.14,00:09:42.120,0.90772,0.90761,1,1.4
2014.08.14,00:09:47.380,0.90771,0.90761,1,1.4
2014.08.14,00:09:47.970,0.90771,0.90761,1,1.09
2014.08.14,00:09:50.119,0.9077,0.90761,1,1.09
2014.08.14,00:10:00.913,0.90769,0.90761,1,1.09
2014.08.14,00:10:01.478,0.9077,0.90761,1,1.09
2014.08.14,00:10:03.969,0.90769,0.90761,1,1.09
2014.08.14,00:10:06.141,0.90769,0.90761,1,1.09
2014.08.14,00:10:06.647,0.90769,0.90761,1,1.4
2014.08.14,00:10:10.899,0.9077,0.90761,1,1.18
2014.08.14,00:10:11.410,0.90771,0.90761,1,1.18
2014.08.14,00:10:21.252,0.90773,0.90761,1.32,1.65
2014.08.14,00:10:21.776,0.90773,0.9076,1.25,1.84
2014.08.14,00:10:22.440,0.90773,0.9076,1.25,1.84
2014.08.14,00:10:22.643,0.90773,0.9076,1.25,1.84
2014.08.14,00:10:22.946,0.90773,0.9076,1.25,1.84
2014.08.14,00:10:24.018,0.90773,0.9076,1.25,2.22
2014.08.14,00:10:24.535,0.90773,0.9076,1.32,1.84
2014.08.14,00:10:25.069,0.90773,0.9076,1.32,1.84
2014.08.14,00:10:25.581,0.90773,0.9076,1.32,1.84
2014.08.14,00:10:26.884,0.90773,0.9076,1.32,1.84
2014.08.14,00:10:27.395,0.90773,0.9076,1.32,1.84
2014.08.14,00:10:34.321,0.90774,0.9076,2.14,2.22
2014.08.14,00:10:36.022,0.90774,0.9076,1.39,1.47
2014.08.14,00:10:36.544,0.90774,0.9076,2.14,2.22
2014.08.14,00:10:50.092,0.90773,0.9076,1.57,1.4
2014.08.14,00:10:50.294,0.9077,0.90757,1.18,1.19
2014.08.14,00:10:50.822,0.90769,0.90756,1.77,1.37
2014.08.14,00:10:51.025,0.90769,0.90759,1.02,1
2014.08.14,00:11:00.412,0.9077,0.90759,1.39,1
2014.08.14,00:11:02.221,0.90771,0.90759,1.77,1.33
2014.08.14,00:11:05.666,0.90771,0.90759,2.44,1.18
2014.08.14,00:11:10.177,0.90771,0.90759,1.69,1.09
2014.08.14,00:11:18.338,0.90771,0.90759,1.69,1.09
2014.08.14,00:11:18.642,0.90771,0.90759,1.69,1.4
2014.08.14,00:11:19.180,0.90771,0.90759,1.25,1.09
2014.08.14,00:11:22.514,0.90771,0.90759,2.44,1.18
2014.08.14,00:11:24.183,0.90771,0.90759,1.69,1.09
2014.08.14,00:11:31.393,0.90771,0.90759,1.69,1.09
2014.08.14,00:11:31.912,0.90771,0.90759,1.69,1.09
2014.08.14,00:11:34.702,0.90771,0.90759,1.69,1.09
2014.08.14,00:11:35.208,0.90771,0.90759,1.69,1.09
2014.08.14,00:11:45.516,0.90771,0.90759,1.69,1.84
2014.08.14,00:11:46.027,0.90771,0.90759,1.69,1.84
2014.08.14,00:11:53.411,0.90771,0.90759,1.25,1.4
2014.08.14,00:11:55.343,0.90771,0.90759,1.25,1.33
2014.08.14,00:12:05.508,0.90772,0.90759,2.22,1.02
2014.08.14,00:12:06.384,0.90772,0.90759,2.14,1.09
2014.08.14,00:12:07.461,0.90772,0.90759,2.22,1.02
2014.08.14,00:12:12.891,0.90772,0.90759,2.22,1.1
2014.08.14,00:12:12.993,0.90771,0.90756,1.78,2.59
2014.08.14,00:12:13.502,0.90768,0.90756,1,1.47
2014.08.14,00:12:21.959,0.90768,0.90756,1.33,1.39
2014.08.14,00:12:22.502,0.90768,0.90756,1.02,1.39
2014.08.14,00:12:23.165,0.90768,0.90756,1.33,1.32
2014.08.14,00:12:23.677,0.90769,0.90756,2.59,1.32
2014.08.14,00:12:23.934,0.90769,0.90757,2.52,1.08
2014.08.14,00:12:24.139,0.90771,0.90758,2.97,1.1
2014.08.14,00:12:24.962,0.90771,0.90758,2.59,1.48
2014.08.14,00:12:28.679,0.90771,0.90758,1.65,1.7
2014.08.14,00:12:29.185,0.90771,0.90758,1.5,1.78
2014.08.14,00:12:29.764,0.90771,0.90758,1.58,1.78
2014.08.14,00:12:30.270,0.90771,0.90758,1,1.09
2014.08.14,00:13:05.861,0.90771,0.90758,2.14,1.84
2014.08.14,00:13:06.528,0.90771,0.90758,1.32,1.84
2014.08.14,00:13:07.189,0.90771,0.90758,1.39,1.84
2014.08.14,00:13:08.261,0.90771,0.90758,1.77,1.09
2014.08.14,00:13:09.239,0.90771,0.90758,1.25,1.84
2014.08.14,00:13:09.543,0.90769,0.90758,1.2,1.69
2014.08.14,00:13:09.746,0.90769,0.90755,2.22,2.14
2014.08.14,00:13:10.253,0.90767,0.90755,1.48,1.1
2014.08.14,00:13:10.557,0.90763,0.90755,1,1.1
2014.08.14,00:13:10.860,0.90763,0.90753,1.13,1.02
2014.08.14,00:13:11.367,0.90764,0.90753,1,1.1
2014.08.14,00:13:12.295,0.90766,0.90753,2.97,1.1
2014.08.14,00:13:12.346,0.90766,0.90753,2.82,1.18
2014.08.14,00:13:12.853,0.90766,0.90756,1.57,1
2014.08.14,00:13:13.368,0.90764,0.90756,1,1
2014.08.14,00:13:25.115,0.90765,0.90756,1.13,1
2014.08.14,00:13:28.955,0.90765,0.90756,1.38,1
2014.08.14,00:13:40.279,0.90763,0.90756,1,1
2014.08.14,00:13:40.915,0.90764,0.90756,1.25,1
2014.08.14,00:13:41.493,0.90766,0.90756,2.22,1
2014.08.14,00:13:42.043,0.90764,0.90756,1,1
2014.08.14,00:13:43.230,0.90764,0.90756,1.38,1
2014.08.14,00:13:43.686,0.90765,0.90756,1,1
2014.08.14,00:13:44.197,0.90764,0.90756,1.13,1
2014.08.14,00:13:45.050,0.90765,0.90756,1,1
2014.08.14,00:13:45.555,0.90766,0.90756,1.25,1.1
2014.08.14,00:13:46.088,0.90765,0.90756,1,1.1
2014.08.14,00:13:48.093,0.90764,0.90756,1,1
2014.08.14,00:13:49.613,0.90763,0.90756,1,1
2014.08.14,00:13:50.114,0.90764,0.90756,1,1
2014.08.14,00:13:54.367,0.90765,0.90756,1,1
2014.08.14,00:13:54.874,0.90764,0.90756,1,1
2014.08.14,00:13:58.990,0.90766,0.90756,1.32,1
2014.08.14,00:14:01.700,0.90767,0.90756,1.19,1.48
2014.08.14,00:14:01.751,0.90768,0.90756,1.1,1.39
2014.08.14,00:14:02.311,0.90769,0.90756,2.22,1.39
2014.08.14,00:14:03.942,0.90769,0.90756,1.25,2.22
2014.08.14,00:14:06.094,0.90769,0.90757,1.1,1.39
2014.08.14,00:14:06.604,0.90769,0.90757,1,1.72
2014.08.14,00:14:12.426,0.9077,0.90757,1.25,1.72
2014.08.14,00:14:18.756,0.90771,0.90757,2.14,1.72
2014.08.14,00:14:26.522,0.9077,0.90756,2.07,1.72
2014.08.14,00:14:32.878,0.90768,0.90756,1,1.47
2014.08.14,00:14:33.031,0.90766,0.90754,1,1.84
2014.08.14,00:14:33.234,0.90766,0.90753,1.88,1.84
2014.08.14,00:14:33.336,0.90764,0.90752,1.13,1.18
2014.08.14,00:14:33.843,0.90764,0.90751,2.14,1.33
2014.08.14,00:14:34.349,0.90764,0.90753,1.32,1
2014.08.14,00:14:38.523,0.90764,0.90751,2.07,1.47
2014.08.14,00:14:39.078,0.90764,0.90751,2.14,1.47
2014.08.14,00:14:39.950,0.90764,0.90751,1.38,1.47
2014.08.14,00:14:43.203,0.90764,0.90751,1.39,2.22
2014.08.14,00:14:43.760,0.90764,0.90751,2.07,2.22
2014.08.14,00:14:45.822,0.90764,0.90751,2.14,2.22
2014.08.14,00:14:46.327,0.90764,0.90751,1.63,2.22
2014.08.14,00:14:56.646,0.90764,0.90751,1.32,2.22
2014.08.14,00:14:58.147,0.90764,0.90751,1.39,2.22
2014.08.14,00:15:00.516,0.90764,0.90751,1.47,2.14
2014.08.14,00:15:01.036,0.90764,0.90751,1.32,2.22
2014.08.14,00:15:02.323,0.90764,0.90752,1,1.74
2014.08.14,00:15:02.526,0.90766,0.90753,1,2.97
2014.08.14,00:15:03.040,0.90767,0.90756,1.39,1
2014.08.14,00:15:03.580,0.90767,0.90756,1.39,1
2014.08.14,00:15:07.953,0.90767,0.90756,1.39,1
2014.08.14,00:15:13.020,0.90767,0.90756,1.39,1
2014.08.14,00:15:15.709,0.90767,0.90756,1.39,1
2014.08.14,00:15:34.815,0.90769,0.90757,1.32,1.65
2014.08.14,00:15:34.967,0.90771,0.90761,1.47,1
2014.08.14,00:15:35.119,0.90773,0.90761,2.22,1
2014.08.14,00:15:38.132,0.90773,0.90761,1.39,1.02
2014.08.14,00:15:39.095,0.90773,0.90761,2.14,1.02
2014.08.14,00:15:39.596,0.90773,0.90761,2.14,1.02
2014.08.14,00:15:40.409,0.90773,0.90761,2.97,1
2014.08.14,00:15:41.651,0.90773,0.90761,3.72,1
2014.08.14,00:15:41.905,0.90771,0.90759,2.14,1.02
2014.08.14,00:15:43.367,0.90771,0.90759,1.39,1.02
2014.08.14,00:15:43.881,0.90771,0.90759,2.14,1.02
2014.08.14,00:15:49.535,0.90768,0.90759,1.13,1.1
2014.08.14,00:15:49.691,0.90768,0.90756,2.03,1.69
2014.08.14,00:15:50.198,0.90768,0.90756,2.97,1
2014.08.14,00:15:50.553,0.90768,0.90757,1.25,1.2
2014.08.14,00:15:50.705,0.9077,0.90759,1.33,1
2014.08.14,00:15:51.220,0.90771,0.90759,1.39,1
2014.08.14,00:15:53.365,0.90771,0.90759,2.22,1
2014.08.14,00:15:55.779,0.90771,0.90759,2.22,1
2014.08.14,00:15:56.330,0.90771,0.90759,1.02,1.2
2014.08.14,00:15:56.851,0.90771,0.9076,1.02,1.13
2014.08.14,00:15:57.194,0.90771,0.90759,1.78,1
2014.08.14,00:15:57.497,0.90769,0.90757,1.53,1.19
2014.08.14,00:15:57.751,0.90768,0.90755,1.53,1.32
2014.08.14,00:16:19.125,0.90768,0.90755,1.78,1.69
2014.08.14,00:16:20.302,0.90768,0.90755,1.53,1.25
2014.08.14,00:16:25.914,0.90769,0.90755,2.97,1.69
2014.08.14,00:16:27.959,0.90769,0.90755,2.97,2.89
2014.08.14,00:16:28.465,0.90769,0.90755,1.69,5.22
2014.08.14,00:16:29.126,0.90769,0.90756,1,1.72
2014.08.14,00:16:57.518,0.90768,0.90756,1.13,2.22
2014.08.14,00:16:57.621,0.90768,0.90754,1.47,2.22
2014.08.14,00:16:58.196,0.90767,0.90754,1.28,1.32
2014.08.14,00:16:58.802,0.90767,0.90753,1.47,2.14
2014.08.14,00:17:02.298,0.90767,0.90753,1.39,2.14
2014.08.14,00:17:02.803,0.90768,0.90754,2.22,1.47
2014.08.14,00:17:09.616,0.90768,0.90753,2.22,2.22
2014.08.14,00:17:10.646,0.90768,0.90754,2.22,1.47
2014.08.14,00:17:11.846,0.90768,0.90753,1.47,2.97
2014.08.14,00:17:13.408,0.90768,0.90754,2.22,1.47
2014.08.14,00:17:17.955,0.90768,0.90753,1.47,2.97
2014.08.14,00:17:18.258,0.90769,0.90754,1.74,1.47
2014.08.14,00:17:18.774,0.90769,0.90754,1.74,2.14
2014.08.14,00:17:19.285,0.90769,0.90755,1.74,1.29
2014.08.14,00:17:58.617,0.90768,0.90755,1.39,1.47
2014.08.14,00:18:00.148,0.90768,0.90755,1.32,1.47
2014.08.14,00:18:06.618,0.90768,0.90754,1.32,2.22
2014.08.14,00:18:19.348,0.90769,0.90755,1.67,1.47
2014.08.14,00:18:21.140,0.90768,0.90754,1.32,2.22
2014.08.14,00:18:21.664,0.90768,0.90755,1.39,1.47
2014.08.14,00:18:47.876,0.90768,0.90755,1.47,1.2
2014.08.14,00:18:58.712,0.90769,0.90755,2.22,2.22
2014.08.14,00:19:08.258,0.90769,0.90755,1.67,2.22
2014.08.14,00:19:27.898,0.9077,0.90756,1.77,3.72
2014.08.14,00:19:36.251,0.90769,0.90755,1.57,3.72
2014.08.14,00:19:36.454,0.90769,0.90755,1.57,3.72
2014.08.14,00:19:42.011,0.9077,0.90756,1.64,2.97
2014.08.14,00:19:42.365,0.90771,0.90758,1.64,1.47
2014.08.14,00:19:42.971,0.90771,0.90758,2.07,2.22
2014.08.14,00:19:45.696,0.90771,0.90758,1.39,2.97
2014.08.14,00:19:46.483,0.90771,0.90758,1.63,2.97
2014.08.14,00:19:49.694,0.90769,0.90758,1,2.22
2014.08.14,00:19:50.812,0.90769,0.90758,1,1.47
2014.08.14,00:19:51.385,0.90771,0.90758,2.07,2.22
2014.08.14,00:19:53.015,0.90771,0.90758,2.14,2.22
2014.08.14,00:19:53.521,0.90771,0.90758,2.07,2.22
2014.08.14,00:19:54.697,0.90771,0.90758,2.14,2.22
2014.08.14,00:19:55.219,0.90771,0.90758,2.07,2.22
2014.08.14,00:19:56.783,0.90771,0.90758,2.07,2.22
2014.08.14,00:19:57.290,0.90771,0.90758,2.07,1.47
2014.08.14,00:19:58.833,0.90769,0.90757,1,1.72
2014.08.14,00:19:59.339,0.90771,0.90758,2.82,1.47
2014.08.14,00:20:00.257,0.90771,0.90758,2.14,2.22
2014.08.14,00:20:05.591,0.90771,0.90758,2.97,1.39
2014.08.14,00:20:06.709,0.90771,0.90758,1.47,2.14
2014.08.14,00:20:17.135,0.90771,0.90758,1.02,2.89
2014.08.14,00:20:22.324,0.90771,0.9076,1,1.47
2014.08.14,00:20:22.728,0.90773,0.90763,1,1
2014.08.14,00:20:23.249,0.90773,0.90762,1,1.39
2014.08.14,00:20:29.230,0.90773,0.90762,1,1.47
2014.08.14,00:20:29.802,0.90773,0.90762,1,1.39
2014.08.14,00:20:30.346,0.90773,0.90762,1,2.14
2014.08.14,00:20:31.640,0.90773,0.90762,1,1.39
2014.08.14,00:20:32.154,0.90773,0.90763,1,1
2014.08.14,00:20:33.638,0.90773,0.90762,1,1.39
2014.08.14,00:20:36.344,0.90773,0.90762,1,2.14
2014.08.14,00:21:00.259,0.90773,0.90764,1,1
2014.08.14,00:21:06.064,0.90773,0.90763,1,1.13
2014.08.14,00:21:22.756,0.90774,0.90763,1.25,1.2
2014.08.14,00:21:25.214,0.90774,0.90764,1.25,1
2014.08.14,00:21:33.346,0.90773,0.90765,1,1
2014.08.14,00:21:33.700,0.90773,0.90767,1,1
2014.08.14,00:21:33.953,0.90775,0.90767,1,1
2014.08.14,00:21:34.054,0.90777,0.90767,1,1.55
2014.08.14,00:21:34.561,0.90776,0.90767,1,1.18
2014.08.14,00:21:34.814,0.90776,0.90766,1.5,1.25
2014.08.14,00:21:34.965,0.90773,0.90766,1,1
2014.08.14,00:21:35.472,0.90773,0.90764,1,2.14
2014.08.14,00:21:35.978,0.90773,0.90766,1,1
2014.08.14,00:21:39.524,0.90773,0.90765,1,1
2014.08.14,00:21:48.079,0.90773,0.90764,1,1.95
2014.08.14,00:21:55.038,0.90773,0.90763,1.5,1.39
2014.08.14,00:22:02.810,0.90773,0.90762,1,1.2
2014.08.14,00:22:04.259,0.90773,0.90764,1,1
2014.08.14,00:22:06.022,0.90773,0.90763,1,1.25
2014.08.14,00:22:12.726,0.90773,0.90764,1.5,1
2014.08.14,00:22:17.022,0.90773,0.90763,1.5,1.32
2014.08.14,00:22:17.708,0.90773,0.90764,1.5,1
2014.08.14,00:22:27.395,0.90773,0.90763,1,1.25
2014.08.14,00:22:27.907,0.90773,0.90764,1,1
2014.08.14,00:22:28.984,0.90774,0.90764,1.1,1.5
2014.08.14,00:22:30.781,0.90774,0.90765,1.1,1
2014.08.14,00:22:32.776,0.90774,0.90766,1.1,1
2014.08.14,00:22:35.556,0.90773,0.90766,1,1
2014.08.14,00:22:35.607,0.90773,0.90763,1,1.63
2014.08.14,00:22:36.219,0.90774,0.90764,1.1,1.88
2014.08.14,00:22:36.270,0.90774,0.90766,1.1,1
2014.08.14,00:22:36.777,0.90774,0.90765,1,1
2014.08.14,00:22:38.246,0.90774,0.90764,1,1.5
2014.08.14,00:22:46.868,0.90774,0.90765,1,1
2014.08.14,00:22:47.467,0.90773,0.90765,1,1.1
2014.08.14,00:22:48.034,0.90773,0.90764,1,1.69
2014.08.14,00:22:50.363,0.90773,0.90762,1,1.84
2014.08.14,00:22:52.487,0.90773,0.90763,1,1.48
2014.08.14,00:22:54.335,0.90773,0.90763,1,1.39
2014.08.14,00:22:57.636,0.90773,0.90764,1,1
2014.08.14,00:22:58.144,0.90773,0.90763,1,1.02
2014.08.14,00:23:00.240,0.90773,0.90764,1,1
2014.08.14,00:23:00.765,0.90773,0.90765,1,1.13
2014.08.14,00:23:04.004,0.90773,0.90764,1,2.07
2014.08.14,00:23:04.549,0.90773,0.90765,1,1.13
2014.08.14,00:23:16.242,0.90773,0.90764,1.5,1.13
2014.08.14,00:23:35.401,0.90773,0.90763,1,2.14
2014.08.14,00:23:41.100,0.90773,0.90763,1,2.14
2014.08.14,00:23:47.775,0.90773,0.90763,1,1.39
2014.08.14,00:24:05.464,0.90773,0.90763,1,1.63
2014.08.14,00:24:22.365,0.90776,0.90763,1.47,1.38
2014.08.14,00:24:25.684,0.90776,0.90763,2.22,1.39
2014.08.14,00:24:27.064,0.90776,0.90763,2.22,1.63
2014.08.14,00:24:27.603,0.90776,0.90763,2.22,1.39
2014.08.14,00:24:29.945,0.90776,0.90763,2.22,1.63
2014.08.14,00:24:30.524,0.90776,0.90763,2.22,1.39
2014.08.14,00:24:31.803,0.90776,0.90763,2.22,1.63
2014.08.14,00:24:32.341,0.90776,0.90763,1.47,2.14
2014.08.14,00:24:33.505,0.90777,0.90763,1.72,2.82
2014.08.14,00:24:34.796,0.90777,0.90763,1.72,2.82
2014.08.14,00:24:35.311,0.90777,0.90763,1.74,2.89
2014.08.14,00:24:36.180,0.90776,0.90763,1.27,2.14
2014.08.14,00:24:45.884,0.90776,0.90763,1.34,2.07
2014.08.14,00:25:05.526,0.90777,0.90764,1.34,1
2014.08.14,00:25:14.373,0.90777,0.90765,1.34,1
2014.08.14,00:25:45.146,0.90776,0.90764,1.34,1
2014.08.14,00:25:45.673,0.90776,0.90763,1.34,1.32
2014.08.14,00:25:46.184,0.90776,0.90763,1.19,1.32
2014.08.14,00:25:50.902,0.90776,0.90763,1.19,1.63
2014.08.14,00:25:57.638,0.90776,0.90762,1.19,2.82
2014.08.14,00:25:58.808,0.90776,0.90763,1.32,1.32
2014.08.14,00:26:08.197,0.90776,0.90763,1.39,1.32
2014.08.14,00:26:09.999,0.90776,0.90765,2.22,1
2014.08.14,00:26:10.406,0.90776,0.90763,2.22,2.82
2014.08.14,00:26:10.660,0.90776,0.90765,2.22,1
2014.08.14,00:26:10.871,0.90776,0.90763,2.22,2.82
2014.08.14,00:26:17.928,0.90774,0.90762,1.02,1.39
2014.08.14,00:26:27.751,0.90774,0.90762,1.39,1.77
2014.08.14,00:26:28.257,0.90771,0.9076,1.13,1.02
2014.08.14,00:26:29.148,0.90771,0.9076,1.32,1.18
2014.08.14,00:26:29.663,0.90771,0.9076,1.32,1.1
2014.08.14,00:26:31.268,0.90771,0.9076,1.32,1.18
2014.08.14,00:26:31.779,0.90771,0.9076,1.32,1.1
2014.08.14,00:26:32.479,0.90771,0.9076,1.32,1.08
2014.08.14,00:26:33.574,0.90771,0.9076,1.32,1.1
2014.08.14,00:26:38.633,0.90771,0.90761,1,1
2014.08.14,00:26:39.139,0.90771,0.9076,1,1.02
2014.08.14,00:26:39.650,0.90771,0.9076,1,1.33
2014.08.14,00:26:42.435,0.90771,0.9076,1,1.2
2014.08.14,00:26:42.940,0.90771,0.9076,1,1.28
2014.08.14,00:26:43.445,0.90771,0.90759,1,2.97
2014.08.14,00:26:44.970,0.90771,0.90759,1,2.97
2014.08.14,00:26:45.516,0.90771,0.90759,1,2.97
2014.08.14,00:27:00.162,0.90771,0.9076,1,1.39
2014.08.14,00:27:00.705,0.90771,0.9076,1,1.39
2014.08.14,00:27:05.799,0.90771,0.90759,1,2.97
2014.08.14,00:27:06.305,0.90771,0.90759,1,2.97
2014.08.14,00:27:11.255,0.90771,0.90759,1.02,2.22
2014.08.14,00:27:11.760,0.90771,0.9076,1.02,1.13
2014.08.14,00:27:17.983,0.90771,0.90759,1.1,1.95
2014.08.14,00:27:26.316,0.90771,0.90759,1.02,2.14
2014.08.14,00:27:26.827,0.90771,0.9076,1.02,1.38
2014.08.14,00:27:27.332,0.90771,0.90762,1,1
2014.08.14,00:27:27.636,0.90774,0.90761,2.22,1.2
2014.08.14,00:27:28.141,0.90774,0.90761,2.22,1.88
2014.08.14,00:27:31.741,0.90774,0.90761,1.47,2.82
2014.08.14,00:27:32.843,0.90774,0.90761,1.47,2.89
2014.08.14,00:27:33.349,0.90774,0.90761,1.47,2.82
2014.08.14,00:27:34.106,0.90774,0.90761,1.28,2.07
2014.08.14,00:27:37.119,0.90774,0.90761,1.47,2.82
2014.08.14,00:27:38.102,0.90774,0.90761,2.22,2.07
2014.08.14,00:27:40.508,0.90774,0.90762,2.22,1
2014.08.14,00:28:08.916,0.90774,0.90761,2.22,2.82
2014.08.14,00:28:18.316,0.90774,0.90761,2.22,1.32
2014.08.14,00:28:18.846,0.90774,0.90761,2.14,1.39
2014.08.14,00:28:20.893,0.90774,0.90761,2.14,1.39
2014.08.14,00:29:33.092,0.90775,0.90761,2.07,2.07
2014.08.14,00:29:37.098,0.90774,0.90761,1.32,1.63
2014.08.14,00:29:43.611,0.90775,0.90761,2.07,1.38
2014.08.14,00:29:46.783,0.90775,0.90761,2.14,1.88
2014.08.14,00:29:47.292,0.90775,0.90761,2.22,1.88
2014.08.14,00:29:47.799,0.90775,0.90761,2.22,1.95
2014.08.14,00:30:18.114,0.90775,0.90761,1.84,2.97
2014.08.14,00:30:20.493,0.90774,0.90761,1.29,2.22
2014.08.14,00:30:45.687,0.90774,0.90761,1.37,2.14
2014.08.14,00:30:49.272,0.90774,0.90762,1.37,1
2014.08.14,00:31:05.889,0.90774,0.90762,1.47,1.13
2014.08.14,00:31:06.406,0.90774,0.90762,1.47,1.13
2014.08.14,00:31:06.928,0.90774,0.90762,1.47,1.13
2014.08.14,00:31:40.934,0.90775,0.90762,2.22,1
2014.08.14,00:31:41.444,0.90775,0.90762,2.22,1
2014.08.14,00:32:08.634,0.90774,0.90761,1.72,1.25
2014.08.14,00:32:09.140,0.90773,0.90761,1.78,1.25
2014.08.14,00:32:09.645,0.90771,0.90759,1.2,1.77
2014.08.14,00:32:11.330,0.90771,0.90759,1.39,1.02
2014.08.14,00:32:29.729,0.90771,0.90759,1.47,1.25
2014.08.14,00:32:31.261,0.90771,0.9076,1.47,1
2014.08.14,00:32:50.206,0.90771,0.9076,1.32,1
2014.08.14,00:33:11.202,0.90771,0.9076,1.32,1
2014.08.14,00:33:12.129,0.90771,0.90759,1.32,1.5
2014.08.14,00:33:16.531,0.90772,0.90759,1.77,1.69
2014.08.14,00:33:23.956,0.90772,0.90759,1.74,1.69
2014.08.14,00:33:24.578,0.90772,0.90759,1.72,1.69
2014.08.14,00:33:32.338,0.90771,0.90759,1.47,1.5
2014.08.14,00:33:33.740,0.90771,0.90758,1.47,2.89
2014.08.14,00:33:40.152,0.90772,0.90758,1.72,3.64
2014.08.14,00:33:50.015,0.90771,0.90758,1.47,2.89
2014.08.14,00:33:55.800,0.90772,0.90758,1.72,3.64
2014.08.14,00:33:59.598,0.90771,0.90758,1.47,2.89
2014.08.14,00:34:01.495,0.90772,0.90758,1.72,3.64
2014.08.14,00:34:29.967,0.90772,0.9076,1.72,1
2014.08.14,00:34:33.588,0.90772,0.9076,1.64,1
2014.08.14,00:34:40.155,0.90772,0.90759,1.57,1.32
2014.08.14,00:34:43.492,0.90772,0.9076,1.19,1
2014.08.14,00:34:44.203,0.90773,0.9076,1.32,1.25
2014.08.14,00:34:44.726,0.90771,0.9076,1,1.25
2014.08.14,00:34:45.346,0.90771,0.90761,1.1,1
2014.08.14,00:34:45.856,0.90771,0.90759,1.1,2.22
2014.08.14,00:34:46.361,0.90771,0.9076,1.1,2.82
2014.08.14,00:34:48.055,0.90773,0.9076,1.39,2.97
2014.08.14,00:34:49.115,0.90773,0.9076,1.39,2.89
2014.08.14,00:34:49.645,0.90773,0.9076,1.39,2.97
2014.08.14,00:34:50.158,0.90773,0.9076,1.47,2.89
2014.08.14,00:34:51.044,0.90773,0.9076,1.47,2.89
2014.08.14,00:34:51.736,0.90773,0.9076,1.47,2.89
2014.08.14,00:34:52.713,0.90773,0.9076,1.39,2.97
2014.08.14,00:34:53.578,0.90773,0.9076,1.09,2.89
2014.08.14,00:34:54.752,0.90773,0.9076,1.02,2.89
2014.08.14,00:34:55.279,0.90773,0.9076,1.09,2.89
2014.08.14,00:35:36.150,0.90774,0.9076,2.59,2.89
2014.08.14,00:35:46.079,0.90774,0.9076,2.97,2.89
2014.08.14,00:36:02.787,0.90772,0.9076,1.18,2.07
2014.08.14,00:36:03.306,0.90772,0.9076,1.1,2.14
2014.08.14,00:36:10.458,0.90772,0.9076,1.39,1.39
2014.08.14,00:36:11.021,0.90772,0.9076,1.32,1.47
2014.08.14,00:36:25.324,0.90772,0.9076,1.39,1.39
2014.08.14,00:36:25.857,0.90772,0.9076,1.32,1.47
2014.08.14,00:36:35.878,0.90773,0.9076,1.39,2.22
2014.08.14,00:36:36.384,0.90773,0.90762,1.39,1
2014.08.14,00:36:38.775,0.90773,0.90761,1.47,1.02
2014.08.14,00:36:39.299,0.90773,0.9076,1.09,1.77
2014.08.14,00:36:39.812,0.90773,0.9076,1.02,1.84
2014.08.14,00:36:40.319,0.90773,0.9076,1.47,1.77
2014.08.14,00:36:42.071,0.90771,0.9076,1,1.29
2014.08.14,00:36:42.732,0.90771,0.90759,1.25,1.4
2014.08.14,00:36:44.425,0.90771,0.90759,1.02,1.02
2014.08.14,00:36:45.713,0.90771,0.90759,1,1.18
2014.08.14,00:36:46.259,0.90771,0.90759,1.1,1.1
2014.08.14,00:36:46.885,0.90772,0.90761,1.39,1
2014.08.14,00:37:15.995,0.90771,0.90758,1.39,2.59
2014.08.14,00:37:47.291,0.90771,0.90758,2.82,1.32
2014.08.14,00:37:52.876,0.9077,0.90758,1.13,2.82
2014.08.14,00:38:06.695,0.9077,0.90758,1.13,1.5
2014.08.14,00:38:10.586,0.9077,0.90758,1.32,1.84
2014.08.14,00:38:11.455,0.9077,0.90758,1.32,1.84
2014.08.14,00:38:13.646,0.9077,0.90758,1.32,1.84
2014.08.14,00:38:14.164,0.9077,0.90758,1.32,1.84
2014.08.14,00:38:19.274,0.9077,0.90758,1.32,1.09
2014.08.14,00:38:20.010,0.9077,0.90758,1.32,1.09
2014.08.14,00:38:43.819,0.9077,0.9076,1.13,1
2014.08.14,00:38:44.335,0.9077,0.90758,1.13,1.84
2014.08.14,00:39:15.580,0.90766,0.90758,1,1.09
2014.08.14,00:39:15.682,0.9077,0.90758,1.39,1.02
2014.08.14,00:39:16.411,0.9077,0.90757,1.39,2.14
2014.08.14,00:39:16.919,0.9077,0.90757,1.47,2.14
2014.08.14,00:39:18.823,0.9077,0.90757,1.39,2.22
2014.08.14,00:39:19.360,0.9077,0.90757,1.47,2.14
2014.08.14,00:39:22.699,0.9077,0.90757,1.47,2.14
2014.08.14,00:39:23.255,0.9077,0.90757,1.39,1.47
2014.08.14,00:39:24.125,0.9077,0.90757,1.39,1.39
2014.08.14,00:39:24.659,0.9077,0.90757,1.47,1.39
2014.08.14,00:39:25.265,0.9077,0.90757,1.47,2.14
2014.08.14,00:39:25.770,0.9077,0.90757,1.39,2.14
2014.08.14,00:39:26.364,0.9077,0.90757,1.39,2.22
2014.08.14,00:39:29.063,0.9077,0.90757,1.39,1.47
2014.08.14,00:39:31.928,0.90771,0.90758,1.78,1.1
2014.08.14,00:39:36.553,0.9077,0.90758,1.39,1.1
2014.08.14,00:39:43.297,0.90771,0.90758,2.22,1.39
2014.08.14,00:39:43.903,0.90771,0.90758,2.22,1.32
2014.08.14,00:39:44.409,0.90771,0.90758,2.22,1.39
2014.08.14,00:39:45.286,0.90771,0.90758,1.47,2.14
2014.08.14,00:39:45.791,0.90769,0.90758,1,2.14
2014.08.14,00:39:46.311,0.90771,0.90758,1.47,2.14
2014.08.14,00:39:46.833,0.90771,0.90758,2.22,1.39
2014.08.14,00:39:47.696,0.90771,0.90758,2.22,1.32
2014.08.14,00:39:48.220,0.90771,0.90758,2.22,1.39
2014.08.14,00:39:52.555,0.90769,0.90757,1,2.22
2014.08.14,00:39:53.116,0.90771,0.90758,2.22,1.39
2014.08.14,00:39:55.816,0.9077,0.90758,1.2,2.14
2014.08.14,00:39:56.845,0.90771,0.90757,2.22,2.22
2014.08.14,00:40:00.361,0.90769,0.90757,1,1.74
2014.08.14,00:40:00.937,0.90771,0.90757,2.22,2.22
2014.08.14,00:40:04.863,0.90771,0.90757,2.14,2.14
2014.08.14,00:40:05.373,0.90771,0.90757,2.22,2.22
2014.08.14,00:40:11.169,0.90771,0.90757,2.22,2.22
2014.08.14,00:40:11.744,0.90771,0.90757,2.22,2.14
2014.08.14,00:40:14.863,0.90771,0.90757,1.47,1.39
2014.08.14,00:40:17.071,0.90771,0.90757,2.22,1.55
2014.08.14,00:40:17.641,0.90769,0.90756,1,1.78
2014.08.14,00:40:34.020,0.90768,0.90756,1,2.22
2014.08.14,00:40:47.798,0.90769,0.90757,1,2.22
2014.08.14,00:40:47.849,0.90769,0.90757,1,2.22
2014.08.14,00:40:48.424,0.90771,0.90758,1.84,1.39
2014.08.14,00:40:49.083,0.90771,0.90758,1.09,2.14
2014.08.14,00:40:49.184,0.90771,0.90758,1.09,2.14
2014.08.14,00:41:02.638,0.90771,0.9076,1.18,1.63
2014.08.14,00:41:02.842,0.90773,0.90761,1.29,1.48
2014.08.14,00:41:03.432,0.90774,0.90764,1.09,1.13
2014.08.14,00:41:24.075,0.90773,0.90761,1.5,2.22
2014.08.14,00:41:52.126,0.90773,0.90762,1,1.39
2014.08.14,00:41:56.312,0.90776,0.90764,3.34,1.13
2014.08.14,00:41:57.070,0.90773,0.90762,1,2.14
2014.08.14,00:42:36.632,0.90773,0.90762,1,2.07
2014.08.14,00:42:40.611,0.90773,0.90762,1,2.22
2014.08.14,00:43:02.031,0.90773,0.90762,1,1.48
2014.08.14,00:43:02.546,0.90774,0.90762,1,1.53
2014.08.14,00:43:02.596,0.90774,0.90762,1,2.22
2014.08.14,00:43:02.906,0.90774,0.90762,1,2.22
2014.08.14,00:43:03.677,0.90774,0.90762,1,2.22
2014.08.14,00:43:04.757,0.90774,0.90762,1,2.22
2014.08.14,00:43:06.914,0.90774,0.90762,1,2.97
2014.08.14,00:43:19.470,0.90774,0.90764,1,1.67
2014.08.14,00:43:27.290,0.90774,0.90764,1,1.57
2014.08.14,00:43:27.815,0.90774,0.90764,1,1.57
2014.08.14,00:43:31.807,0.90774,0.90763,1,2.97
2014.08.14,00:43:32.312,0.90774,0.90763,1,2.14
2014.08.14,00:43:32.963,0.90774,0.90763,1,2.14
2014.08.14,00:43:36.626,0.90774,0.90763,1,2.14
2014.08.14,00:43:47.662,0.90774,0.90763,1.1,2.07
2014.08.14,00:43:48.067,0.90776,0.90764,1.5,1.78
2014.08.14,00:43:48.477,0.90778,0.90766,1.1,1.48
2014.08.14,00:43:48.984,0.90779,0.90766,1.02,2.03
2014.08.14,00:44:01.783,0.90779,0.90767,1.1,2.14
2014.08.14,00:44:06.678,0.90779,0.90766,1.02,2.22
2014.08.14,00:44:07.187,0.90779,0.90766,1.02,2.22
2014.08.14,00:44:29.075,0.90781,0.90768,2.59,1.63
2014.08.14,00:44:29.587,0.90779,0.90768,1,1.63
2014.08.14,00:44:32.006,0.9078,0.90768,1.25,1.63
2014.08.14,00:44:32.558,0.90779,0.90767,1,1.77
2014.08.14,00:44:41.249,0.90779,0.90767,1,2.22
2014.08.14,00:44:42.891,0.90779,0.90767,1,2.22
2014.08.14,00:44:43.398,0.90778,0.90768,1,1.1
2014.08.14,00:44:43.449,0.90774,0.90768,1,1.1
2014.08.14,00:44:43.501,0.90774,0.90766,1,1.32
2014.08.14,00:44:43.552,0.90776,0.90766,1,1.32
2014.08.14,00:44:43.654,0.90774,0.90765,1,1.67
2014.08.14,00:44:44.178,0.90775,0.90765,1,1.67
2014.08.14,00:44:53.665,0.90776,0.90764,1.58,2.14
2014.08.14,00:44:59.179,0.90776,0.90765,1.58,1.63
2014.08.14,00:44:59.432,0.90779,0.90767,1.09,1.38
2014.08.14,00:44:59.940,0.90779,0.90766,1.09,2.14
2014.08.14,00:45:01.234,0.90779,0.90766,1.02,2.97
2014.08.14,00:45:08.815,0.90775,0.90766,1,2.22
2014.08.14,00:45:09.382,0.90776,0.90766,1.5,1.57
2014.08.14,00:45:12.272,0.90776,0.90764,2.25,1.74
2014.08.14,00:45:25.976,0.90774,0.90764,1,1.67
2014.08.14,00:45:26.482,0.90773,0.90764,1,1.67
2014.08.14,00:45:26.736,0.90773,0.90762,1.5,1.64
2014.08.14,00:45:26.990,0.90773,0.90761,1.65,1.63
2014.08.14,00:45:27.496,0.90773,0.90761,2.4,1.32
2014.08.14,00:45:28.332,0.90773,0.90761,2.52,1.39
2014.08.14,00:45:32.147,0.90771,0.90761,1,1.39
2014.08.14,00:45:55.480,0.90771,0.90761,1,1.13
2014.08.14,00:46:00.157,0.90771,0.90761,1,1.38
2014.08.14,00:46:05.195,0.90772,0.90761,1.1,1.63
2014.08.14,00:46:05.697,0.90773,0.90761,1.77,1.39
2014.08.14,00:46:06.779,0.90773,0.90761,1.77,1.39
2014.08.14,00:46:07.938,0.90773,0.90761,1.84,1.32
2014.08.14,00:46:08.469,0.90773,0.90761,1.77,1.39
2014.08.14,00:46:09.850,0.90773,0.90761,1.84,1.32
2014.08.14,00:46:25.300,0.90773,0.90761,1.69,1.32
2014.08.14,00:46:30.851,0.90773,0.9076,1.09,1.67
2014.08.14,00:46:43.235,0.90773,0.9076,1.77,1.64
2014.08.14,00:46:44.621,0.90773,0.9076,1.09,1.67
2014.08.14,00:46:47.129,0.90773,0.9076,1.02,1.74
2014.08.14,00:46:47.754,0.90773,0.9076,1.09,1.67
2014.08.14,00:46:48.263,0.90773,0.9076,1.09,1.67
2014.08.14,00:46:49.237,0.90772,0.9076,1.2,1.67
2014.08.14,00:46:49.749,0.90771,0.9076,1,1.67
2014.08.14,00:46:50.423,0.90771,0.9076,1,2.14
2014.08.14,00:46:54.008,0.90771,0.9076,1,1.39
2014.08.14,00:46:56.837,0.90771,0.9076,1,1.67
2014.08.14,00:46:57.342,0.90774,0.9076,3.34,1.39
2014.08.14,00:47:03.172,0.90771,0.9076,1,1.67
2014.08.14,00:47:09.171,0.90773,0.90759,3.34,1.74
2014.08.14,00:47:15.911,0.9077,0.90759,1,1.74
2014.08.14,00:47:16.417,0.90771,0.90759,1.1,1.67
2014.08.14,00:47:39.842,0.90772,0.90758,1.77,1.78
2014.08.14,00:47:42.580,0.90772,0.90757,2.59,2.97
2014.08.14,00:47:44.531,0.90772,0.90758,3.34,1.74
2014.08.14,00:47:45.037,0.90772,0.90759,1.5,1.72
2014.08.14,00:47:45.341,0.90773,0.90761,1.25,2.03
2014.08.14,00:47:45.847,0.90773,0.90761,1.25,1.55
2014.08.14,00:47:47.470,0.90773,0.90762,1,1.67
2014.08.14,00:47:55.037,0.90773,0.90762,1,1.67
2014.08.14,00:48:02.992,0.90773,0.90761,1,2.59
2014.08.14,00:48:09.270,0.90773,0.90762,1.5,1.67
2014.08.14,00:48:09.775,0.90774,0.90762,1.5,1.74
2014.08.14,00:48:36.884,0.90774,0.90762,2.25,1.57
2014.08.14,00:48:51.913,0.90773,0.90762,1,1.67
2014.08.14,00:48:55.323,0.90773,0.90762,1,1.67
2014.08.14,00:49:08.179,0.90772,0.90762,1,1.77
2014.08.14,00:49:32.026,0.90774,0.90762,1.1,1.67
2014.08.14,00:49:48.550,0.90775,0.90762,1.84,1.64
2014.08.14,00:49:51.876,0.90774,0.90762,1,1.74
2014.08.14,00:49:52.512,0.90773,0.90762,1,1.74
2014.08.14,00:50:00.603,0.90775,0.90762,1.77,1.74
2014.08.14,00:50:01.111,0.90775,0.90762,1.84,2.14
2014.08.14,00:50:01.783,0.90775,0.90762,1.77,2.22
2014.08.14,00:50:11.960,0.90775,0.90762,1.77,2.22
2014.08.14,00:50:12.011,0.90773,0.90762,1,2.22
2014.08.14,00:50:12.758,0.90773,0.90762,1,1.67
2014.08.14,00:50:21.929,0.90774,0.90761,1.77,1.74
2014.08.14,00:50:23.928,0.90772,0.90761,1,1.74
2014.08.14,00:50:36.976,0.90772,0.90761,1.1,1.57
2014.08.14,00:50:41.609,0.90772,0.90761,1,1.57
2014.08.14,00:50:58.458,0.90772,0.90761,1,1.67
2014.08.14,00:50:59.793,0.90773,0.90761,1.58,1.67
2014.08.14,00:51:18.647,0.90772,0.90761,1,1.67
2014.08.14,00:51:31.350,0.90773,0.90761,1.1,1.39
2014.08.14,00:51:31.939,0.90776,0.90761,2.97,1.63
2014.08.14,00:51:31.990,0.90776,0.90761,2.97,1.63
2014.08.14,00:51:33.951,0.90775,0.90761,1.47,2.07
2014.08.14,00:51:36.305,0.90775,0.90761,1.47,2.14
2014.08.14,00:51:36.819,0.90775,0.90761,1.47,2.07
2014.08.14,00:51:38.560,0.90775,0.90761,1.34,2.07
2014.08.14,00:51:38.982,0.90775,0.90761,2.22,2.07
2014.08.14,00:51:49.722,0.90773,0.90761,1.2,2.07
2014.08.14,00:51:49.824,0.90773,0.90761,1.18,2.07
2014.08.14,00:51:50.705,0.90773,0.90761,1.08,2.07
2014.08.14,00:51:54.083,0.90773,0.90762,1.15,1.32
2014.08.14,00:51:54.591,0.90773,0.90762,1.15,1.32
2014.08.14,00:51:55.097,0.90773,0.90762,1.08,1.32
2014.08.14,00:51:55.610,0.90773,0.90761,1.1,2.07
2014.08.14,00:51:56.558,0.90773,0.90762,1.1,1.32
2014.08.14,00:51:57.078,0.90773,0.90762,1.18,1.32
2014.08.14,00:51:58.147,0.90773,0.90761,1.18,2.07
2014.08.14,00:52:05.532,0.90773,0.90761,1.2,2.14
2014.08.14,00:52:06.100,0.90773,0.90761,1.18,2.07
2014.08.14,00:52:08.978,0.90773,0.90761,1.1,2.14
2014.08.14,00:52:09.520,0.90773,0.90761,1.18,1.63
2014.08.14,00:52:15.018,0.90773,0.90761,1.1,2.14
2014.08.14,00:52:17.597,0.90775,0.90761,1.47,2.07
2014.08.14,00:52:27.446,0.90775,0.90761,1.34,2.07
2014.08.14,00:52:27.547,0.90775,0.90761,1.34,2.07
2014.08.14,00:52:27.648,0.90775,0.90761,1.34,2.07
2014.08.14,00:52:33.621,0.90775,0.90761,1.34,2.14
2014.08.14,00:52:35.139,0.90775,0.90761,1.84,1.57
2014.08.14,00:52:37.175,0.90775,0.90761,1.84,1.57
2014.08.14,00:52:37.941,0.90775,0.90761,1.84,1.67
2014.08.14,00:52:44.264,0.90773,0.90761,1.18,1.57
2014.08.14,00:52:44.896,0.90773,0.90761,1.1,1.67
2014.08.14,00:53:44.931,0.90775,0.90761,1.69,1.57
2014.08.14,00:53:47.089,0.90775,0.90762,1.25,1.57
2014.08.14,00:53:49.105,0.90775,0.90761,1.69,1.57
2014.08.14,00:53:52.412,0.90775,0.90762,1.25,1.57
2014.08.14,00:53:53.284,0.90774,0.90762,1,1.57
2014.08.14,00:53:54.715,0.90773,0.90761,1,1.57
2014.08.14,00:54:00.152,0.90773,0.90761,1,1.57
2014.08.14,00:54:00.663,0.90775,0.90761,1.69,1.57
2014.08.14,00:54:02.657,0.90775,0.90761,1.69,1.57
2014.08.14,00:54:03.199,0.90776,0.90762,1.69,1.57
2014.08.14,00:54:11.972,0.90776,0.90764,1.19,1
2014.08.14,00:54:12.276,0.90776,0.90764,1,2.14
2014.08.14,00:54:12.328,0.90779,0.90766,2.59,1.95
2014.08.14,00:54:12.838,0.90779,0.90766,1,1.47
2014.08.14,00:54:16.001,0.90779,0.90766,1.02,2.22
2014.08.14,00:54:17.207,0.90779,0.90766,1.25,2.22
2014.08.14,00:54:28.453,0.90779,0.90767,1,1.74
2014.08.14,00:54:28.756,0.90779,0.90767,1,1.74
2014.08.14,00:54:29.848,0.90779,0.90768,1,1.67
2014.08.14,00:54:36.513,0.90779,0.90768,1.15,1.57
2014.08.14,00:54:37.146,0.90779,0.90768,1.18,1.57
2014.08.14,00:54:39.133,0.90779,0.90767,1,2.22
2014.08.14,00:54:49.328,0.90779,0.90767,1,1.77
2014.08.14,00:54:49.996,0.90779,0.90767,1,1.77
2014.08.14,00:54:50.299,0.90777,0.90767,1.58,1.27
2014.08.14,00:54:50.603,0.90774,0.90763,1.1,2.07
2014.08.14,00:54:51.109,0.90774,0.90763,1.58,1.32
2014.08.14,00:54:51.847,0.90774,0.90762,1.58,1.67
2014.08.14,00:54:53.111,0.90771,0.90762,1,1.67
2014.08.14,00:55:00.122,0.90771,0.9076,1,2.22
2014.08.14,00:55:00.587,0.90771,0.90759,1.65,1.57
2014.08.14,00:55:01.987,0.90771,0.9076,1.65,1.63
2014.08.14,00:55:02.660,0.90771,0.90759,1.5,1.72
2014.08.14,00:55:04.683,0.90771,0.90759,1.58,1.67
2014.08.14,00:55:05.269,0.9077,0.90759,1,1.67
2014.08.14,00:55:05.777,0.9077,0.90758,1.18,1.32
2014.08.14,00:55:06.284,0.9077,0.90758,1.1,1.39
2014.08.14,00:55:08.504,0.9077,0.90758,1.18,2.07
2014.08.14,00:55:12.468,0.90766,0.90758,1.5,1.38
2014.08.14,00:55:12.974,0.90766,0.90758,1.5,1.13
2014.08.14,00:55:18.018,0.90765,0.90756,1,1.63
2014.08.14,00:55:18.525,0.90765,0.90756,1,1.63
2014.08.14,00:55:25.963,0.90765,0.90756,1.2,1.25
2014.08.14,00:55:26.066,0.90764,0.90753,1.1,2.07
2014.08.14,00:55:35.329,0.90762,0.90753,1,1.32
2014.08.14,00:55:35.431,0.90762,0.90751,1,2.22
2014.08.14,00:55:35.937,0.90761,0.9075,1,1.77
2014.08.14,00:55:36.139,0.90761,0.9075,1,1.74
2014.08.14,00:55:36.342,0.90761,0.9075,1,1.74
2014.08.14,00:55:36.807,0.90761,0.90751,1,1.67
2014.08.14,00:55:39.426,0.90761,0.90751,1,1.67
2014.08.14,00:55:41.381,0.90763,0.90751,1.1,2.89
2014.08.14,00:55:41.585,0.90761,0.90751,1,1.67
2014.08.14,00:55:57.656,0.90761,0.90754,1,1
2014.08.14,00:55:57.972,0.90763,0.90754,1,1.38
2014.08.14,00:55:58.073,0.90763,0.90754,1,1.47
2014.08.14,00:55:58.175,0.90766,0.90754,1.25,2.22
2014.08.14,00:55:58.377,0.90768,0.90756,1.02,1.95
2014.08.14,00:55:58.894,0.90768,0.90757,1.02,1.13
2014.08.14,00:56:01.144,0.90768,0.90757,1.2,1.63
2014.08.14,00:56:01.399,0.90771,0.90759,1.09,1.88
2014.08.14,00:56:02.023,0.90771,0.90759,1.09,1.88
2014.08.14,00:56:07.569,0.90773,0.90763,1.15,1
2014.08.14,00:56:08.075,0.90773,0.90762,1.15,1.13
2014.08.14,00:56:08.480,0.90773,0.90762,1.18,1.32
2014.08.14,00:56:08.998,0.90773,0.90762,1.1,1.63
2014.08.14,00:56:10.213,0.90773,0.90762,1.18,1.63
2014.08.14,00:56:10.720,0.90773,0.90764,1.18,1
2014.08.14,00:56:11.247,0.90773,0.90763,1.1,1.13
2014.08.14,00:56:11.753,0.90773,0.90763,1.18,1.13
2014.08.14,00:56:13.162,0.90773,0.90763,1.1,1.13
2014.08.14,00:56:13.667,0.90773,0.90763,1.18,1.13
2014.08.14,00:56:19.567,0.90773,0.90763,1.58,1.13
2014.08.14,00:56:20.114,0.90773,0.90763,1.58,1.13
2014.08.14,00:56:21.123,0.90773,0.90763,1.58,1.13
2014.08.14,00:56:21.630,0.90773,0.90764,1.58,1
2014.08.14,00:56:22.237,0.90773,0.90763,1.58,1.13
2014.08.14,00:56:24.689,0.90773,0.90762,1.58,2.07
2014.08.14,00:56:27.167,0.90773,0.90763,1.58,1.63
2014.08.14,00:56:27.751,0.90773,0.90763,1.58,1.32
2014.08.14,00:56:28.266,0.90773,0.90764,1.58,1
2014.08.14,00:56:28.811,0.90773,0.90763,1.58,1.32
2014.08.14,00:56:29.790,0.90773,0.90762,1.58,2.07
2014.08.14,00:56:31.231,0.90773,0.90762,1.58,2.07
2014.08.14,00:56:31.793,0.90773,0.90762,1.58,2.07
2014.08.14,00:56:32.771,0.90773,0.90762,1.65,1.57
2014.08.14,00:56:33.276,0.90773,0.90761,1.65,2.89
2014.08.14,00:56:35.252,0.90773,0.90764,1.58,1
2014.08.14,00:56:36.485,0.90773,0.90763,1.58,1.13
2014.08.14,00:56:38.733,0.90773,0.90762,1.58,1.63
2014.08.14,00:56:39.498,0.90773,0.90764,1.58,1
2014.08.14,00:56:40.003,0.90773,0.90763,1.58,1.13
2014.08.14,00:56:40.514,0.90773,0.90761,1.58,2.82
2014.08.14,00:56:41.583,0.90773,0.90761,1.65,2.89
2014.08.14,00:56:43.646,0.90773,0.90761,1.58,2.82
2014.08.14,00:56:44.172,0.90773,0.90761,1.58,2.89
2014.08.14,00:56:44.826,0.90773,0.90761,1.58,2.82
2014.08.14,00:56:46.024,0.90773,0.90762,1.65,1.57
2014.08.14,00:56:46.530,0.90773,0.90762,1.65,1.57
2014.08.14,00:56:47.492,0.90773,0.90763,1.65,1.32
2014.08.14,00:56:48.001,0.90773,0.90762,1.58,1.57
2014.08.14,00:56:48.995,0.90773,0.90761,1.58,2.82
2014.08.14,00:56:49.520,0.90773,0.90762,1.58,1.63
2014.08.14,00:56:50.521,0.90773,0.90761,1.58,2.89
2014.08.14,00:56:51.250,0.90773,0.90761,1.58,2.89
2014.08.14,00:56:52.427,0.90773,0.90761,1.77,1.32
2014.08.14,00:56:52.943,0.90771,0.9076,1.88,1.29
2014.08.14,00:56:53.145,0.90771,0.90759,1.5,1.09
2014.08.14,00:56:54.082,0.90771,0.90759,1.5,1.77
2014.08.14,00:56:54.583,0.90771,0.90759,1.77,1.77
2014.08.14,00:56:55.595,0.90771,0.90759,1.69,1.33
2014.08.14,00:56:56.183,0.90771,0.90759,1.77,1.02
2014.08.14,00:56:56.686,0.90771,0.90759,1.5,1.84
2014.08.14,00:56:58.080,0.90771,0.90759,1.02,1.47
2014.08.14,00:56:59.771,0.90771,0.90759,1.1,2.14
2014.08.14,00:57:01.261,0.90771,0.90759,1.02,1.39
2014.08.14,00:57:08.578,0.90771,0.90759,1.25,1.09
2014.08.14,00:57:09.794,0.90771,0.90759,1.02,1.02
2014.08.14,00:57:10.328,0.90771,0.90759,1.25,1.09
2014.08.14,00:57:11.830,0.90771,0.90759,1.02,1.77
2014.08.14,00:57:12.608,0.90771,0.90759,1,2.59
2014.08.14,00:57:15.318,0.90771,0.90759,1.02,1.02
2014.08.14,00:57:18.381,0.90771,0.90759,1.1,1.77
2014.08.14,00:57:22.201,0.90771,0.90759,1.39,1.39
2014.08.14,00:57:22.713,0.90771,0.90759,1.32,1.39
2014.08.14,00:57:23.234,0.90771,0.90759,1.39,1.39
2014.08.14,00:57:24.522,0.90771,0.90759,1.25,2.14
2014.08.14,00:57:27.162,0.90773,0.90761,2.97,1
2014.08.14,00:57:28.648,0.90773,0.90761,1.2,2.89
2014.08.14,00:57:29.164,0.90773,0.90761,1.18,1.69
2014.08.14,00:57:29.923,0.90773,0.90761,1.09,1.25
2014.08.14,00:57:30.425,0.90773,0.90761,1.09,1.25
2014.08.14,00:57:31.231,0.90773,0.90761,1.09,2.07
2014.08.14,00:57:31.787,0.90773,0.90761,1.18,2.82
2014.08.14,00:57:32.813,0.90773,0.90761,1.28,1.69
2014.08.14,00:57:33.323,0.90773,0.90761,1.47,1.25
2014.08.14,00:57:33.424,0.90773,0.90761,1.39,1.25
2014.08.14,00:57:34.872,0.90773,0.90761,1.33,1.25
2014.08.14,00:57:35.390,0.90773,0.90761,1.4,1.25
2014.08.14,00:57:36.198,0.90773,0.90761,1.4,1.25
2014.08.14,00:57:36.709,0.90773,0.90761,1.4,1.69
2014.08.14,00:57:41.859,0.90773,0.90761,1.4,2.07
2014.08.14,00:57:42.822,0.90773,0.90761,1.09,1.69
2014.08.14,00:57:43.483,0.90773,0.90761,1.84,1.25
2014.08.14,00:57:44.047,0.90773,0.90761,1.84,1.25
2014.08.14,00:57:44.199,0.90773,0.90761,1.84,1.25
2014.08.14,00:57:46.938,0.90773,0.90761,1.84,1.25
2014.08.14,00:57:49.911,0.90773,0.90761,2.22,1.69
2014.08.14,00:57:50.426,0.90773,0.90761,2.22,1.69
2014.08.14,00:57:51.854,0.90773,0.90761,1.47,1.69
2014.08.14,00:57:52.360,0.90773,0.90761,2.22,1.69
2014.08.14,00:57:59.935,0.90773,0.90761,1.09,2.07
2014.08.14,00:58:08.238,0.90773,0.90761,1.1,3.64
2014.08.14,00:58:08.340,0.90773,0.90762,1.1,1.63
2014.08.14,00:58:10.857,0.90773,0.90762,1.1,2.07
2014.08.14,00:58:11.837,0.90773,0.90762,1.1,2.07
2014.08.14,00:58:16.807,0.90773,0.90761,1.1,2.89
2014.08.14,00:58:17.315,0.90773,0.90763,1.1,1.38
2014.08.14,00:58:21.277,0.90776,0.90764,1.08,4.32
2014.08.14,00:58:21.379,0.90776,0.90769,1,1
2014.08.14,00:58:21.531,0.90778,0.90769,1,1
2014.08.14,00:58:21.633,0.90778,0.90769,1,2.03
2014.08.14,00:58:21.735,0.90781,0.90769,1.25,2.03
2014.08.14,00:58:47.515,0.90781,0.9077,1,2.89
2014.08.14,00:59:21.766,0.90783,0.90769,1.37,2.22
2014.08.14,00:59:38.971,0.90783,0.9077,1.29,1.33
2014.08.14,00:59:39.559,0.90784,0.9077,1.77,1.84
2014.08.14,00:59:40.538,0.90784,0.90773,1.29,1.5
2014.08.14,00:59:40.690,0.90787,0.90775,1.5,1.28
2014.08.14,00:59:40.741,0.90787,0.90775,1.5,2.03
2014.08.14,00:59:41.248,0.9079,0.90779,1.19,1
2014.08.14,00:59:41.400,0.90791,0.90779,2.44,1
2014.08.14,00:59:42.211,0.9079,0.90779,1.63,1
2014.08.14,00:59:42.733,0.90791,0.90779,2.82,1
2014.08.14,00:59:43.462,0.9079,0.90779,1.63,1
2014.08.14,00:59:49.015,0.90791,0.90779,2.22,1
2014.08.14,00:59:50.210,0.90791,0.90779,1.47,1
2014.08.14,00:59:50.774,0.90791,0.90779,1.39,1
2014.08.14,00:59:53.601,0.90791,0.90779,2.07,1.18
2014.08.14,00:59:54.115,0.90791,0.90779,1.32,1.09
2014.08.14,00:59:54.583,0.90791,0.90779,1.25,1.78
2014.08.14,00:59:55.089,0.90792,0.9078,1.32,1.65
2014.08.14,00:59:55.665,0.90792,0.9078,1.47,1.5
2014.08.14,01:00:06.599,0.90792,0.9078,1.47,1.13
2014.08.14,01:00:08.201,0.90791,0.9078,1.37,1
2014.08.14,01:00:08.765,0.90791,0.9078,1.47,1
2014.08.14,01:00:09.841,0.90791,0.9078,1.47,1
2014.08.14,01:00:12.498,0.9079,0.9078,1.29,1
2014.08.14,01:00:13.062,0.9079,0.90778,1.77,1.1
2014.08.14,01:00:13.587,0.90791,0.90778,1.09,1.1
2014.08.14,01:00:15.999,0.9079,0.90778,1.29,1.1
2014.08.14,01:00:16.290,0.90787,0.90778,1,1
2014.08.14,01:00:16.594,0.90786,0.90773,1.18,2.89
2014.08.14,01:00:17.251,0.90786,0.90774,1,1.47
2014.08.14,01:00:17.757,0.90788,0.90776,1.47,1
2014.08.14,01:00:34.135,0.90788,0.90776,1.47,1.88
2014.08.14,01:00:34.654,0.90788,0.90776,1.47,1.88
2014.08.14,01:00:36.432,0.90788,0.90776,1.47,1.88
2014.08.14,01:00:41.870,0.90788,0.90776,1.77,1.95
2014.08.14,01:00:42.627,0.90788,0.90776,2.22,1.88
2014.08.14,01:00:44.615,0.90788,0.90776,1.47,1.88
2014.08.14,01:01:22.788,0.90788,0.90775,2.22,1.63
2014.08.14,01:01:23.298,0.90788,0.90775,2.22,1.39
2014.08.14,01:01:26.723,0.90788,0.90775,1.37,1.39
2014.08.14,01:01:28.239,0.90788,0.90775,1.37,1.63
2014.08.14,01:01:28.805,0.90788,0.90775,1.37,1.39
2014.08.14,01:01:30.575,0.90789,0.90776,2.89,1.47
2014.08.14,01:01:32.666,0.90789,0.90776,2.82,1.47
2014.08.14,01:01:39.791,0.90789,0.90776,2.89,1.47
2014.08.14,01:01:40.463,0.90789,0.90776,2.82,1.47
2014.08.14,01:01:43.591,0.9079,0.90778,1.77,1.2
2014.08.14,01:01:44.603,0.9079,0.90778,1.02,1.39
2014.08.14,01:01:49.376,0.9079,0.90779,1.02,1
2014.08.14,01:01:49.932,0.90792,0.90779,1.32,1.28
2014.08.14,01:01:50.465,0.90792,0.90779,1.47,1.2
2014.08.14,01:01:51.805,0.90792,0.90779,1.39,1.28
2014.08.14,01:01:52.475,0.90792,0.90779,1.47,1.2
2014.08.14,01:01:53.556,0.90792,0.90779,1.39,1.28
2014.08.14,01:01:53.966,0.90793,0.90781,2.14,1.08
2014.08.14,01:01:54.480,0.90794,0.90781,1.37,1.1
2014.08.14,01:01:55.043,0.90793,0.90781,1.77,1.1
2014.08.14,01:01:55.590,0.90792,0.9078,1.25,1.25
2014.08.14,01:01:56.266,0.90792,0.9078,1.25,1.4
2014.08.14,01:01:56.367,0.90793,0.9078,1.69,1.09
2014.08.14,01:01:56.469,0.90793,0.9078,1.69,1.4
2014.08.14,01:01:56.972,0.90792,0.9078,1.25,1.09
2014.08.14,01:01:58.034,0.90793,0.9078,1.19,1.4
2014.08.14,01:01:58.540,0.90793,0.9078,1.29,1.09
2014.08.14,01:01:59.563,0.90793,0.9078,1.19,1.4
2014.08.14,01:02:00.418,0.90793,0.90781,1.32,1.28
2014.08.14,01:02:00.759,0.90793,0.90781,1.32,2.03
2014.08.14,01:02:01.165,0.90795,0.90781,1.25,1.84
2014.08.14,01:02:01.671,0.90795,0.90781,1.25,1.84
2014.08.14,01:02:02.191,0.90795,0.90781,1.69,2.59
2014.08.14,01:02:03.180,0.90795,0.90782,1.25,1.34
2014.08.14,01:02:03.752,0.90795,0.90782,1.25,1.34
2014.08.14,01:02:04.477,0.90795,0.90782,1.25,1.34
2014.08.14,01:02:04.990,0.90795,0.90782,1.63,1.47
2014.08.14,01:02:05.556,0.90795,0.90782,1.63,1.47
2014.08.14,01:02:06.101,0.90795,0.90782,1.32,1.72
2014.08.14,01:02:06.859,0.90795,0.90782,1.25,1.47
2014.08.14,01:02:07.406,0.90795,0.90782,1.25,1.47
2014.08.14,01:02:07.916,0.90795,0.90782,1.25,1.34
2014.08.14,01:02:08.642,0.90794,0.90782,1,1.34
2014.08.14,01:02:09.196,0.90795,0.90782,1.69,1.34
2014.08.14,01:02:11.865,0.90794,0.90782,1,1.72
2014.08.14,01:02:12.627,0.90796,0.90784,1,1.74
2014.08.14,01:02:13.133,0.90798,0.90786,1.32,1.2
2014.08.14,01:02:13.791,0.90799,0.90786,1.67,1.28
2014.08.14,01:02:14.297,0.908,0.90786,1.77,1.28
2014.08.14,01:02:14.847,0.908,0.90786,1.74,1.28
2014.08.14,01:02:18.150,0.90799,0.90786,2.14,1.47
2014.08.14,01:02:19.437,0.90799,0.90786,1.47,2.14
2014.08.14,01:02:19.952,0.90799,0.90786,1.32,2.22
2014.08.14,01:02:20.473,0.90799,0.90786,1.32,2.22
2014.08.14,01:02:20.985,0.90799,0.90786,1.39,2.22
2014.08.14,01:02:21.664,0.90799,0.90786,1.32,2.22
2014.08.14,01:02:22.281,0.90799,0.90786,1.39,2.22
2014.08.14,01:02:24.044,0.90799,0.90786,1.39,2.14
2014.08.14,01:02:24.714,0.90799,0.90787,1.39,1.02
2014.08.14,01:02:25.219,0.90799,0.90787,1.47,1.25
2014.08.14,01:02:25.780,0.90799,0.90787,1.47,1.25
2014.08.14,01:02:26.141,0.908,0.90789,1.77,1
2014.08.14,01:02:26.753,0.90802,0.90795,1.34,1
2014.08.14,01:02:26.854,0.90802,0.90795,1.1,1
2014.08.14,01:02:26.956,0.90804,0.90794,1.32,1
2014.08.14,01:02:27.375,0.90807,0.90794,1.77,1.18
2014.08.14,01:02:28.084,0.90807,0.90794,1.77,1.65
2014.08.14,01:02:28.593,0.90807,0.90794,1.77,2.22
2014.08.14,01:02:29.300,0.90807,0.90794,1.84,1.39
2014.08.14,01:02:35.002,0.90808,0.90795,1.47,1.02
2014.08.14,01:02:40.310,0.90807,0.90795,1.77,1.2
2014.08.14,01:02:51.002,0.90807,0.90796,1.77,1
2014.08.14,01:02:51.563,0.90807,0.90796,1.02,1
2014.08.14,01:03:12.090,0.90807,0.90796,1.69,1.28
2014.08.14,01:03:12.601,0.90807,0.90796,1.69,1.2
2014.08.14,01:03:24.902,0.90806,0.90795,1,1.47
2014.08.14,01:03:26.139,0.90805,0.90795,1,1.47
2014.08.14,01:03:30.864,0.90804,0.90795,1,1
2014.08.14,01:03:31.385,0.90804,0.90794,1,1.1
2014.08.14,01:03:36.131,0.90804,0.90793,1,1.28
2014.08.14,01:03:36.637,0.90805,0.90794,1,1.1
2014.08.14,01:03:37.178,0.90806,0.90794,1.02,1.1
2014.08.14,01:03:38.458,0.90806,0.90794,1.77,1.1
2014.08.14,01:03:38.993,0.90806,0.90794,1.69,1.08
2014.08.14,01:03:40.688,0.90806,0.90794,1.25,1.33
2014.08.14,01:03:42.023,0.90806,0.90794,1.02,1.02
2014.08.14,01:03:42.701,0.90806,0.90794,1.25,1.09
2014.08.14,01:03:43.243,0.90806,0.90794,1.02,1.02
2014.08.14,01:03:43.747,0.90806,0.90794,1.25,1.09
2014.08.14,01:03:52.815,0.90801,0.90794,1,1.47
2014.08.14,01:03:53.382,0.90801,0.90794,1,1.1
2014.08.14,01:04:08.594,0.90804,0.90795,1,1
2014.08.14,01:04:08.695,0.90806,0.90795,1.69,1.08
2014.08.14,01:04:11.983,0.90805,0.90795,1,1.39
2014.08.14,01:04:22.522,0.90806,0.90795,1.5,1.39
2014.08.14,01:04:36.845,0.90806,0.90795,1,1.45
2014.08.14,01:04:43.040,0.90806,0.90796,1,1.1
2014.08.14,01:05:01.353,0.90806,0.90796,1,1.39
2014.08.14,01:05:03.531,0.90806,0.90796,1,1.39
2014.08.14,01:05:12.361,0.90808,0.90798,1.02,1.13
2014.08.14,01:05:20.727,0.90808,0.90797,1.02,1
2014.08.14,01:05:29.554,0.90806,0.90797,1,1
2014.08.14,01:05:30.107,0.90807,0.90797,1,1
2014.08.14,01:05:31.081,0.90805,0.90797,1,1
2014.08.14,01:05:36.919,0.90807,0.90797,1.47,1
2014.08.14,01:05:37.072,0.90804,0.90792,1.13,1.39
2014.08.14,01:05:37.174,0.90803,0.90791,1.95,1.08
2014.08.14,01:05:37.325,0.90802,0.90789,2.78,2.89
2014.08.14,01:05:37.680,0.90802,0.90789,2.78,2.07
2014.08.14,01:05:38.209,0.90801,0.90789,1.84,1.88
2014.08.14,01:05:39.895,0.90802,0.90789,3.72,1.32
2014.08.14,01:05:40.765,0.90802,0.90789,3.72,1.32
2014.08.14,01:05:41.278,0.90802,0.90789,3.72,1.32
2014.08.14,01:05:41.841,0.90802,0.9079,2.97,1
2014.08.14,01:05:42.386,0.90802,0.9079,2.97,1
2014.08.14,01:05:42.920,0.90802,0.9079,2.97,1
2014.08.14,01:05:52.706,0.908,0.9079,1.2,1.13
2014.08.14,01:05:53.293,0.908,0.9079,1.09,1
2014.08.14,01:05:53.837,0.908,0.9079,1.02,1
2014.08.14,01:05:55.123,0.908,0.9079,1.18,1
2014.08.14,01:05:57.570,0.90798,0.9079,1,1
2014.08.14,01:05:58.076,0.90797,0.9079,1,1
2014.08.14,01:05:59.889,0.90798,0.9079,1,1
2014.08.14,01:06:00.392,0.90798,0.90789,1,1
2014.08.14,01:06:10.013,0.90797,0.90789,1,1
2014.08.14,01:06:14.074,0.90798,0.90789,1,1
2014.08.14,01:06:17.282,0.90797,0.90789,1,1
2014.08.14,01:06:22.454,0.90798,0.90789,1,1
2014.08.14,01:06:33.599,0.90799,0.90789,1.1,1
2014.08.14,01:06:37.989,0.90799,0.90787,1,1.77
2014.08.14,01:06:44.185,0.90799,0.90789,1.1,1
2014.08.14,01:06:54.360,0.908,0.90789,1.02,1.13
2014.08.14,01:06:57.971,0.90799,0.90789,1,1.13
2014.08.14,01:07:03.989,0.90799,0.90789,1,1.47
2014.08.14,01:07:04.297,0.908,0.90792,1,1
2014.08.14,01:07:04.803,0.90801,0.90792,1,1.18
2014.08.14,01:07:06.550,0.908,0.90792,1,1
2014.08.14,01:07:07.070,0.90799,0.9079,1,2.44
2014.08.14,01:07:07.598,0.90799,0.9079,1,1.69
2014.08.14,01:07:08.395,0.90799,0.9079,1,1.65
2014.08.14,01:07:09.731,0.90799,0.90792,1,1
2014.08.14,01:07:10.034,0.908,0.90794,1,1
2014.08.14,01:07:10.540,0.90801,0.90792,1,1.65
2014.08.14,01:07:51.250,0.90801,0.90792,1,1.1
2014.08.14,01:07:51.568,0.90799,0.90792,1,1.1
2014.08.14,01:07:52.771,0.90799,0.9079,1,1.65
2014.08.14,01:07:53.277,0.90798,0.9079,1,1.5
2014.08.14,01:07:57.383,0.90799,0.9079,1,1.58
2014.08.14,01:08:01.442,0.90798,0.9079,1,1.5
2014.08.14,01:08:03.189,0.90797,0.9079,1,1.5
2014.08.14,01:08:08.901,0.90798,0.9079,1,1
2014.08.14,01:08:14.435,0.908,0.9079,1.1,1.1
2014.08.14,01:08:14.638,0.90801,0.90792,1,1
2014.08.14,01:08:15.266,0.908,0.90792,1,1.1
2014.08.14,01:08:15.875,0.90799,0.90792,1,1.1
2014.08.14,01:08:17.052,0.90801,0.90792,1,1.1
2014.08.14,01:08:29.393,0.90802,0.90792,1,1.1
2014.08.14,01:08:29.954,0.90801,0.90792,1,1.1
2014.08.14,01:08:34.834,0.90801,0.90792,1,1.15
2014.08.14,01:08:35.353,0.90802,0.90792,1,1.15
2014.08.14,01:08:45.674,0.90802,0.90795,1,1
2014.08.14,01:08:46.187,0.90803,0.90795,1,1
2014.08.14,01:08:46.693,0.90802,0.90795,1,1
2014.08.14,01:08:47.199,0.90801,0.90795,1,1
2014.08.14,01:08:52.286,0.908,0.90795,1,1
2014.08.14,01:08:52.792,0.90801,0.90793,1,1.09
2014.08.14,01:08:53.348,0.90799,0.90793,1,1.18
2014.08.14,01:08:53.601,0.90799,0.9079,1,1.69
2014.08.14,01:08:53.803,0.90797,0.9079,1,1
2014.08.14,01:08:55.909,0.90798,0.9079,1,1
2014.08.14,01:09:01.385,0.90803,0.90794,1.2,1
2014.08.14,01:09:01.588,0.90802,0.90795,1,1.1
2014.08.14,01:09:01.841,0.908,0.90795,1,1
2014.08.14,01:09:02.205,0.90799,0.90793,1,1.58
2014.08.14,01:09:06.569,0.908,0.90793,1,1.5
2014.08.14,01:09:08.436,0.90799,0.90793,1,1.5
2014.08.14,01:09:10.293,0.90801,0.90793,1,1.5
2014.08.14,01:09:10.722,0.90799,0.90793,1,1.5
2014.08.14,01:09:14.470,0.90801,0.90793,1,1.5
2014.08.14,01:09:14.987,0.90802,0.90793,1,1.58
2014.08.14,01:09:15.495,0.90802,0.90793,1,1.65
2014.08.14,01:09:16.079,0.90803,0.90793,1.25,1.65
2014.08.14,01:09:18.775,0.90804,0.90793,1.25,1.65
2014.08.14,01:09:19.524,0.90802,0.90793,1,1.65
2014.08.14,01:09:27.301,0.90801,0.90793,1,1.84
2014.08.14,01:09:31.160,0.90802,0.90794,1,1.18
2014.08.14,01:09:33.794,0.90803,0.90795,1,1.1
2014.08.14,01:09:35.479,0.90803,0.90795,1,1.18
2014.08.14,01:09:43.002,0.90803,0.90795,1,1
2014.08.14,01:09:56.444,0.90802,0.90795,1,1
2014.08.14,01:10:01.189,0.90804,0.90795,1,1.1
2014.08.14,01:10:05.551,0.90804,0.90795,1,1.95
2014.08.14,01:10:06.158,0.90804,0.90795,1,2.03
2014.08.14,01:10:06.663,0.90804,0.90795,1,2.03
2014.08.14,01:10:07.170,0.90804,0.90795,1,2.03
2014.08.14,01:10:08.999,0.90805,0.90795,1,2.22
2014.08.14,01:10:09.515,0.90805,0.90795,1,2.22
2014.08.14,01:10:10.025,0.90805,0.90798,1,1
2014.08.14,01:10:10.553,0.90806,0.90798,1,1
2014.08.14,01:10:17.931,0.90808,0.90798,1.25,1
2014.08.14,01:10:18.180,0.90806,0.90798,1,1.1
2014.08.14,01:10:23.597,0.90806,0.90799,1,1.5
2014.08.14,01:10:26.258,0.90805,0.90799,1,1
2014.08.14,01:10:26.764,0.90805,0.90798,1,1.1
2014.08.14,01:10:30.891,0.90804,0.90798,1,1.1
2014.08.14,01:10:32.088,0.90805,0.90798,1,1
2014.08.14,01:10:54.076,0.90806,0.90798,1,1
2014.08.14,01:10:54.586,0.90807,0.90798,1,1.08
2014.08.14,01:10:55.096,0.90807,0.90798,1,1.1
2014.08.14,01:10:57.975,0.90807,0.90798,1,1.18
2014.08.14,01:10:58.283,0.90809,0.90798,1.32,1
2014.08.14,01:10:58.384,0.90809,0.90798,1.25,1.28
2014.08.14,01:10:59.365,0.90808,0.908,1,1.1
2014.08.14,01:11:03.145,0.90809,0.908,1,1.1
2014.08.14,01:11:03.449,0.90809,0.908,1,1.08
2014.08.14,01:11:03.954,0.90808,0.908,1,1.08
2014.08.14,01:11:04.472,0.90807,0.908,1,1.58
2014.08.14,01:11:04.943,0.90807,0.90803,1,1
2014.08.14,01:11:05.970,0.90808,0.90803,1,1
2014.08.14,01:11:07.770,0.90812,0.90805,1.19,1
2014.08.14,01:11:07.973,0.90812,0.90807,1,1
2014.08.14,01:11:08.176,0.9081,0.90805,1,1
2014.08.14,01:11:08.278,0.90814,0.90805,2.07,1
2014.08.14,01:11:16.828,0.90814,0.90807,1.13,1
2014.08.14,01:11:16.879,0.90817,0.90807,1,1.5
2014.08.14,01:11:16.931,0.90819,0.90808,1.2,1
2014.08.14,01:11:17.033,0.9082,0.9081,3.15,1
2014.08.14,01:11:17.387,0.90819,0.90808,1,1.02
2014.08.14,01:11:17.893,0.90818,0.90808,1,1.02
2014.08.14,01:11:20.175,0.90817,0.90808,1,1.1
2014.08.14,01:11:33.372,0.90815,0.90808,1,1
2014.08.14,01:11:33.877,0.90816,0.90808,1,1
2014.08.14,01:11:34.420,0.90815,0.90808,1,1
2014.08.14,01:11:36.443,0.90816,0.90808,1,1
2014.08.14,01:11:43.723,0.90818,0.90808,1.02,1
2014.08.14,01:11:43.926,0.90816,0.90808,1,1
2014.08.14,01:11:47.346,0.90817,0.90808,1,1
2014.08.14,01:11:49.955,0.90815,0.90808,1,1
2014.08.14,01:11:51.113,0.90815,0.90807,1,1.02
2014.08.14,01:11:53.720,0.90816,0.90807,1,1.1
2014.08.14,01:11:54.289,0.90815,0.90807,1,1.1
2014.08.14,01:12:01.445,0.90817,0.90807,1,1.2
2014.08.14,01:12:01.962,0.90816,0.90807,1,1.2
2014.08.14,01:12:03.056,0.90819,0.90806,2.89,1.47
2014.08.14,01:12:03.561,0.90819,0.90806,1.39,2.22
2014.08.14,01:12:05.419,0.90819,0.90806,2.14,2.22
2014.08.14,01:12:06.155,0.90817,0.90806,1,2.22
2014.08.14,01:12:08.876,0.90816,0.90806,1,1.09
2014.08.14,01:12:09.433,0.90817,0.90806,1.32,1.18
2014.08.14,01:12:10.259,0.90818,0.90806,1.32,1.09
2014.08.14,01:12:10.462,0.90816,0.90806,1,1.84
2014.08.14,01:12:11.189,0.90816,0.90806,1,1.84
2014.08.14,01:12:11.441,0.90818,0.90806,1.39,1.77
2014.08.14,01:12:12.351,0.90818,0.90806,2.14,1.58
2014.08.14,01:12:13.260,0.90818,0.90806,2.07,1.58
2014.08.14,01:12:13.765,0.90818,0.90806,2.14,1.58
2014.08.14,01:12:14.572,0.90818,0.90806,2.07,1.58
2014.08.14,01:12:15.086,0.90818,0.90806,2.14,1.58
2014.08.14,01:12:19.098,0.90818,0.90806,2.07,1.18
2014.08.14,01:12:19.651,0.90818,0.90806,2.14,1.1
2014.08.14,01:12:20.417,0.90818,0.90806,1.57,1.18
2014.08.14,01:12:21.179,0.90818,0.90806,1.67,1.1
2014.08.14,01:12:28.493,0.90819,0.90806,3.72,1.77
2014.08.14,01:12:29.314,0.90819,0.90807,5.22,1
2014.08.14,01:12:31.632,0.90818,0.90807,1.39,1
2014.08.14,01:12:32.289,0.90819,0.90807,2.97,1
2014.08.14,01:12:32.825,0.90819,0.90807,2.97,1
2014.08.14,01:12:41.432,0.90818,0.90806,1.47,1.69
2014.08.14,01:12:42.441,0.90818,0.90806,1.47,1.25
2014.08.14,01:12:43.405,0.90818,0.90806,2.14,1
2014.08.14,01:12:46.730,0.90818,0.90806,2.22,1
2014.08.14,01:12:47.236,0.90818,0.90806,2.22,1
2014.08.14,01:12:50.436,0.90817,0.90806,1.09,1
2014.08.14,01:12:50.977,0.90817,0.90806,1.02,1
2014.08.14,01:12:51.510,0.90817,0.90805,1.02,1.39
2014.08.14,01:12:51.763,0.90817,0.90805,1.4,1.32
2014.08.14,01:12:52.268,0.90817,0.90805,1.09,1.32
2014.08.14,01:12:56.127,0.90817,0.90806,1.09,1
2014.08.14,01:12:57.352,0.90818,0.90803,2.22,5.22
2014.08.14,01:12:58.714,0.90817,0.90804,1.09,1.39
2014.08.14,01:13:02.299,0.90817,0.90803,1.37,4.47
2014.08.14,01:13:04.383,0.90818,0.90804,3.72,1.39
2014.08.14,01:13:12.717,0.90816,0.90803,1.69,2.97
2014.08.14,01:13:13.338,0.90816,0.90803,1.69,2.22
2014.08.14,01:13:15.420,0.90816,0.90803,1.58,2.22
2014.08.14,01:13:16.144,0.90816,0.90803,1.58,2.22
2014.08.14,01:13:17.149,0.90816,0.90803,1.77,2.22
2014.08.14,01:13:18.185,0.90816,0.90805,1.58,1.38
2014.08.14,01:13:18.591,0.90818,0.90806,1.18,2.07
2014.08.14,01:13:19.057,0.90818,0.90806,1.15,1.69
2014.08.14,01:13:19.159,0.90818,0.90806,1.09,1
2014.08.14,01:13:19.209,0.90815,0.90806,1,1
2014.08.14,01:13:19.715,0.90816,0.90804,1.18,1.19
2014.08.14,01:13:20.261,0.90816,0.90803,1.09,2.52
2014.08.14,01:13:20.769,0.90816,0.90803,1.25,2.97
2014.08.14,01:13:21.429,0.90816,0.90803,1.25,2.97
2014.08.14,01:13:21.983,0.90817,0.90806,2.59,1
2014.08.14,01:13:22.489,0.90818,0.90806,1.84,1.63
2014.08.14,01:13:26.352,0.90819,0.90808,2.03,1.25
2014.08.14,01:13:38.072,0.90819,0.90807,1.65,1.67
2014.08.14,01:13:38.636,0.90819,0.90807,1.58,1.67
2014.08.14,01:13:51.721,0.90819,0.90806,1.02,2.22
2014.08.14,01:13:52.268,0.90819,0.90806,1.47,2.14
2014.08.14,01:13:57.443,0.90819,0.90806,1.18,1.39
2014.08.14,01:13:57.977,0.90819,0.90806,1.65,1.39
2014.08.14,01:14:05.017,0.90819,0.90807,1.09,1.63
2014.08.14,01:14:05.322,0.90821,0.90809,1.25,2.97
2014.08.14,01:14:05.830,0.90821,0.90811,1,1.38
2014.08.14,01:14:06.339,0.90821,0.90811,1,1.13
2014.08.14,01:14:41.031,0.90821,0.90809,1,2.97
2014.08.14,01:14:42.730,0.90821,0.9081,1,1.39
2014.08.14,01:14:43.943,0.90821,0.90809,1,2.97
2014.08.14,01:14:44.551,0.90821,0.90809,1.5,2.22
2014.08.14,01:14:57.318,0.90821,0.90809,1,2.22
2014.08.14,01:14:57.824,0.90821,0.90809,1,2.22
2014.08.14,01:15:05.343,0.90823,0.90809,2.44,1.57
2014.08.14,01:15:12.647,0.90822,0.9081,1.19,1.38
2014.08.14,01:15:14.523,0.90822,0.90808,1.32,2.82
2014.08.14,01:15:15.300,0.90822,0.90808,1.47,2.14
2014.08.14,01:15:15.956,0.90822,0.90808,1.84,2.22
2014.08.14,01:15:16.463,0.90822,0.90808,1.84,2.14
2014.08.14,01:15:17.021,0.90819,0.90808,1.13,1.29
2014.08.14,01:15:17.122,0.90818,0.90806,1.1,1.39
2014.08.14,01:15:17.173,0.90818,0.90806,1.95,1.5
2014.08.14,01:15:17.678,0.90816,0.90804,1.2,1.19
2014.08.14,01:15:18.184,0.90816,0.90804,2.03,1
2014.08.14,01:15:22.344,0.90816,0.90804,2.52,1.48
2014.08.14,01:15:22.850,0.90816,0.90804,1,2.03
2014.08.14,01:15:23.355,0.90819,0.90809,1.15,1.13
2014.08.14,01:15:23.457,0.90819,0.90809,1,1.13
2014.08.14,01:15:24.593,0.90821,0.90809,1.08,1.13
2014.08.14,01:15:26.375,0.90821,0.90809,1.77,1.2
2014.08.14,01:15:26.837,0.90818,0.90806,1,2.97
2014.08.14,01:15:26.938,0.9082,0.90809,1,1.2
2014.08.14,01:15:27.458,0.90821,0.90809,1.77,1.39
2014.08.14,01:15:27.815,0.90819,0.90808,1,1.77
2014.08.14,01:15:28.532,0.90819,0.90807,1,1.64
2014.08.14,01:15:35.053,0.90819,0.90807,1.58,1.57
2014.08.14,01:15:35.564,0.90819,0.90807,1.58,1.67
2014.08.14,01:15:36.436,0.90819,0.90807,1.58,1.57
2014.08.14,01:15:41.796,0.90819,0.9081,1.65,1
2014.08.14,01:15:42.302,0.90819,0.90808,1,3.57
2014.08.14,01:15:59.449,0.90819,0.90808,1,2.14
2014.08.14,01:16:03.037,0.90819,0.90808,1,1.95
2014.08.14,01:16:13.416,0.90818,0.90809,1,1.13
2014.08.14,01:16:59.207,0.90819,0.90809,1.1,1.13
2014.08.14,01:17:02.257,0.90818,0.90809,1,1.13
2014.08.14,01:17:21.163,0.90818,0.90809,1,1.38
2014.08.14,01:17:34.996,0.90818,0.90809,1,1
2014.08.14,01:17:48.224,0.90818,0.90809,1,1.88
2014.08.14,01:17:48.275,0.90822,0.90809,2.22,1.88
2014.08.14,01:17:48.795,0.90819,0.90809,1,2.97
2014.08.14,01:17:53.754,0.90819,0.90811,1,1
2014.08.14,01:17:54.938,0.90819,0.90811,1,2.63
2014.08.14,01:17:55.444,0.90819,0.90811,1,1.5
2014.08.14,01:17:56.159,0.90819,0.90811,1,2.63
2014.08.14,01:17:58.308,0.90819,0.90811,1,2.25
2014.08.14,01:18:22.092,0.90819,0.9081,1,1.2
2014.08.14,01:18:25.607,0.90819,0.90811,1,1.5
2014.08.14,01:18:25.860,0.90821,0.90811,1,1.88
2014.08.14,01:18:55.212,0.90821,0.90811,1,2.63
2014.08.14,01:18:55.719,0.90821,0.90812,1,1.39
2014.08.14,01:18:56.225,0.90821,0.90813,1,1.5
2014.08.14,01:19:03.833,0.90821,0.90811,1,2.97
2014.08.14,01:19:04.956,0.90821,0.90811,1,4.47
2014.08.14,01:19:05.512,0.90821,0.90812,1,1.39
2014.08.14,01:19:07.361,0.90821,0.90811,1,4.47
2014.08.14,01:19:08.752,0.90821,0.90811,1,3.72
2014.08.14,01:19:16.997,0.90821,0.90811,1,3.64
2014.08.14,01:19:17.351,0.90821,0.90813,1,1
2014.08.14,01:19:18.464,0.90821,0.90813,1,1.38
2014.08.14,01:19:18.818,0.90821,0.90811,1,3.64
2014.08.14,01:19:19.324,0.90821,0.90811,1,2.89
2014.08.14,01:19:19.997,0.90821,0.90811,1,4.39
2014.08.14,01:19:22.588,0.90821,0.90811,1,3.64
2014.08.14,01:19:24.755,0.90821,0.90811,1,2.89
2014.08.14,01:19:25.270,0.90821,0.90811,1,2.97
2014.08.14,01:19:25.887,0.90823,0.90811,1.84,2.82
2014.08.14,01:19:28.543,0.9082,0.90809,1,2.97
2014.08.14,01:19:51.200,0.9082,0.90811,1,1.5
2014.08.14,01:19:51.715,0.9082,0.9081,1,1.13
2014.08.14,01:19:52.577,0.9082,0.9081,1.1,1.38
2014.08.14,01:20:05.240,0.9082,0.9081,1,2.63
2014.08.14,01:20:21.467,0.9082,0.90809,1.02,2.25
2014.08.14,01:20:29.891,0.9082,0.90808,1.02,3.64
2014.08.14,01:20:30.396,0.90819,0.90808,1,3.64
2014.08.14,01:20:30.902,0.90821,0.90809,2.59,1.88
2014.08.14,01:20:32.206,0.90821,0.90809,1.84,2.63
2014.08.14,01:20:32.915,0.90821,0.90809,1.2,2.63
2014.08.14,01:20:34.572,0.90821,0.90809,1,2.63
2014.08.14,01:20:34.983,0.90821,0.90811,1.1,1.5
2014.08.14,01:20:35.811,0.90821,0.90811,1.08,1.5
2014.08.14,01:20:36.322,0.90821,0.90811,1.1,1.5
2014.08.14,01:20:36.948,0.90821,0.9081,1.1,1.88
2014.08.14,01:20:38.289,0.90821,0.90809,1.39,2.89
2014.08.14,01:20:38.592,0.90819,0.90808,1,3.64
2014.08.14,01:20:41.249,0.90819,0.90809,1,1.95
2014.08.14,01:20:41.867,0.90819,0.90809,1,1.95
2014.08.14,01:20:42.373,0.90819,0.90809,1,1.88
2014.08.14,01:20:42.908,0.90821,0.9081,1.77,2.25
2014.08.14,01:20:43.696,0.90821,0.9081,1.1,2.25
2014.08.14,01:20:44.232,0.9082,0.90809,1.1,1.88
2014.08.14,01:20:44.535,0.90818,0.90808,1,1.2
2014.08.14,01:20:45.041,0.90818,0.90807,1.1,2.07
2014.08.14,01:20:49.349,0.90818,0.90807,1.02,1.88
2014.08.14,01:20:52.682,0.90818,0.90807,1.58,2.07
2014.08.14,01:20:55.974,0.90818,0.90807,1.58,2.07
2014.08.14,01:20:59.289,0.90818,0.90808,1.58,1.38
2014.08.14,01:21:02.230,0.90818,0.90807,1.5,2.22
2014.08.14,01:21:16.705,0.90818,0.90807,1.1,2.07
2014.08.14,01:21:18.715,0.90818,0.90807,1.1,2.82
2014.08.14,01:21:23.434,0.90818,0.90807,1,2.14
2014.08.14,01:21:38.833,0.90818,0.90807,1.5,2.14
2014.08.14,01:21:39.339,0.9082,0.90809,1.84,1.5
2014.08.14,01:21:39.743,0.9082,0.9081,1.02,1.88
2014.08.14,01:21:40.249,0.90822,0.90811,1.18,1.88
2014.08.14,01:21:40.767,0.90822,0.90811,1,1.95
2014.08.14,01:21:41.789,0.90822,0.90811,1,1.95
2014.08.14,01:21:49.006,0.90821,0.90811,1,2.52
2014.08.14,01:21:50.282,0.90821,0.9081,1.1,1.69
2014.08.14,01:21:50.800,0.90821,0.9081,1,1.84
2014.08.14,01:22:03.820,0.90821,0.9081,1.1,1.58
2014.08.14,01:22:20.995,0.9082,0.9081,1,1.5
2014.08.14,01:22:54.200,0.9082,0.9081,2.22,1.5
2014.08.14,01:23:04.364,0.90819,0.90811,1.1,1.5
2014.08.14,01:23:15.151,0.9082,0.90811,1.1,1.5
2014.08.14,01:23:39.322,0.90818,0.90811,1,1.5
2014.08.14,01:23:39.524,0.90823,0.90811,1.47,1.5
2014.08.14,01:23:47.627,0.90823,0.90811,1.72,1.5
2014.08.14,01:23:50.005,0.90823,0.9081,1.72,1.69
2014.08.14,01:23:50.562,0.90819,0.90809,1,3.64
2014.08.14,01:23:51.067,0.90819,0.90809,1,2.7
2014.08.14,01:24:04.252,0.90818,0.90809,1,1.95
2014.08.14,01:24:21.361,0.90818,0.90807,1,1.47
2014.08.14,01:24:26.063,0.90818,0.90806,1,4.39
2014.08.14,01:24:31.288,0.90818,0.90806,1,3.64
2014.08.14,01:24:32.435,0.90818,0.90806,1,3.64
2014.08.14,01:24:45.931,0.90818,0.90806,1,2.97
2014.08.14,01:24:49.586,0.90812,0.90806,1,4.02
2014.08.14,01:24:49.688,0.90815,0.90806,1,4.02
2014.08.14,01:24:50.195,0.90816,0.90806,1,1.69
2014.08.14,01:24:50.701,0.90816,0.90805,1,1.39
2014.08.14,01:24:51.207,0.90816,0.90804,1.88,1.84
2014.08.14,01:24:51.713,0.90815,0.90804,1.1,1.32
2014.08.14,01:24:58.645,0.90815,0.90803,1,2.97
2014.08.14,01:24:59.150,0.90816,0.90803,1.02,2.97
2014.08.14,01:25:00.813,0.90816,0.90804,1.1,1.39
2014.08.14,01:25:01.385,0.90816,0.90804,1.18,1.32
2014.08.14,01:25:01.933,0.90816,0.90804,1.1,1.39
2014.08.14,01:25:04.010,0.90816,0.90804,1.18,1.32
2014.08.14,01:25:04.747,0.90816,0.90803,1.09,2.89
2014.08.14,01:25:06.217,0.90815,0.90804,1.1,1.19
2014.08.14,01:25:21.821,0.90815,0.90804,1,1.67
2014.08.14,01:25:23.291,0.90816,0.90804,1.58,3.64
2014.08.14,01:25:23.444,0.90816,0.90805,1.5,1.39
2014.08.14,01:25:23.949,0.90816,0.90805,1.5,1.67
2014.08.14,01:25:25.245,0.90816,0.90805,1.5,2.14
2014.08.14,01:25:36.868,0.90816,0.90805,1.5,2.14
2014.08.14,01:25:38.171,0.90816,0.90807,1,1.38
2014.08.14,01:25:39.389,0.90816,0.90806,1,2.52
2014.08.14,01:25:39.591,0.90819,0.90808,1,2.14
2014.08.14,01:25:48.837,0.90819,0.90811,1,1
2014.08.14,01:25:49.350,0.90819,0.9081,1,1.13
2014.08.14,01:25:52.931,0.9082,0.9081,1,1.39
2014.08.14,01:25:53.443,0.9082,0.90811,1,1.47
2014.08.14,01:26:11.330,0.9082,0.9081,1,1.74
2014.08.14,01:26:11.841,0.9082,0.9081,1,1.72
2014.08.14,01:26:13.377,0.9082,0.9081,1,1.74
2014.08.14,01:26:13.888,0.9082,0.9081,1,1.72
2014.08.14,01:26:16.391,0.9082,0.90811,1,1.47
2014.08.14,01:26:19.437,0.9082,0.90811,1,1.74
2014.08.14,01:26:34.237,0.9082,0.9081,1,1.74
2014.08.14,01:26:34.755,0.9082,0.9081,1,1.72
2014.08.14,01:26:36.770,0.9082,0.9081,1,1.74
2014.08.14,01:26:37.328,0.9082,0.9081,1,1.72
2014.08.14,01:26:37.843,0.9082,0.9081,1,1.74
2014.08.14,01:26:38.360,0.9082,0.9081,1,1.74
2014.08.14,01:27:02.007,0.9082,0.9081,1,1.64
2014.08.14,01:27:11.567,0.90821,0.9081,1.1,1.57
2014.08.14,01:27:23.176,0.90821,0.90809,1.1,1.67
2014.08.14,01:27:23.480,0.90823,0.90813,1.1,1.32
2014.08.14,01:27:23.531,0.90825,0.90813,1.1,1.95
2014.08.14,01:27:23.633,0.90827,0.90816,1.1,1.38
2014.08.14,01:27:24.291,0.90828,0.90816,1,2.03
2014.08.14,01:27:25.146,0.90828,0.90817,1.1,1.32
2014.08.14,01:27:26.900,0.90827,0.90817,1,1.32
2014.08.14,01:27:27.471,0.90827,0.90816,1,2.14
2014.08.14,01:27:31.515,0.90828,0.90816,1.5,1.47
2014.08.14,01:27:36.066,0.90828,0.90817,1,1.39
2014.08.14,01:27:37.973,0.90828,0.90816,1,4.47
2014.08.14,01:27:40.721,0.90828,0.90817,1,1.39
2014.08.14,01:27:42.362,0.90827,0.90817,1,1.39
2014.08.14,01:27:43.466,0.90827,0.90817,1,1.67
2014.08.14,01:27:43.973,0.90828,0.90817,1,1.67
2014.08.14,01:27:51.354,0.90828,0.90817,1,1.47
2014.08.14,01:28:02.702,0.90828,0.90817,1.5,1.74
2014.08.14,01:28:13.338,0.90828,0.90817,1,1.74
2014.08.14,01:28:13.440,0.90828,0.90817,1,1.74
2014.08.14,01:28:13.945,0.90828,0.90817,1,1.74
2014.08.14,01:28:20.703,0.9083,0.90819,1.5,1.39
2014.08.14,01:28:37.050,0.90829,0.90819,1,1.02
2014.08.14,01:28:39.795,0.9083,0.90819,1,1.02
2014.08.14,01:29:01.668,0.90829,0.90819,1,1.02
2014.08.14,01:29:06.248,0.90829,0.90819,1,1.48
2014.08.14,01:29:06.805,0.90829,0.90819,1,1.2
2014.08.14,01:29:07.057,0.90831,0.90819,1.58,1.2
2014.08.14,01:29:07.586,0.90831,0.90819,1.69,1.47
2014.08.14,01:29:25.205,0.90831,0.90818,1.08,1.74
2014.08.14,01:29:25.728,0.90831,0.90818,1.02,1.74
2014.08.14,01:29:28.259,0.90831,0.90818,1.02,1.74
2014.08.14,01:29:36.140,0.90831,0.90818,1.09,1.67
2014.08.14,01:29:36.655,0.90831,0.90818,1.02,1.74
2014.08.14,01:29:41.377,0.90832,0.90818,2.97,1.47
2014.08.14,01:29:55.267,0.90832,0.90821,1.47,1
2014.08.14,01:29:57.958,0.90831,0.90821,1.33,1
2014.08.14,01:29:58.617,0.90831,0.90821,1.09,1
2014.08.14,01:29:59.120,0.90831,0.90821,1.09,1
2014.08.14,01:29:59.842,0.90831,0.90821,1.09,1
2014.08.14,01:30:01.336,0.90831,0.90821,1.33,1
2014.08.14,01:30:02.869,0.90831,0.90821,1.09,1
2014.08.14,01:30:05.475,0.90831,0.90821,1.33,1
2014.08.14,01:30:05.993,0.90831,0.90821,1.1,1
2014.08.14,01:30:07.127,0.90831,0.90821,1.18,1
2014.08.14,01:30:07.653,0.90832,0.90821,2.22,1
2014.08.14,01:30:08.829,0.90832,0.90821,2.97,1
2014.08.14,01:30:09.335,0.90832,0.90821,2.89,1
2014.08.14,01:30:13.394,0.90832,0.90821,2.22,1
2014.08.14,01:30:13.907,0.90832,0.90821,2.22,1
2014.08.14,01:30:14.420,0.90832,0.90821,2.22,1
2014.08.14,01:30:14.972,0.90832,0.90821,2.22,1
2014.08.14,01:30:16.880,0.90832,0.90821,2.14,1
2014.08.14,01:30:24.122,0.90832,0.90821,2.52,1
2014.08.14,01:30:27.202,0.90832,0.90821,1.58,1.25
2014.08.14,01:30:27.505,0.90834,0.90822,1.13,1.2
2014.08.14,01:30:27.809,0.90836,0.90823,2.25,2.97
2014.08.14,01:30:28.265,0.90835,0.90823,1.38,1.4
2014.08.14,01:30:28.468,0.90834,0.90822,1.88,2.59
2014.08.14,01:30:28.671,0.90831,0.90821,1,1.4
2014.08.14,01:30:28.823,0.90831,0.90821,1,1.02
2014.08.14,01:30:28.874,0.90833,0.90821,1.13,1.33
2014.08.14,01:30:29.178,0.90831,0.90821,1,1.39
2014.08.14,01:30:29.797,0.90831,0.90821,1,1.32
2014.08.14,01:30:31.402,0.90831,0.90821,1,1.63
2014.08.14,01:30:31.807,0.90833,0.90821,2.14,1.33
2014.08.14,01:30:32.111,0.90835,0.90823,1.2,2.14
2014.08.14,01:30:32.162,0.90835,0.90826,1.13,1
2014.08.14,01:30:34.217,0.90836,0.90826,1.25,1.1
2014.08.14,01:30:36.131,0.90837,0.90826,1.39,1
2014.08.14,01:30:36.799,0.90837,0.90826,1,1.18
2014.08.14,01:30:37.457,0.90837,0.90826,1,1.02
2014.08.14,01:30:37.912,0.90835,0.90826,1,1.25
2014.08.14,01:30:38.418,0.90836,0.90826,1.13,1.25
2014.08.14,01:30:39.708,0.90835,0.90826,1,1
2014.08.14,01:30:40.204,0.90833,0.90826,1.5,1
2014.08.14,01:30:40.306,0.90833,0.90821,1.88,1.09
2014.08.14,01:30:40.408,0.90831,0.9082,1,1.74
2014.08.14,01:30:40.913,0.9083,0.9082,1,1.29
2014.08.14,01:30:41.432,0.9083,0.90818,1,2.22
2014.08.14,01:30:50.806,0.9083,0.90819,1,1.34
2014.08.14,01:30:51.359,0.90831,0.90819,2.25,1.34
2014.08.14,01:30:51.916,0.90831,0.90819,1,1.47
2014.08.14,01:30:52.170,0.90834,0.90822,1.13,1.09
2014.08.14,01:30:52.373,0.90835,0.90825,1.47,1
2014.08.14,01:30:52.474,0.90835,0.90823,1.78,1
2014.08.14,01:30:52.982,0.90832,0.90823,1.2,1
2014.08.14,01:30:53.812,0.90832,0.90826,1,1
2014.08.14,01:30:54.015,0.90833,0.90823,1.48,1
2014.08.14,01:30:54.522,0.90832,0.90823,1.38,1
2014.08.14,01:31:10.311,0.90831,0.90821,1.13,1
2014.08.14,01:31:10.412,0.90829,0.90821,1,1
2014.08.14,01:31:11.139,0.90831,0.90821,1.95,1
2014.08.14,01:31:12.888,0.90831,0.90821,1.1,2.97
2014.08.14,01:31:13.192,0.90833,0.90823,2.14,1
2014.08.14,01:31:13.495,0.90831,0.90821,1.88,1.02
2014.08.14,01:31:13.800,0.90828,0.90821,1,1
2014.08.14,01:31:13.851,0.90828,0.90819,1,1.02
2014.08.14,01:31:14.004,0.90825,0.90818,1,1.1
2014.08.14,01:31:14.105,0.90828,0.90818,1.13,1.1
2014.08.14,01:31:14.612,0.90829,0.90818,1.13,1.1
2014.08.14,01:31:15.320,0.9083,0.90818,1.38,1.08
2014.08.14,01:31:17.010,0.9083,0.90818,1.32,1.09
2014.08.14,01:31:18.416,0.9083,0.90818,1.39,1.77
2014.08.14,01:31:18.719,0.90828,0.90818,1,1.69
2014.08.14,01:31:20.146,0.90827,0.90818,1,1
2014.08.14,01:31:34.616,0.90827,0.90818,1.38,1
2014.08.14,01:31:35.438,0.90825,0.90818,1,1
2014.08.14,01:31:35.963,0.90826,0.90818,1.13,1
2014.08.14,01:31:39.497,0.90825,0.90818,1,1
2014.08.14,01:31:40.120,0.90827,0.90818,1.63,1
2014.08.14,01:31:47.665,0.90824,0.90818,1,1
2014.08.14,01:31:47.715,0.90823,0.90814,1,2.52
2014.08.14,01:31:47.868,0.90823,0.90811,1.95,2.52
2014.08.14,01:31:48.544,0.90823,0.90811,1.13,1.84
2014.08.14,01:31:49.050,0.90825,0.90814,1.63,1.1
2014.08.14,01:31:54.749,0.90825,0.90814,1.32,1.1
2014.08.14,01:32:03.198,0.90825,0.90814,1.63,1.1
2014.08.14,01:32:16.112,0.90823,0.90812,1,2.14
2014.08.14,01:32:16.736,0.90823,0.90812,1.5,1.02
2014.08.14,01:32:22.142,0.90823,0.90812,1,1.77
2014.08.14,01:32:22.345,0.90824,0.90816,1.13,1
2014.08.14,01:32:31.167,0.90825,0.90816,1.13,1
2014.08.14,01:32:48.381,0.90827,0.90816,2.97,1
2014.08.14,01:32:52.694,0.90826,0.90816,1.39,1
2014.08.14,01:32:56.945,0.90823,0.90816,1,1
2014.08.14,01:33:01.217,0.90824,0.90816,1.13,1
2014.08.14,01:33:06.031,0.90824,0.90816,1.88,1
2014.08.14,01:33:06.234,0.90821,0.90811,1,2.59
2014.08.14,01:33:06.339,0.90821,0.90811,1.13,1.58
2014.08.14,01:33:10.559,0.90821,0.90811,1.38,1.1
2014.08.14,01:33:11.066,0.90821,0.90811,1.39,1
2014.08.14,01:33:16.156,0.90822,0.90811,2.97,1
2014.08.14,01:33:16.712,0.90821,0.90811,1.02,1
2014.08.14,01:33:27.244,0.90821,0.90811,1.95,1
2014.08.14,01:33:27.916,0.90819,0.90809,1.13,1
2014.08.14,01:33:28.169,0.90817,0.90809,1,1
2014.08.14,01:33:28.684,0.90817,0.90806,1,1.84
2014.08.14,01:33:29.196,0.90816,0.90806,1,1.4
2014.08.14,01:33:32.911,0.90817,0.90806,1,1.4
2014.08.14,01:33:42.170,0.90816,0.90806,1,1.4
2014.08.14,01:33:45.474,0.90818,0.90807,2.82,1.18
2014.08.14,01:33:47.985,0.90817,0.90807,1,1.18
2014.08.14,01:33:48.490,0.90817,0.90807,1,1.1
2014.08.14,01:33:51.717,0.90818,0.90807,2.44,1.1
2014.08.14,01:33:58.789,0.90818,0.90807,1,1.08
2014.08.14,01:33:59.094,0.90819,0.90809,1,1.15
2014.08.14,01:34:07.226,0.90821,0.90809,4.32,1.15
2014.08.14,01:34:10.042,0.90821,0.90809,2.07,1.4
2014.08.14,01:34:11.459,0.90822,0.90811,2.44,1.18
2014.08.14,01:34:21.439,0.90822,0.90811,1,1.02
2014.08.14,01:34:21.955,0.90822,0.90811,1,1.09
2014.08.14,01:34:23.448,0.90823,0.90811,1.69,1.47
2014.08.14,01:34:24.586,0.90823,0.90811,1,2.97
2014.08.14,01:34:28.650,0.90823,0.90812,1,1.74
2014.08.14,01:34:28.751,0.90826,0.90814,3.57,1.28
2014.08.14,01:34:29.257,0.90826,0.90816,1,1
2014.08.14,01:34:34.196,0.90826,0.90816,1.38,1
2014.08.14,01:34:34.555,0.90824,0.90814,1.5,1
2014.08.14,01:34:35.334,0.90823,0.90812,1,1.47
2014.08.14,01:34:36.780,0.90823,0.90812,1.02,1.13
2014.08.14,01:34:39.692,0.90823,0.90811,1.02,1.39
2014.08.14,01:34:52.368,0.90823,0.90811,1.02,1.39
2014.08.14,01:34:52.876,0.90823,0.90811,1.39,1.39
2014.08.14,01:34:56.425,0.90823,0.90811,1.1,1.48
2014.08.14,01:34:56.577,0.90824,0.90814,1.47,1
2014.08.14,01:34:57.104,0.90824,0.90814,1.39,1
2014.08.14,01:34:57.767,0.90823,0.90811,1,2.22
2014.08.14,01:35:00.078,0.90824,0.90814,2.14,1
2014.08.14,01:35:04.839,0.90823,0.90814,1,1
2014.08.14,01:35:05.143,0.90823,0.90811,1,2.89
2014.08.14,01:35:05.599,0.90825,0.90814,2.14,1
2014.08.14,01:36:05.632,0.90825,0.90812,2.89,1.47
2014.08.14,01:36:06.151,0.90825,0.90812,2.22,1.2
2014.08.14,01:36:06.667,0.90825,0.90812,2.22,1.2
2014.08.14,01:36:18.338,0.90824,0.90812,2.14,1.02
2014.08.14,01:36:18.843,0.90822,0.90811,1.13,1.58
2014.08.14,01:36:19.146,0.9082,0.90811,1,1
2014.08.14,01:36:19.667,0.90821,0.90811,1.13,1
2014.08.14,01:36:34.132,0.9082,0.90811,1,1
2014.08.14,01:36:43.475,0.9082,0.90811,1.08,1
2014.08.14,01:36:43.983,0.9082,0.90811,2.07,1
2014.08.14,01:36:44.489,0.90819,0.90811,1,1
2014.08.14,01:36:44.540,0.90819,0.90808,1,1.65
2014.08.14,01:36:44.969,0.90818,0.90807,1.88,1.02
2014.08.14,01:36:51.430,0.90818,0.90806,1.32,1.47
2014.08.14,01:36:52.179,0.90819,0.90808,1.69,1.2
2014.08.14,01:36:52.484,0.90821,0.90811,1.69,1
2014.08.14,01:36:52.991,0.9082,0.90811,1,1
2014.08.14,01:36:57.339,0.90821,0.90811,1.88,1
2014.08.14,01:37:02.413,0.9082,0.90811,1,1
2014.08.14,01:37:04.113,0.9082,0.90811,1.48,1
2014.08.14,01:37:04.367,0.90817,0.90808,1,1.02
2014.08.14,01:37:05.084,0.90817,0.90806,1,1.84
2014.08.14,01:37:05.590,0.90817,0.90806,1,1.84
2014.08.14,01:37:06.121,0.90817,0.90806,1,1.84
2014.08.14,01:37:07.047,0.90817,0.90806,1,1.84
2014.08.14,01:37:08.332,0.90817,0.90806,1,1.77
2014.08.14,01:37:08.851,0.90817,0.90806,1,1.84
2014.08.14,01:37:10.492,0.90817,0.90806,1.13,1.77
2014.08.14,01:37:11.049,0.90817,0.90806,1.13,1.02
2014.08.14,01:37:11.571,0.90817,0.90806,1.32,1.18
2014.08.14,01:37:12.079,0.90817,0.90806,1.32,1.1
2014.08.14,01:37:24.791,0.90818,0.90806,2.07,1.08
2014.08.14,01:37:25.341,0.90818,0.90806,2.22,1
2014.08.14,01:37:39.888,0.90818,0.90806,1.47,1.25
2014.08.14,01:37:40.193,0.90818,0.90808,1.47,1
2014.08.14,01:37:40.345,0.90819,0.90808,1.88,1.65
2014.08.14,01:37:40.548,0.90821,0.90811,1.39,1
2014.08.14,01:37:49.814,0.90822,0.90811,1.47,1.5
2014.08.14,01:38:09.922,0.90822,0.90811,1.47,1
2014.08.14,01:38:14.465,0.90821,0.90811,1.2,1
2014.08.14,01:38:40.371,0.90822,0.90811,1.13,1.5
2014.08.14,01:38:48.828,0.90822,0.90816,1.13,1
2014.08.14,01:38:49.182,0.90823,0.90814,1,1
2014.08.14,01:38:49.435,0.90823,0.90811,1.58,4.47
2014.08.14,01:38:49.945,0.90822,0.90811,1,4.39
2014.08.14,01:38:50.477,0.90822,0.90811,1,3.64
2014.08.14,01:38:57.419,0.90823,0.90811,1.58,3.45
2014.08.14,01:39:01.998,0.90823,0.90811,1.69,3.64
2014.08.14,01:39:02.531,0.90823,0.90811,1.77,3.72
2014.08.14,01:39:03.399,0.90822,0.90811,1,3.64
2014.08.14,01:39:08.922,0.90822,0.90811,1,3.64
2014.08.14,01:39:10.670,0.90823,0.90811,2.07,3.27
2014.08.14,01:39:14.791,0.90823,0.90811,2.07,3.27
2014.08.14,01:39:15.297,0.90821,0.90811,1,1.02
2014.08.14,01:39:15.398,0.90823,0.90811,1.77,2.89
2014.08.14,01:39:15.904,0.90822,0.90811,1,2.89
2014.08.14,01:39:25.503,0.90821,0.90811,1,1.39
2014.08.14,01:39:28.581,0.90822,0.90811,1,1.39
2014.08.14,01:39:33.420,0.90822,0.90811,1,4.39
2014.08.14,01:39:34.926,0.90822,0.90811,1,3.64
2014.08.14,01:39:36.735,0.90823,0.90811,1.77,3.64
2014.08.14,01:39:39.257,0.90822,0.90811,1,1.39
2014.08.14,01:39:41.982,0.90822,0.90811,1,1.39
2014.08.14,01:39:42.501,0.90823,0.90811,1.58,1.39
2014.08.14,01:39:57.105,0.90823,0.90811,1.02,2.14
2014.08.14,01:39:59.865,0.90823,0.9081,1.77,2.22
2014.08.14,01:40:37.940,0.90823,0.90812,1.39,1
2014.08.14,01:40:40.644,0.90823,0.90811,1.39,1.69
2014.08.14,01:40:41.718,0.90821,0.90811,1,1.69
2014.08.14,01:41:02.809,0.90819,0.90811,1,1.69
2014.08.14,01:41:26.907,0.90819,0.9081,1,2.89
2014.08.14,01:41:27.212,0.90814,0.90809,1,2.25
2014.08.14,01:41:27.415,0.90816,0.90809,1,1
2014.08.14,01:41:27.922,0.90816,0.90808,1,1
2014.08.14,01:41:53.437,0.90816,0.90806,1,3.27
2014.08.14,01:41:53.955,0.90816,0.90806,1,3.27
2014.08.14,01:41:54.467,0.90816,0.90806,1,3.27
2014.08.14,01:41:54.979,0.90816,0.90806,1,3.19
2014.08.14,01:41:55.501,0.90816,0.90806,1,3.34
2014.08.14,01:41:57.346,0.90816,0.90806,1,3.34
2014.08.14,01:41:57.895,0.90816,0.90806,1,3.34
2014.08.14,01:41:58.513,0.90815,0.90806,1,3.34
2014.08.14,01:42:02.147,0.90815,0.90806,1,2.52
2014.08.14,01:42:02.400,0.90812,0.90806,1,1.25
2014.08.14,01:42:02.754,0.90811,0.90803,1,1.1
2014.08.14,01:42:03.109,0.9081,0.90801,1,1.02
2014.08.14,01:42:03.413,0.90812,0.90801,1.13,1.1
2014.08.14,01:42:03.514,0.9081,0.90801,1,1.1
2014.08.14,01:42:04.021,0.9081,0.90802,1,1
2014.08.14,01:42:04.546,0.90811,0.90802,1,1
2014.08.14,01:42:04.967,0.90808,0.90801,1,1
2014.08.14,01:42:06.135,0.90809,0.90801,1,1
2014.08.14,01:42:06.670,0.90808,0.90801,1,1
2014.08.14,01:42:07.470,0.90809,0.90801,1,1
2014.08.14,01:42:08.902,0.9081,0.90801,1,1.5
2014.08.14,01:42:09.256,0.90813,0.90801,1,2.03
2014.08.14,01:42:09.762,0.90813,0.90803,1,1.5
2014.08.14,01:42:12.441,0.90814,0.90803,1,1.95
2014.08.14,01:42:13.756,0.90813,0.90803,1,2.97
2014.08.14,01:42:15.293,0.90812,0.90803,1,2.97
2014.08.14,01:42:19.453,0.90812,0.90803,1,2.14
2014.08.14,01:42:21.874,0.90813,0.90803,1,1.2
2014.08.14,01:42:26.735,0.90814,0.90803,1,1.2
2014.08.14,01:42:34.113,0.90814,0.90803,1,2.14
2014.08.14,01:42:34.670,0.90813,0.90803,1,2.14
2014.08.14,01:42:45.606,0.90813,0.90803,1,1.47
2014.08.14,01:42:46.147,0.90813,0.90803,1,2.22
2014.08.14,01:42:47.996,0.90813,0.90803,1,2.22
2014.08.14,01:42:48.559,0.90813,0.90803,1,1.47
2014.08.14,01:42:50.911,0.90813,0.90803,1,1.39
2014.08.14,01:43:00.579,0.90814,0.90803,1,1.39
2014.08.14,01:43:08.974,0.90815,0.90803,1.02,2.14
2014.08.14,01:43:11.194,0.90815,0.90803,1.09,1.32
2014.08.14,01:43:17.533,0.90813,0.90803,1,1.32
2014.08.14,01:43:18.067,0.90814,0.90803,1.1,1.32
2014.08.14,01:43:36.139,0.90813,0.90802,1,2.14
2014.08.14,01:43:52.999,0.90813,0.90803,1,1.47
2014.08.14,01:43:53.538,0.90813,0.90803,1,1.39
2014.08.14,01:44:01.302,0.90814,0.90803,1,1.39
2014.08.14,01:44:03.301,0.90813,0.90803,1,1.39
2014.08.14,01:44:06.186,0.90815,0.90803,1.02,1.39
2014.08.14,01:44:12.518,0.90815,0.90804,1.02,1
2014.08.14,01:44:14.436,0.90815,0.90802,1,2.22
2014.08.14,01:44:16.769,0.90815,0.90803,1.1,1.39
2014.08.14,01:44:17.862,0.90815,0.90802,1.1,1.47
2014.08.14,01:44:20.897,0.90815,0.90803,1.1,1.39
2014.08.14,01:44:21.996,0.90815,0.90802,1.02,2.22
2014.08.14,01:44:35.988,0.90815,0.90802,1.02,1.74
2014.08.14,01:44:43.771,0.90814,0.90802,1,1.74
2014.08.14,01:44:44.282,0.90815,0.90802,1.02,1.74
2014.08.14,01:44:59.018,0.90815,0.90802,1.02,1.74
2014.08.14,01:45:02.480,0.90815,0.90801,1.77,2.22
2014.08.14,01:45:07.660,0.90813,0.90802,1,1.47
2014.08.14,01:45:20.182,0.90812,0.90803,1,1.25
2014.08.14,01:45:20.435,0.9081,0.90802,1,1.69
2014.08.14,01:45:20.941,0.90811,0.90802,1,1
2014.08.14,01:45:21.824,0.90812,0.90802,1.13,1
2014.08.14,01:45:31.526,0.90812,0.908,1.13,1.84
2014.08.14,01:45:32.415,0.90812,0.908,1.13,1.84
2014.08.14,01:45:32.946,0.90812,0.908,1.13,1.77
2014.08.14,01:45:42.765,0.90811,0.908,1,2.14
2014.08.14,01:45:56.009,0.90812,0.908,1.13,2.14
2014.08.14,01:45:59.173,0.90812,0.90801,1,2.14
2014.08.14,01:45:59.681,0.90812,0.90801,1,2.07
2014.08.14,01:46:00.196,0.90813,0.90801,1.02,2.14
2014.08.14,01:46:11.277,0.90812,0.90801,1,2.52
2014.08.14,01:46:12.426,0.90812,0.90801,1,2.14
2014.08.14,01:46:13.243,0.90813,0.90801,1.39,2.14
2014.08.14,01:46:13.860,0.90813,0.90801,1.32,2.22
2014.08.14,01:46:34.767,0.90813,0.90802,1.1,2.82
2014.08.14,01:46:45.573,0.90813,0.90801,1.1,2.14
2014.08.14,01:47:03.577,0.90814,0.90801,1.02,2.22
2014.08.14,01:47:04.101,0.90814,0.90801,1.18,2.14
2014.08.14,01:47:04.607,0.90814,0.90803,1.18,1
2014.08.14,01:47:05.171,0.90814,0.90803,1.1,1
2014.08.14,01:47:26.293,0.90815,0.90803,1.39,1.39
2014.08.14,01:47:26.804,0.90815,0.90803,1.32,1.47
2014.08.14,01:47:27.398,0.90815,0.90803,1.39,1.39
2014.08.14,01:47:30.575,0.90815,0.90803,1.32,1.47
2014.08.14,01:47:35.442,0.90815,0.90803,1.39,1.47
2014.08.14,01:47:35.994,0.90815,0.90803,1.32,1.47
2014.08.14,01:47:36.555,0.90815,0.90803,1.39,1.47
2014.08.14,01:47:37.077,0.90815,0.90803,1.32,1.47
2014.08.14,01:47:37.593,0.90815,0.90803,1.39,1.39
2014.08.14,01:47:50.971,0.90815,0.90802,2.14,1.47
2014.08.14,01:47:52.085,0.90815,0.90802,1.39,2.22
2014.08.14,01:47:54.330,0.90814,0.90802,1,2.22
2014.08.14,01:47:58.179,0.90814,0.90801,1.02,1.72
2014.08.14,01:47:58.781,0.90814,0.90801,1.33,1.67
2014.08.14,01:48:00.826,0.90814,0.90801,1.09,1.64
2014.08.14,01:48:01.396,0.90814,0.90801,1.33,1.77
2014.08.14,01:48:02.067,0.90814,0.90801,1.09,1.64
2014.08.14,01:48:02.581,0.90814,0.90801,1.09,1.67
2014.08.14,01:48:09.551,0.90814,0.90802,1.2,1.2
2014.08.14,01:48:10.118,0.90814,0.90802,1.18,1.13
2014.08.14,01:48:14.758,0.90814,0.90802,1.09,1.39
2014.08.14,01:48:15.273,0.90814,0.90802,1.33,1.32
2014.08.14,01:48:16.301,0.90814,0.90802,1.02,1.39
2014.08.14,01:48:28.674,0.90814,0.90802,1.39,1.25
2014.08.14,01:48:29.214,0.90814,0.90802,1.39,1.02
2014.08.14,01:48:29.774,0.90814,0.90802,1.47,1.25
2014.08.14,01:48:30.276,0.90814,0.90802,1.39,1.02
2014.08.14,01:48:37.991,0.90812,0.908,1,2.97
2014.08.14,01:48:39.031,0.90811,0.908,1,2.97
2014.08.14,01:48:39.538,0.9081,0.908,1,1.37
2014.08.14,01:48:41.901,0.9081,0.90801,1,1.18
2014.08.14,01:48:42.443,0.90811,0.90801,1.13,1.1
2014.08.14,01:48:42.949,0.90811,0.90801,1.13,1.18
2014.08.14,01:48:43.451,0.90811,0.90801,1.13,1.1
2014.08.14,01:48:43.994,0.90811,0.90801,1.13,1.18
2014.08.14,01:48:44.538,0.90811,0.90801,1.13,1.1
2014.08.14,01:48:45.044,0.9081,0.90801,1,1.1
2014.08.14,01:48:45.553,0.9081,0.90801,1,1.18
2014.08.14,01:48:46.072,0.9081,0.90801,1,1.1
2014.08.14,01:48:49.988,0.9081,0.90801,1,1.08
2014.08.14,01:48:51.405,0.9081,0.90801,1,1
2014.08.14,01:49:04.167,0.9081,0.90802,1,1
2014.08.14,01:49:21.264,0.9081,0.90801,1,1.25
2014.08.14,01:49:22.443,0.90811,0.90801,1,1
2014.08.14,01:49:32.457,0.9081,0.90801,1,1
2014.08.14,01:49:43.762,0.9081,0.90799,1,1.4
2014.08.14,01:49:47.182,0.90812,0.908,1.13,1.34
2014.08.14,01:49:47.708,0.90812,0.908,1.13,1.37
2014.08.14,01:49:48.219,0.90812,0.908,1.13,1.34
2014.08.14,01:49:48.730,0.90812,0.908,1.13,1.37
2014.08.14,01:49:55.616,0.90812,0.90799,1.63,1.84
2014.08.14,01:50:14.711,0.90812,0.908,1.13,1.34
2014.08.14,01:50:15.217,0.90812,0.908,1.38,1.37
2014.08.14,01:50:15.725,0.90812,0.908,1.38,1.37
2014.08.14,01:50:16.232,0.90812,0.908,1.38,1.34
2014.08.14,01:50:16.738,0.90812,0.908,1.38,1.37
2014.08.14,01:50:20.047,0.90812,0.90799,1.63,2.22
2014.08.14,01:50:20.304,0.90812,0.90799,1.63,2.22
2014.08.14,01:50:21.698,0.90812,0.90799,1.63,2.22
2014.08.14,01:50:22.212,0.90812,0.90799,1.63,2.22
2014.08.14,01:50:26.224,0.90812,0.90799,1.63,2.22
2014.08.14,01:50:26.732,0.90812,0.90799,1.63,2.22
2014.08.14,01:50:27.408,0.90812,0.90799,1.63,2.22
2014.08.14,01:50:27.925,0.90812,0.90799,1.63,2.22
2014.08.14,01:50:30.196,0.90812,0.90799,1.63,2.22
2014.08.14,01:50:30.699,0.90812,0.90799,1.63,2.22
2014.08.14,01:50:31.234,0.90812,0.90799,1.63,2.22
2014.08.14,01:50:31.764,0.90812,0.90799,1.63,2.22
2014.08.14,01:50:32.270,0.90811,0.90799,1.13,1.84
2014.08.14,01:50:32.894,0.90811,0.90799,1.13,1.84
2014.08.14,01:50:33.965,0.9081,0.90799,1,2.22
2014.08.14,01:50:34.067,0.90812,0.90799,1.32,2.22
2014.08.14,01:50:34.588,0.90812,0.90799,1.63,2.22
2014.08.14,01:50:35.093,0.9081,0.90799,1,1.47
2014.08.14,01:50:35.621,0.9081,0.90799,1,1.47
2014.08.14,01:50:37.057,0.9081,0.90799,1,1.47
2014.08.14,01:50:37.828,0.9081,0.90799,1,1.47
2014.08.14,01:50:40.282,0.9081,0.90799,1,1.47
2014.08.14,01:50:40.792,0.9081,0.90799,1,1.34
2014.08.14,01:50:41.302,0.9081,0.90799,1,1.34
2014.08.14,01:50:41.816,0.9081,0.90799,1,1.34
2014.08.14,01:50:45.017,0.9081,0.90799,1,1.34
2014.08.14,01:50:45.412,0.9081,0.90799,1,1.34
2014.08.14,01:50:53.993,0.9081,0.908,1,1.39
2014.08.14,01:50:58.155,0.9081,0.90799,1,1.34
2014.08.14,01:50:59.581,0.9081,0.90799,1,1.34
2014.08.14,01:51:00.142,0.9081,0.90799,1,1.34
2014.08.14,01:51:00.803,0.9081,0.90799,1,1.34
2014.08.14,01:51:01.340,0.9081,0.90799,1,1.34
2014.08.14,01:51:18.129,0.9081,0.90799,1,2.22
2014.08.14,01:51:18.795,0.9081,0.90799,1,2.22
2014.08.14,01:51:19.320,0.90811,0.90799,1.13,2.22
2014.08.14,01:51:19.865,0.90811,0.90799,1.13,2.22
2014.08.14,01:51:21.175,0.9081,0.90799,1,2.22
2014.08.14,01:51:24.910,0.90812,0.90799,1.63,2.22
2014.08.14,01:51:35.786,0.9081,0.90799,1,1.47
2014.08.14,01:51:48.069,0.9081,0.90799,1,1.47
2014.08.14,01:51:48.281,0.9081,0.90799,1,1.47
2014.08.14,01:51:56.465,0.9081,0.90799,1,1.34
2014.08.14,01:51:56.971,0.9081,0.90799,1,1.34
2014.08.14,01:51:57.484,0.9081,0.90799,1,1.34
2014.08.14,01:52:07.144,0.90812,0.90799,1.13,1.47
2014.08.14,01:52:07.966,0.90812,0.90799,1.38,1.34
2014.08.14,01:52:08.480,0.9081,0.90799,1,1.34
2014.08.14,01:52:09.005,0.9081,0.90799,1,1.34
2014.08.14,01:52:09.975,0.90812,0.90799,1.63,1.34
2014.08.14,01:52:11.612,0.90812,0.90799,1.63,1.34
2014.08.14,01:52:13.555,0.90812,0.90799,1.63,1.34
2014.08.14,01:52:14.066,0.90812,0.90799,1.63,1.34
2014.08.14,01:52:29.578,0.9081,0.90799,1,1.34
2014.08.14,01:52:30.692,0.9081,0.90796,1.58,3.64
2014.08.14,01:52:30.743,0.9081,0.90796,1.15,3.64
2014.08.14,01:52:30.996,0.90809,0.90801,1.1,1
2014.08.14,01:52:31.199,0.90809,0.90799,2.07,1.1
2014.08.14,01:52:31.553,0.90807,0.90796,1,1.02
2014.08.14,01:52:32.232,0.90807,0.90796,1.18,1.02
2014.08.14,01:52:36.372,0.90807,0.90796,1.02,1
2014.08.14,01:52:46.849,0.90808,0.90796,2.52,1
2014.08.14,01:53:29.366,0.90808,0.90796,1.08,2.93
2014.08.14,01:53:29.569,0.9081,0.90801,1.32,1
2014.08.14,01:53:29.822,0.9081,0.90798,1.39,1.2
2014.08.14,01:53:30.328,0.9081,0.90798,1.39,1.1
2014.08.14,01:54:10.969,0.9081,0.90798,2.97,1
2014.08.14,01:54:11.545,0.90809,0.90796,2.22,2.14
2014.08.14,01:54:12.064,0.90809,0.90796,2.97,1.39
2014.08.14,01:54:31.138,0.90808,0.90796,1.39,1.25
2014.08.14,01:54:32.618,0.90809,0.90796,3.34,1.63
2014.08.14,01:54:32.923,0.90809,0.90796,3.72,1.32
2014.08.14,01:54:33.024,0.90809,0.90796,3.34,1.63
2014.08.14,01:54:51.306,0.90809,0.90796,2.52,2.44
2014.08.14,01:54:51.357,0.90809,0.90797,1.58,1.67
2014.08.14,01:54:51.460,0.90811,0.908,1,1.55
2014.08.14,01:54:51.562,0.90814,0.90801,4.2,1.55
2014.08.14,01:54:51.759,0.90816,0.90803,4.09,1.38
2014.08.14,01:54:51.861,0.90816,0.90803,1.84,1
2014.08.14,01:54:52.174,0.90816,0.90804,1.2,1.58
2014.08.14,01:54:52.681,0.90816,0.90803,1.18,3.08
2014.08.14,01:54:52.986,0.90816,0.90804,1.18,1.19
2014.08.14,01:54:54.070,0.90816,0.90803,1.84,1.77
2014.08.14,01:54:54.592,0.90816,0.90803,1.84,2.14
2014.08.14,01:55:02.577,0.90816,0.90803,1.28,1.39
2014.08.14,01:55:10.423,0.90816,0.90803,2.59,1.39
2014.08.14,01:55:13.110,0.90816,0.90803,1.4,2.82
2014.08.14,01:55:21.815,0.90816,0.90803,1.4,2.07
2014.08.14,01:55:26.926,0.90816,0.90803,1.15,1.63
2014.08.14,01:55:36.798,0.90816,0.90803,1.4,2.07
2014.08.14,01:55:37.359,0.90816,0.90803,1.02,2.22
2014.08.14,01:55:51.068,0.90816,0.90803,1.77,2.22
2014.08.14,01:56:01.423,0.90816,0.90803,1.02,1.74
2014.08.14,01:56:16.177,0.90816,0.90803,1.33,1.67
2014.08.14,01:56:19.450,0.90817,0.90803,1.37,1.74
2014.08.14,01:56:23.596,0.90817,0.90803,1.37,3.72
2014.08.14,01:56:25.064,0.90819,0.90805,1.84,1.38
2014.08.14,01:56:25.569,0.90819,0.90804,2.59,1.63
2014.08.14,01:56:26.140,0.90818,0.90804,1.34,2.07
2014.08.14,01:56:27.506,0.90818,0.90804,1.84,1.57
2014.08.14,01:56:28.746,0.90818,0.90804,1.84,2.14
2014.08.14,01:56:30.291,0.90817,0.90803,1.84,1.77
2014.08.14,01:56:30.879,0.90817,0.90803,1.84,1.74
2014.08.14,01:56:38.311,0.90817,0.90803,1.84,2.82
2014.08.14,01:56:42.089,0.90817,0.90803,1.37,2.97
2014.08.14,01:56:42.606,0.90817,0.90803,1.34,2.89
2014.08.14,01:56:44.336,0.90817,0.90803,1.37,2.97
2014.08.14,01:56:47.372,0.90816,0.90803,1.02,2.22
2014.08.14,01:56:48.664,0.90818,0.90804,2.22,1.64
2014.08.14,01:56:49.173,0.90818,0.90804,2.22,1.67
2014.08.14,01:56:50.482,0.90818,0.90804,2.22,1.57
2014.08.14,01:56:50.987,0.90817,0.90803,1.37,2.22
2014.08.14,01:56:54.505,0.90818,0.90803,1.39,2.97
2014.08.14,01:56:54.905,0.90819,0.90804,2.59,1.7
2014.08.14,01:56:55.410,0.90818,0.90804,1.84,1.67
2014.08.14,01:56:55.461,0.90818,0.90804,1.84,1.74
2014.08.14,01:56:55.966,0.90818,0.90804,1.84,1.67
2014.08.14,01:56:58.120,0.90817,0.90804,1.09,1.67
2014.08.14,01:57:02.172,0.90817,0.90804,1.02,1.74
2014.08.14,01:57:02.696,0.90817,0.90804,1.25,1.77
2014.08.14,01:57:03.217,0.90816,0.90804,1.1,1.39
2014.08.14,01:57:03.727,0.90816,0.90802,1.1,1.72
2014.08.14,01:57:04.296,0.90816,0.90802,1,1.72
2014.08.14,01:57:04.817,0.90816,0.90803,1.25,1.72
2014.08.14,01:57:08.705,0.90817,0.90803,2.52,1.72
2014.08.14,01:57:09.227,0.90817,0.90805,1.37,1.38
2014.08.14,01:57:09.742,0.90818,0.90805,1.84,1.39
2014.08.14,01:57:13.841,0.90818,0.90805,1.84,1.63
2014.08.14,01:57:14.404,0.90818,0.90805,1.84,1.39
2014.08.14,01:57:15.784,0.90816,0.90805,1.1,1.63
2014.08.14,01:57:16.289,0.90816,0.90805,1,1.32
2014.08.14,01:57:17.158,0.90816,0.90803,1.39,2.22
2014.08.14,01:57:17.667,0.90816,0.90803,1.09,2.14
2014.08.14,01:57:27.891,0.90816,0.90804,1.37,1.38
2014.08.14,01:57:28.801,0.90818,0.90804,1.47,1.88
2014.08.14,01:57:29.623,0.90818,0.90806,1.47,1.13
2014.08.14,01:57:29.876,0.90818,0.90806,1.29,1.45
2014.08.14,01:57:30.533,0.90819,0.90806,1.02,2.22
2014.08.14,01:57:30.724,0.90819,0.90806,1.39,2.14
2014.08.14,01:57:31.236,0.90817,0.90806,1.1,1.13
2014.08.14,01:57:31.755,0.90817,0.90806,1.84,1.13
2014.08.14,01:57:34.968,0.90816,0.90806,1.29,1.13
