Date,Time,Ask,Bid,AskVolume,BidVolume
14-08-2014,00:00:01.808,102.421,102.417,3.38,1
14-08-2014,00:00:02.480,102.419,102.417,1,1
14-08-2014,00:00:02.581,102.419,102.415,1,1.5
14-08-2014,00:00:02.733,102.417,102.414,1,4.5
14-08-2014,00:00:03.258,102.416,102.413,1,1.5
14-08-2014,00:00:04.237,102.417,102.413,1.5,1
14-08-2014,00:00:07.556,102.415,102.413,1,1.5
14-08-2014,00:00:08.014,102.415,102.412,1,5.25
14-08-2014,00:00:08.115,102.416,102.412,5.25,1.5
14-08-2014,00:00:08.654,102.415,102.412,1,4.5
14-08-2014,00:00:09.262,102.415,102.412,1,6
14-08-2014,00:00:11.934,102.415,102.412,1,1.5
14-08-2014,00:00:12.447,102.416,102.413,1,1
14-08-2014,00:00:18.680,102.417,102.416,1,1
14-08-2014,00:00:18.731,102.42,102.417,1.5,3.75
14-08-2014,00:00:18.782,102.422,102.418,1,3
14-08-2014,00:00:18.934,102.423,102.421,2.25,1
14-08-2014,00:00:19.459,102.423,102.42,1,1
14-08-2014,00:00:27.008,102.424,102.42,2.25,1
14-08-2014,00:00:29.635,102.424,102.422,2.25,1
14-08-2014,00:00:29.938,102.427,102.425,1,3.75
14-08-2014,00:00:30.291,102.427,102.424,1,4.88
14-08-2014,00:00:30.715,102.429,102.425,3.19,1
14-08-2014,00:00:36.513,102.427,102.425,1,1.25
14-08-2014,00:00:38.038,102.427,102.425,1.25,1
14-08-2014,00:00:38.088,102.432,102.425,1.5,9
14-08-2014,00:00:38.598,102.433,102.429,2.44,4.69
14-08-2014,00:00:43.325,102.433,102.43,1.5,1.25
14-08-2014,00:00:45.313,102.433,102.429,2.44,3.19
14-08-2014,00:00:56.678,102.436,102.432,1.5,2.25
14-08-2014,00:00:57.033,102.435,102.432,1.5,1.69
14-08-2014,00:00:58.331,102.435,102.431,1.5,1.25
14-08-2014,00:01:03.756,102.435,102.432,2.25,1.25
14-08-2014,00:01:03.907,102.437,102.432,1,3.19
14-08-2014,00:01:04.431,102.438,102.432,3.19,3.94
14-08-2014,00:01:04.992,102.437,102.432,1,3.94
14-08-2014,00:01:06.401,102.435,102.433,1,1
14-08-2014,00:01:07.422,102.435,102.431,1.69,2.82
14-08-2014,00:01:08.660,102.435,102.431,1.88,2.44
14-08-2014,00:01:09.985,102.435,102.434,1,1
14-08-2014,00:01:10.061,102.437,102.434,1.5,1.69
14-08-2014,00:01:10.566,102.438,102.434,1.5,2.82
14-08-2014,00:01:11.676,102.438,102.436,1,1
14-08-2014,00:01:11.827,102.442,102.44,1,1.88
14-08-2014,00:01:12.332,102.444,102.44,2.44,1.88
14-08-2014,00:01:12.836,102.444,102.44,1.69,2.82
14-08-2014,00:01:13.794,102.444,102.44,2.25,2.44
14-08-2014,00:01:16.261,102.444,102.44,3.19,2.44
14-08-2014,00:01:16.769,102.443,102.44,1,1.25
14-08-2014,00:01:18.876,102.443,102.439,1.25,2.44
14-08-2014,00:01:22.241,102.441,102.439,1,1.25
14-08-2014,00:01:22.443,102.44,102.437,1.5,1
14-08-2014,00:01:22.998,102.44,102.436,2.25,1.69
14-08-2014,00:01:23.099,102.438,102.435,1,4.5
14-08-2014,00:01:23.402,102.436,102.433,1,2.44
14-08-2014,00:01:23.908,102.435,102.433,1.69,1
14-08-2014,00:01:24.160,102.435,102.431,1.69,5.44
14-08-2014,00:01:24.463,102.433,102.432,1,1
14-08-2014,00:01:24.716,102.442,102.436,1,4.5
14-08-2014,00:01:25.220,102.443,102.438,1.5,3
14-08-2014,00:01:25.897,102.441,102.438,1.25,3
14-08-2014,00:01:26.691,102.443,102.438,2.25,3.19
14-08-2014,00:01:27.246,102.441,102.439,1,1.25
14-08-2014,00:01:29.528,102.442,102.438,1,3.57
14-08-2014,00:01:30.043,102.441,102.438,1,3.94
14-08-2014,00:01:30.711,102.44,102.438,1,2.25
14-08-2014,00:01:31.064,102.438,102.436,1,1.25
14-08-2014,00:01:31.570,102.438,102.435,1,1
14-08-2014,00:01:32.073,102.437,102.435,1,1
14-08-2014,00:01:32.672,102.438,102.435,1,1.25
14-08-2014,00:01:33.085,102.439,102.436,3.19,3
14-08-2014,00:01:33.186,102.441,102.438,1,3.75
14-08-2014,00:01:33.699,102.441,102.438,1,7.69
14-08-2014,00:01:36.447,102.441,102.438,1.5,6.57
14-08-2014,00:01:37.155,102.44,102.437,1,4.69
14-08-2014,00:01:37.458,102.439,102.437,1,2.44
14-08-2014,00:01:37.876,102.44,102.437,1,2.44
14-08-2014,00:01:38.133,102.438,102.437,1,1.69
14-08-2014,00:01:38.793,102.437,102.436,1,1.25
14-08-2014,00:01:38.894,102.437,102.434,1,1.69
14-08-2014,00:01:39.197,102.435,102.433,1,1.32
14-08-2014,00:01:39.873,102.434,102.432,1,1.19
14-08-2014,00:01:40.378,102.435,102.431,1,3.19
14-08-2014,00:01:41.588,102.436,102.434,1.88,1
14-08-2014,00:01:41.741,102.44,102.436,1.25,2.5
14-08-2014,00:01:41.842,102.438,102.437,1,1
14-08-2014,00:01:42.095,102.442,102.439,1.5,1
14-08-2014,00:01:42.599,102.441,102.438,1,1.69
14-08-2014,00:01:42.700,102.44,102.436,1,3.19
14-08-2014,00:01:43.204,102.439,102.436,1,1
14-08-2014,00:01:43.708,102.44,102.436,1,1
14-08-2014,00:01:44.215,102.441,102.436,3.94,1.69
14-08-2014,00:01:44.718,102.44,102.436,1,1.19
14-08-2014,00:01:45.172,102.44,102.435,1,2.44
14-08-2014,00:01:46.998,102.44,102.436,1.5,1
14-08-2014,00:02:03.505,102.44,102.437,1,1
14-08-2014,00:02:04.651,102.44,102.439,1,1.25
14-08-2014,00:02:05.155,102.443,102.44,1.25,1
14-08-2014,00:02:08.440,102.442,102.44,1,1
14-08-2014,00:02:08.959,102.443,102.44,1,1
14-08-2014,00:02:15.979,102.443,102.44,1.69,1
14-08-2014,00:02:17.058,102.443,102.44,1.69,1
14-08-2014,00:02:17.568,102.441,102.44,1,1
14-08-2014,00:02:17.670,102.443,102.44,3.19,1
14-08-2014,00:02:17.771,102.443,102.438,1.5,2.07
14-08-2014,00:02:18.276,102.443,102.439,1.5,1
14-08-2014,00:02:18.783,102.443,102.438,1.5,1.69
14-08-2014,00:02:19.292,102.443,102.439,2.44,1.25
14-08-2014,00:02:19.645,102.441,102.439,1,1.25
14-08-2014,00:02:20.466,102.441,102.437,1.5,2.44
14-08-2014,00:02:22.670,102.442,102.438,1.25,1.69
14-08-2014,00:02:23.951,102.443,102.438,3.19,2.44
14-08-2014,00:02:26.407,102.443,102.438,3.94,2.44
14-08-2014,00:02:27.460,102.443,102.438,3.94,2.44
14-08-2014,00:02:30.270,102.442,102.439,1,1.25
14-08-2014,00:02:30.674,102.44,102.437,1,1.69
14-08-2014,00:02:31.183,102.441,102.437,2.25,1.69
14-08-2014,00:02:31.690,102.44,102.437,1,1
14-08-2014,00:02:39.287,102.44,102.436,1,2.44
14-08-2014,00:02:43.499,102.44,102.436,1.5,2.44
14-08-2014,00:02:47.044,102.44,102.436,1.5,1.5
14-08-2014,00:02:47.558,102.44,102.436,1.5,2.44
14-08-2014,00:02:49.608,102.44,102.436,2.44,2.44
14-08-2014,00:02:52.079,102.439,102.436,1,1.25
14-08-2014,00:02:59.327,102.439,102.436,1,1.69
14-08-2014,00:03:01.738,102.439,102.436,1,1.69
14-08-2014,00:03:02.761,102.439,102.435,1.25,3.57
14-08-2014,00:03:03.570,102.438,102.435,1,2.82
14-08-2014,00:03:04.108,102.438,102.435,1,2.82
14-08-2014,00:03:07.395,102.439,102.435,1,3.94
14-08-2014,00:03:09.720,102.438,102.435,1,2.44
14-08-2014,00:03:10.246,102.439,102.435,1,3.94
14-08-2014,00:03:12.655,102.439,102.436,1,1.19
14-08-2014,00:03:13.657,102.439,102.435,1,3.19
14-08-2014,00:03:13.758,102.439,102.436,1,1.19
14-08-2014,00:03:14.870,102.439,102.436,1,1.25
14-08-2014,00:03:18.534,102.439,102.435,1,3.19
14-08-2014,00:03:20.782,102.439,102.436,1,1
14-08-2014,00:03:21.288,102.438,102.436,1,1
14-08-2014,00:03:29.890,102.438,102.435,1,2.44
14-08-2014,00:03:30.404,102.439,102.435,2.44,2.44
14-08-2014,00:03:32.317,102.439,102.435,2.25,2.44
14-08-2014,00:03:37.816,102.439,102.436,1,3.19
14-08-2014,00:03:38.439,102.44,102.436,2.25,3.19
14-08-2014,00:03:40.965,102.44,102.436,2.63,3.19
14-08-2014,00:03:41.835,102.44,102.438,2.25,1
14-08-2014,00:03:41.936,102.442,102.439,1.25,1
14-08-2014,00:03:42.660,102.442,102.438,1.69,3.19
14-08-2014,00:03:46.563,102.441,102.438,1,2.44
14-08-2014,00:03:47.088,102.44,102.436,1,6.94
14-08-2014,00:03:51.276,102.44,102.438,1,1
14-08-2014,00:03:51.326,102.442,102.438,1,2.25
14-08-2014,00:03:51.831,102.442,102.439,1.5,1.25
14-08-2014,00:03:53.751,102.441,102.439,1,1.25
14-08-2014,00:03:56.264,102.442,102.439,1,1.25
14-08-2014,00:03:56.768,102.443,102.44,3.19,1
14-08-2014,00:03:58.237,102.442,102.44,1.5,1
14-08-2014,00:03:58.339,102.442,102.438,4.69,1.25
14-08-2014,00:03:58.843,102.441,102.438,1,1.25
14-08-2014,00:04:00.243,102.44,102.438,1,1
14-08-2014,00:04:00.752,102.441,102.438,3.57,1
14-08-2014,00:04:03.055,102.442,102.44,1,1
14-08-2014,00:04:03.569,102.442,102.439,1,1.25
14-08-2014,00:04:05.355,102.442,102.441,1,1
14-08-2014,00:04:06.377,102.445,102.441,1.5,1
14-08-2014,00:04:06.427,102.447,102.443,3,2.26
14-08-2014,00:04:06.881,102.447,102.442,3.38,2.44
14-08-2014,00:04:07.184,102.445,102.441,1,2.25
14-08-2014,00:04:07.701,102.444,102.441,1.5,1
14-08-2014,00:04:08.220,102.444,102.442,1.25,1
14-08-2014,00:04:13.506,102.444,102.441,1.25,1.5
14-08-2014,00:04:14.023,102.443,102.441,1,1.5
14-08-2014,00:04:16.507,102.442,102.441,1,1
14-08-2014,00:04:17.043,102.442,102.44,1,1
14-08-2014,00:04:17.560,102.442,102.441,1,1
14-08-2014,00:04:22.809,102.442,102.44,1,1
14-08-2014,00:04:23.467,102.442,102.441,1,1
14-08-2014,00:04:25.327,102.443,102.441,2.44,1
14-08-2014,00:04:27.078,102.442,102.441,1,1
14-08-2014,00:04:27.582,102.443,102.441,1.69,1
14-08-2014,00:04:28.217,102.443,102.44,1.69,1.5
14-08-2014,00:04:30.270,102.443,102.441,1.69,1
14-08-2014,00:04:50.578,102.444,102.441,1.69,1
14-08-2014,00:04:55.021,102.444,102.442,1,1
14-08-2014,00:04:55.527,102.444,102.441,1,1.25
14-08-2014,00:05:01.368,102.444,102.443,1.69,1
14-08-2014,00:05:01.418,102.446,102.443,1,1.5
14-08-2014,00:05:01.469,102.447,102.443,1.69,2.25
14-08-2014,00:05:01.674,102.447,102.443,3.75,1
14-08-2014,00:05:02.252,102.446,102.441,1,7.69
14-08-2014,00:05:02.878,102.446,102.441,1,5.82
14-08-2014,00:05:03.392,102.446,102.442,1.25,1.25
14-08-2014,00:05:03.956,102.446,102.441,1,6.57
14-08-2014,00:05:05.344,102.446,102.442,1.25,1.25
14-08-2014,00:05:09.384,102.447,102.442,1.69,6.19
14-08-2014,00:05:09.902,102.448,102.444,2.44,1.13
14-08-2014,00:05:10.420,102.448,102.445,1,2.25
14-08-2014,00:05:11.080,102.448,102.445,1,3.19
14-08-2014,00:05:13.046,102.448,102.445,1,2.25
14-08-2014,00:05:14.756,102.448,102.444,1.5,2.44
14-08-2014,00:05:15.813,102.448,102.445,1.5,1
14-08-2014,00:05:16.284,102.451,102.448,3.94,3.75
14-08-2014,00:05:16.804,102.45,102.447,1,1.25
14-08-2014,00:05:18.759,102.45,102.446,1,9
14-08-2014,00:05:19.268,102.45,102.447,1,1.25
14-08-2014,00:05:23.398,102.449,102.447,1,1.25
14-08-2014,00:05:23.823,102.451,102.448,1,3.94
14-08-2014,00:05:24.327,102.45,102.448,1,3.19
14-08-2014,00:05:24.861,102.45,102.447,1,2.07
14-08-2014,00:05:25.676,102.45,102.448,1,1.69
14-08-2014,00:05:25.828,102.453,102.449,3.19,1.25
14-08-2014,00:05:26.349,102.453,102.45,1.25,1
14-08-2014,00:05:26.853,102.452,102.45,1,1.25
14-08-2014,00:05:27.383,102.453,102.45,1,1.25
14-08-2014,00:05:28.098,102.452,102.45,1,1.69
14-08-2014,00:05:28.755,102.454,102.45,1.25,1.69
14-08-2014,00:05:29.338,102.454,102.45,1.5,2.44
14-08-2014,00:05:29.897,102.454,102.45,2.5,1
14-08-2014,00:05:30.405,102.454,102.45,1,1
14-08-2014,00:05:31.309,102.454,102.45,1,1
14-08-2014,00:05:44.458,102.454,102.45,2.44,5.25
14-08-2014,00:05:47.270,102.453,102.45,1,4.5
14-08-2014,00:05:51.293,102.453,102.451,2.44,3.75
14-08-2014,00:05:56.552,102.453,102.45,1,4.5
14-08-2014,00:05:57.062,102.453,102.451,1,4.5
14-08-2014,00:06:09.536,102.454,102.451,2.44,4.5
14-08-2014,00:06:12.324,102.453,102.451,1.25,4.5
14-08-2014,00:06:14.411,102.454,102.451,1.69,4.5
14-08-2014,00:06:15.840,102.453,102.451,1,4.5
14-08-2014,00:06:16.608,102.453,102.451,1,4.5
14-08-2014,00:06:16.872,102.454,102.451,1.69,4.5
14-08-2014,00:06:17.385,102.453,102.451,1,4.5
14-08-2014,00:06:18.511,102.454,102.451,1.69,4.5
14-08-2014,00:06:19.836,102.455,102.453,1,1
14-08-2014,00:06:19.938,102.457,102.454,1.25,1
14-08-2014,00:06:20.443,102.458,102.456,2.25,1
14-08-2014,00:06:20.746,102.461,102.459,1.25,3.75
14-08-2014,00:06:21.250,102.462,102.46,1.69,1
14-08-2014,00:06:21.755,102.462,102.459,1.69,2.25
14-08-2014,00:06:22.360,102.461,102.459,1,1.69
14-08-2014,00:06:22.461,102.463,102.459,3.19,1.69
14-08-2014,00:06:23.576,102.462,102.459,1,2.44
14-08-2014,00:06:24.081,102.463,102.459,1.69,2.44
14-08-2014,00:06:24.585,102.462,102.459,1,1.25
14-08-2014,00:06:25.099,102.462,102.459,1,1.69
14-08-2014,00:06:27.311,102.461,102.459,1,3
14-08-2014,00:06:27.563,102.46,102.458,1,1
14-08-2014,00:06:28.081,102.46,102.456,1,2.44
14-08-2014,00:06:28.283,102.458,102.456,1,2.44
14-08-2014,00:06:29.637,102.459,102.456,1,1
14-08-2014,00:06:30.141,102.46,102.457,1,1
14-08-2014,00:06:30.803,102.459,102.456,1,1.69
14-08-2014,00:06:31.268,102.458,102.455,1,1.5
14-08-2014,00:06:31.835,102.457,102.455,1,1
14-08-2014,00:06:32.498,102.457,102.455,1,6
14-08-2014,00:06:33.002,102.458,102.454,1.5,1.5
14-08-2014,00:06:33.355,102.456,102.454,1,1.5
14-08-2014,00:06:44.656,102.456,102.453,1.5,1
14-08-2014,00:06:48.431,102.455,102.453,1,1.25
14-08-2014,00:06:48.800,102.454,102.451,1,1.69
14-08-2014,00:06:56.388,102.453,102.45,1,1.69
14-08-2014,00:06:58.276,102.452,102.45,1,1.69
14-08-2014,00:06:59.548,102.452,102.448,1.69,2.44
14-08-2014,00:07:00.506,102.45,102.448,1,1.25
14-08-2014,00:07:01.035,102.45,102.447,1,1.25
14-08-2014,00:07:01.590,102.45,102.446,1,3.94
14-08-2014,00:07:02.822,102.45,102.447,1,1
14-08-2014,00:07:04.877,102.45,102.448,1,1
14-08-2014,00:07:06.454,102.45,102.447,1,1.5
14-08-2014,00:07:06.984,102.45,102.447,1,2.44
14-08-2014,00:07:07.984,102.45,102.447,1,2.44
14-08-2014,00:07:08.534,102.449,102.447,1,1.69
14-08-2014,00:07:09.061,102.448,102.447,1,1.25
14-08-2014,00:07:09.584,102.449,102.446,1,2.44
14-08-2014,00:07:11.465,102.449,102.447,1,1
14-08-2014,00:07:12.847,102.45,102.447,2.44,1
14-08-2014,00:07:13.365,102.452,102.448,3.94,2.25
14-08-2014,00:07:14.088,102.452,102.448,3.19,2.44
14-08-2014,00:07:15.272,102.452,102.449,1,1
14-08-2014,00:07:15.525,102.454,102.45,1.69,2.44
14-08-2014,00:07:16.030,102.454,102.451,1.25,1
14-08-2014,00:07:30.828,102.454,102.451,1,2.44
14-08-2014,00:07:33.156,102.454,102.451,1,1.69
14-08-2014,00:07:33.667,102.454,102.452,1,1
14-08-2014,00:07:34.184,102.454,102.451,1,1.69
14-08-2014,00:07:35.290,102.454,102.452,1,1
14-08-2014,00:07:36.196,102.455,102.452,2.25,1.5
14-08-2014,00:07:41.332,102.456,102.453,1,1.5
14-08-2014,00:07:45.413,102.456,102.454,1.25,1
14-08-2014,00:07:45.918,102.456,102.453,1.25,1.5
14-08-2014,00:07:51.428,102.456,102.454,1.25,1
14-08-2014,00:07:51.946,102.456,102.453,1.25,2.25
14-08-2014,00:07:52.858,102.456,102.454,1,1
14-08-2014,00:07:59.038,102.457,102.455,1.5,1.5
14-08-2014,00:07:59.542,102.458,102.456,1,2.44
14-08-2014,00:08:02.118,102.46,102.456,1,2.25
14-08-2014,00:08:17.176,102.46,102.457,1,1
14-08-2014,00:08:17.680,102.46,102.456,1,1.69
14-08-2014,00:08:19.183,102.461,102.457,1.88,1
14-08-2014,00:08:19.687,102.461,102.458,1.69,1.5
14-08-2014,00:08:23.796,102.461,102.459,1.5,1
14-08-2014,00:08:24.300,102.462,102.459,1,1.25
14-08-2014,00:08:24.827,102.462,102.458,1.25,4.69
14-08-2014,00:08:27.300,102.463,102.46,1.69,1
14-08-2014,00:08:27.803,102.463,102.46,1.25,1
14-08-2014,00:08:37.017,102.464,102.46,2.25,1
14-08-2014,00:08:37.878,102.464,102.461,2.44,1
14-08-2014,00:08:38.382,102.465,102.461,1.69,3.94
14-08-2014,00:08:41.001,102.465,102.462,1,1.25
14-08-2014,00:08:47.827,102.465,102.461,1,2.63
14-08-2014,00:08:48.790,102.465,102.461,1,6.01
14-08-2014,00:08:48.992,102.468,102.462,3.94,8.07
14-08-2014,00:08:49.093,102.468,102.463,3.94,6.44
14-08-2014,00:08:49.612,102.469,102.464,5.25,3.07
14-08-2014,00:08:49.915,102.466,102.464,1,1
14-08-2014,00:08:52.541,102.466,102.464,1,1
14-08-2014,00:08:53.735,102.467,102.464,1.69,1
14-08-2014,00:08:59.293,102.467,102.465,1.69,1
14-08-2014,00:08:59.444,102.472,102.468,3.19,1.69
14-08-2014,00:08:59.696,102.47,102.468,1,3.19
14-08-2014,00:08:59.999,102.472,102.468,2.44,1.69
14-08-2014,00:09:00.503,102.472,102.469,1.69,1
14-08-2014,00:09:01.011,102.472,102.468,1.69,2.82
14-08-2014,00:09:01.525,102.472,102.468,1.5,4.32
14-08-2014,00:09:06.369,102.472,102.468,1.69,3.94
14-08-2014,00:09:07.137,102.472,102.468,1.25,8.69
14-08-2014,00:09:07.640,102.472,102.47,1,1
14-08-2014,00:09:08.877,102.472,102.469,1.5,1
14-08-2014,00:09:09.382,102.473,102.469,2.25,1
14-08-2014,00:09:10.709,102.473,102.47,2.25,3.75
14-08-2014,00:09:11.901,102.473,102.471,1.69,3.75
14-08-2014,00:09:12.406,102.474,102.471,1.25,4.5
14-08-2014,00:09:16.507,102.474,102.472,1,3.75
14-08-2014,00:09:17.876,102.474,102.471,1,4.69
14-08-2014,00:09:20.529,102.472,102.471,1,4.5
14-08-2014,00:09:20.680,102.474,102.471,2.25,4.5
14-08-2014,00:09:25.879,102.475,102.472,3.19,1
14-08-2014,00:09:26.182,102.476,102.474,1.25,1
14-08-2014,00:09:26.333,102.478,102.476,1.5,1.5
14-08-2014,00:09:26.485,102.48,102.477,1.5,1
14-08-2014,00:09:26.989,102.479,102.476,1,1
14-08-2014,00:09:29.693,102.478,102.476,1,1
14-08-2014,00:09:30.222,102.478,102.477,1,1.5
14-08-2014,00:09:30.877,102.478,102.475,1,6.94
14-08-2014,00:09:31.381,102.478,102.476,1,3.75
14-08-2014,00:09:35.896,102.478,102.477,1,1
14-08-2014,00:09:39.915,102.48,102.477,1,1.69
14-08-2014,00:09:40.772,102.479,102.477,1,1.69
14-08-2014,00:09:41.275,102.479,102.477,1,1.69
14-08-2014,00:09:41.813,102.479,102.477,1,1.69
14-08-2014,00:09:42.892,102.479,102.477,1,1.69
14-08-2014,00:09:49.047,102.481,102.477,8.82,1
14-08-2014,00:09:50.630,102.479,102.476,1,5.44
14-08-2014,00:09:51.134,102.478,102.475,1,5.44
14-08-2014,00:09:51.756,102.477,102.475,1,5.44
14-08-2014,00:09:52.321,102.478,102.475,1,5.44
14-08-2014,00:09:52.855,102.478,102.476,1,6.19
14-08-2014,00:09:56.143,102.478,102.477,1,1
14-08-2014,00:09:56.647,102.479,102.477,2.25,1
14-08-2014,00:09:57.187,102.478,102.477,1,1
14-08-2014,00:09:57.709,102.479,102.476,1,6.19
14-08-2014,00:09:58.213,102.479,102.476,1,6.19
14-08-2014,00:09:59.951,102.478,102.476,1,4.69
14-08-2014,00:10:00.459,102.477,102.475,1,5.44
14-08-2014,00:10:00.965,102.478,102.475,1.5,5.44
14-08-2014,00:10:01.474,102.479,102.476,1.5,1.5
14-08-2014,00:10:05.244,102.479,102.477,1,1.5
14-08-2014,00:10:09.839,102.481,102.477,2.82,6.19
14-08-2014,00:10:09.990,102.481,102.479,2.25,4.88
14-08-2014,00:10:11.175,102.481,102.478,1,1.25
14-08-2014,00:10:14.069,102.481,102.478,1,1.19
14-08-2014,00:10:18.206,102.481,102.478,1.5,1.25
14-08-2014,00:10:18.715,102.48,102.478,1,1.25
14-08-2014,00:10:19.478,102.48,102.477,1,1.69
14-08-2014,00:10:21.825,102.478,102.477,1,1.69
14-08-2014,00:10:21.926,102.48,102.477,1.13,1.69
14-08-2014,00:10:22.178,102.478,102.477,1,1.69
14-08-2014,00:10:25.547,102.479,102.477,1,1.69
14-08-2014,00:10:27.081,102.479,102.478,1,1
14-08-2014,00:10:27.705,102.479,102.477,1.13,1
14-08-2014,00:10:28.209,102.479,102.478,1,1
14-08-2014,00:10:32.867,102.479,102.477,2.5,1.25
14-08-2014,00:10:32.968,102.478,102.476,1.5,1.25
14-08-2014,00:10:33.472,102.479,102.475,1.25,8.07
14-08-2014,00:10:33.826,102.479,102.477,1,1.25
14-08-2014,00:10:34.028,102.481,102.477,7.32,1.25
14-08-2014,00:10:34.532,102.481,102.477,1.5,6.19
14-08-2014,00:10:35.036,102.482,102.478,3.94,1.25
14-08-2014,00:10:38.319,102.48,102.478,1,1.69
14-08-2014,00:10:38.520,102.483,102.479,3.57,1.5
14-08-2014,00:10:39.025,102.483,102.479,2.82,1.69
14-08-2014,00:10:39.277,102.481,102.479,1,1.69
14-08-2014,00:10:39.784,102.481,102.478,1,3.19
14-08-2014,00:10:44.561,102.481,102.477,2.07,2.44
14-08-2014,00:10:45.015,102.479,102.475,1,6.57
14-08-2014,00:10:45.468,102.479,102.477,1,1
14-08-2014,00:10:45.569,102.481,102.477,3.57,1.69
14-08-2014,00:10:48.149,102.481,102.478,2.25,3.75
14-08-2014,00:10:48.250,102.481,102.479,1,3.75
14-08-2014,00:10:48.351,102.483,102.48,2.44,4.5
14-08-2014,00:10:50.724,102.484,102.48,1.88,2.25
14-08-2014,00:10:51.250,102.484,102.48,1,3.94
14-08-2014,00:10:52.932,102.485,102.48,3.19,3.94
14-08-2014,00:10:54.471,102.484,102.48,1.5,3.57
14-08-2014,00:10:54.974,102.484,102.48,5.25,2.25
14-08-2014,00:10:56.836,102.484,102.48,5.44,2.25
14-08-2014,00:10:58.438,102.483,102.479,1.25,3.57
14-08-2014,00:11:01.629,102.483,102.48,1.25,1
14-08-2014,00:11:01.881,102.484,102.482,5.25,1
14-08-2014,00:11:03.604,102.484,102.48,5.25,3
14-08-2014,00:11:05.368,102.484,102.48,5.25,3.94
14-08-2014,00:11:05.918,102.483,102.48,4.5,1.25
14-08-2014,00:11:06.422,102.482,102.48,1,1.25
14-08-2014,00:11:06.930,102.482,102.481,1,1.5
14-08-2014,00:11:07.435,102.483,102.482,1,1
14-08-2014,00:11:07.953,102.484,102.482,1,1
14-08-2014,00:11:09.019,102.484,102.481,3.75,2.25
14-08-2014,00:11:09.524,102.484,102.482,3.75,1
14-08-2014,00:11:12.362,102.485,102.482,1,1.5
14-08-2014,00:11:18.775,102.486,102.483,1,2.44
14-08-2014,00:11:19.284,102.487,102.484,1,6.94
14-08-2014,00:11:21.424,102.486,102.484,1,6.75
14-08-2014,00:11:31.651,102.488,102.484,1,3
14-08-2014,00:11:34.844,102.487,102.484,1,7.69
14-08-2014,00:11:37.406,102.486,102.484,1,7.69
14-08-2014,00:11:39.136,102.487,102.484,1,7.69
14-08-2014,00:11:48.070,102.488,102.484,1.25,6.19
14-08-2014,00:11:53.349,102.488,102.485,1,1.69
14-08-2014,00:11:58.352,102.488,102.484,1.5,1.5
14-08-2014,00:12:06.792,102.486,102.483,1,4.69
14-08-2014,00:12:07.312,102.486,102.483,1,3.94
14-08-2014,00:12:07.840,102.485,102.483,1,3.94
14-08-2014,00:12:10.342,102.484,102.482,1,1.69
14-08-2014,00:12:10.443,102.483,102.481,2.25,1
14-08-2014,00:12:10.645,102.482,102.478,1,7.69
14-08-2014,00:12:11.164,102.48,102.478,1,6.19
14-08-2014,00:12:12.603,102.48,102.478,1,5.25
14-08-2014,00:12:13.108,102.479,102.477,1,1
14-08-2014,00:12:19.796,102.479,102.476,1.69,1.5
14-08-2014,00:12:20.907,102.478,102.476,1,1
14-08-2014,00:12:21.900,102.478,102.477,1,1
14-08-2014,00:12:23.881,102.48,102.477,1.5,1.5
14-08-2014,00:12:29.440,102.48,102.477,1,2.44
14-08-2014,00:12:29.491,102.481,102.479,1,1
14-08-2014,00:12:29.542,102.482,102.48,1.88,1
14-08-2014,00:12:30.046,102.482,102.478,2.63,5.44
14-08-2014,00:12:35.056,102.481,102.478,4.5,2.44
14-08-2014,00:12:35.157,102.48,102.477,1,1.69
14-08-2014,00:12:39.845,102.479,102.477,3,1.25
14-08-2014,00:12:40.047,102.478,102.475,1,1.25
14-08-2014,00:12:43.127,102.477,102.474,1.5,1.69
14-08-2014,00:12:43.668,102.477,102.472,4.69,6.94
14-08-2014,00:12:44.554,102.476,102.472,1,6.19
14-08-2014,00:12:45.726,102.477,102.472,9.19,3.57
14-08-2014,00:12:50.573,102.477,102.472,8.44,7.32
14-08-2014,00:12:51.492,102.477,102.473,4.69,3.75
14-08-2014,00:12:52.027,102.477,102.473,4.69,3.94
14-08-2014,00:12:53.928,102.477,102.474,2.44,1
14-08-2014,00:13:00.789,102.478,102.474,3.19,1.25
14-08-2014,00:13:02.163,102.478,102.475,3.19,1
14-08-2014,00:13:03.405,102.477,102.475,1,1
14-08-2014,00:13:09.788,102.476,102.475,1,1
14-08-2014,00:13:11.210,102.477,102.475,2.25,1
14-08-2014,00:13:13.011,102.476,102.475,1,1
14-08-2014,00:13:13.674,102.476,102.474,1,1
14-08-2014,00:13:19.384,102.476,102.475,1,1
14-08-2014,00:13:23.945,102.477,102.475,3,1
14-08-2014,00:13:24.046,102.476,102.473,1,4.5
14-08-2014,00:13:29.970,102.475,102.473,1,4.69
14-08-2014,00:13:35.770,102.476,102.473,1,1.25
14-08-2014,00:13:37.162,102.474,102.472,1.5,4.69
14-08-2014,00:13:37.524,102.474,102.471,3,1.25
14-08-2014,00:13:37.625,102.472,102.47,1,5.07
14-08-2014,00:13:39.728,102.471,102.47,1,1.25
14-08-2014,00:13:39.880,102.471,102.468,1,1.69
14-08-2014,00:13:39.981,102.468,102.466,1,1
14-08-2014,00:13:40.284,102.466,102.464,1.5,1.25
14-08-2014,00:13:40.812,102.466,102.463,1.5,1.69
14-08-2014,00:13:43.580,102.465,102.463,1,1
14-08-2014,00:13:44.096,102.466,102.463,1.69,1
14-08-2014,00:13:44.953,102.466,102.465,1.5,1
14-08-2014,00:13:45.106,102.469,102.466,1.5,1
14-08-2014,00:13:45.157,102.47,102.468,1,1
14-08-2014,00:13:45.308,102.471,102.468,2.63,1
14-08-2014,00:13:45.919,102.471,102.468,2.25,1
14-08-2014,00:13:46.423,102.47,102.468,1,1
14-08-2014,00:13:46.928,102.471,102.468,2.25,1
14-08-2014,00:13:54.263,102.471,102.47,1.5,3.75
14-08-2014,00:13:54.364,102.473,102.471,1.25,1
14-08-2014,00:13:55.019,102.475,102.471,1.25,1
14-08-2014,00:13:55.523,102.474,102.47,1,1.5
14-08-2014,00:13:57.262,102.473,102.47,1,2.25
14-08-2014,00:13:58.347,102.475,102.47,2.44,3
14-08-2014,00:13:58.889,102.474,102.47,1.5,1.5
14-08-2014,00:14:00.270,102.473,102.47,1,1
14-08-2014,00:14:00.779,102.473,102.469,4.5,2.25
14-08-2014,00:14:02.461,102.473,102.47,1.25,1
14-08-2014,00:14:10.401,102.473,102.469,2.44,2.44
14-08-2014,00:14:10.452,102.471,102.469,1,2.44
14-08-2014,00:14:15.724,102.471,102.468,1,1.25
14-08-2014,00:14:18.289,102.471,102.469,1.69,1
14-08-2014,00:14:21.371,102.471,102.468,1,1.5
14-08-2014,00:14:22.347,102.471,102.467,1.69,2.44
14-08-2014,00:14:25.707,102.47,102.467,5.44,1
14-08-2014,00:14:25.808,102.468,102.465,2.44,1
14-08-2014,00:14:25.959,102.465,102.464,1,1.5
14-08-2014,00:14:26.472,102.465,102.463,1.5,1
14-08-2014,00:14:30.171,102.465,102.464,1,1
14-08-2014,00:14:30.739,102.466,102.463,2.07,1.5
14-08-2014,00:14:31.350,102.466,102.463,2.07,1.5
14-08-2014,00:14:32.995,102.464,102.461,1,1
14-08-2014,00:14:33.499,102.463,102.46,1.25,7.5
14-08-2014,00:14:39.441,102.463,102.46,4.69,1.5
14-08-2014,00:14:40.053,102.464,102.46,6.94,1
14-08-2014,00:14:40.595,102.463,102.459,1.25,1.25
14-08-2014,00:14:42.745,102.463,102.459,1.19,1
14-08-2014,00:14:45.662,102.462,102.458,1.25,3.19
14-08-2014,00:14:46.166,102.462,102.458,2.44,2.25
14-08-2014,00:14:50.374,102.462,102.458,2.82,2.44
14-08-2014,00:14:58.199,102.461,102.459,2.44,1
14-08-2014,00:14:58.973,102.462,102.459,5.44,1
14-08-2014,00:14:59.487,102.462,102.458,5.44,1.69
14-08-2014,00:15:00.513,102.46,102.457,1,6.57
14-08-2014,00:15:00.664,102.462,102.458,1.5,1
14-08-2014,00:15:01.319,102.462,102.459,1.5,1
14-08-2014,00:15:01.824,102.462,102.46,1,1
14-08-2014,00:15:02.332,102.462,102.458,1,6.19
14-08-2014,00:15:02.836,102.462,102.458,1,5.82
14-08-2014,00:15:03.368,102.462,102.459,1,1.5
14-08-2014,00:15:03.872,102.461,102.459,1,5.25
14-08-2014,00:15:04.407,102.462,102.459,1,5.25
14-08-2014,00:15:07.077,102.463,102.459,3.75,4.5
14-08-2014,00:15:07.592,102.463,102.46,1.5,1.5
14-08-2014,00:15:09.927,102.464,102.46,3.19,3.19
14-08-2014,00:15:10.474,102.464,102.461,3.19,3.75
14-08-2014,00:15:10.626,102.464,102.463,1,4.5
14-08-2014,00:15:10.929,102.466,102.464,1,1
14-08-2014,00:15:11.282,102.468,102.465,1.25,3.75
14-08-2014,00:15:11.383,102.469,102.467,1.5,1
14-08-2014,00:15:11.887,102.47,102.467,1,5.25
14-08-2014,00:15:13.015,102.471,102.467,2.25,6
14-08-2014,00:15:13.066,102.471,102.469,1.5,1
14-08-2014,00:15:14.319,102.472,102.469,1,1.25
14-08-2014,00:15:15.652,102.471,102.469,1,1.25
14-08-2014,00:15:15.954,102.469,102.467,1,5.44
14-08-2014,00:15:17.355,102.469,102.468,1,1
14-08-2014,00:15:19.099,102.469,102.467,1,1.25
14-08-2014,00:15:19.402,102.466,102.464,1,1.25
14-08-2014,00:15:19.907,102.465,102.463,1,4.5
14-08-2014,00:15:24.708,102.466,102.464,1,3.75
14-08-2014,00:15:24.759,102.468,102.464,3.75,5.25
14-08-2014,00:15:24.960,102.468,102.466,1,1
14-08-2014,00:15:25.464,102.469,102.467,1,1.25
14-08-2014,00:15:27.500,102.471,102.468,2.44,1
14-08-2014,00:15:36.106,102.47,102.468,1,1.32
14-08-2014,00:15:36.625,102.471,102.468,1.5,1.32
14-08-2014,00:15:38.119,102.469,102.467,1,1.69
14-08-2014,00:15:38.371,102.468,102.465,1,6.19
14-08-2014,00:15:38.875,102.467,102.464,1.5,6.19
14-08-2014,00:15:39.592,102.467,102.463,4.5,5.25
14-08-2014,00:15:41.314,102.467,102.464,3.94,4.5
14-08-2014,00:15:42.036,102.465,102.464,1,4.5
14-08-2014,00:15:43.366,102.467,102.464,3.19,5.25
14-08-2014,00:15:44.355,102.466,102.464,1,5.25
14-08-2014,00:15:47.123,102.467,102.465,1,1.88
14-08-2014,00:15:47.325,102.469,102.466,4.5,1.69
14-08-2014,00:15:47.830,102.47,102.466,3.19,5.44
14-08-2014,00:15:48.429,102.47,102.467,1,1.5
14-08-2014,00:15:48.480,102.47,102.469,1,3.75
14-08-2014,00:15:48.984,102.47,102.468,1,1
14-08-2014,00:15:49.668,102.471,102.468,1,1.69
14-08-2014,00:15:50.555,102.472,102.468,1.69,2.44
14-08-2014,00:15:53.331,102.47,102.468,1,5.44
14-08-2014,00:15:54.954,102.47,102.469,1.5,1
14-08-2014,00:15:55.206,102.469,102.467,1,3.75
14-08-2014,00:15:57.371,102.469,102.466,1,8.44
14-08-2014,00:15:57.826,102.467,102.465,1,6.94
14-08-2014,00:15:58.129,102.466,102.463,1,3
14-08-2014,00:15:58.653,102.466,102.464,1,1
14-08-2014,00:15:59.171,102.467,102.465,1.25,1.5
14-08-2014,00:15:59.685,102.469,102.465,1.69,5.25
14-08-2014,00:16:00.356,102.469,102.465,1.69,5.44
14-08-2014,00:16:03.388,102.468,102.465,1.5,6.19
14-08-2014,00:16:03.851,102.466,102.465,1,1
14-08-2014,00:16:04.369,102.466,102.464,1,1
14-08-2014,00:16:15.999,102.466,102.462,1,7.69
14-08-2014,00:16:18.340,102.466,102.464,1.25,1
14-08-2014,00:16:22.658,102.465,102.464,1,1
14-08-2014,00:16:23.163,102.465,102.462,1,3
14-08-2014,00:16:24.949,102.464,102.462,1,1
14-08-2014,00:16:25.050,102.463,102.46,4.5,3.19
14-08-2014,00:16:25.201,102.461,102.46,1,1.5
14-08-2014,00:16:25.705,102.461,102.459,1,2.44
14-08-2014,00:16:26.598,102.462,102.459,1,2.44
14-08-2014,00:16:40.459,102.461,102.459,1,1.69
14-08-2014,00:16:43.192,102.461,102.459,1,1.5
14-08-2014,00:16:46.357,102.46,102.459,1,1
14-08-2014,00:16:46.900,102.461,102.459,1,1
14-08-2014,00:16:53.164,102.46,102.459,1,1
14-08-2014,00:16:53.690,102.46,102.458,1,1.69
14-08-2014,00:17:02.333,102.46,102.457,1,1.5
14-08-2014,00:17:06.296,102.46,102.457,1,2.44
14-08-2014,00:17:09.617,102.46,102.457,1,6
14-08-2014,00:17:13.151,102.461,102.457,1.5,2.44
14-08-2014,00:17:14.016,102.461,102.458,1.5,1.25
14-08-2014,00:17:33.561,102.462,102.457,3.94,6.19
14-08-2014,00:17:58.232,102.462,102.459,1,1.25
14-08-2014,00:17:59.434,102.462,102.458,1,1.69
14-08-2014,00:18:12.746,102.463,102.458,7.5,5.44
14-08-2014,00:18:14.048,102.461,102.458,1,5.44
14-08-2014,00:18:14.586,102.462,102.458,2.25,5.44
14-08-2014,00:18:19.346,102.462,102.458,2.25,6.19
14-08-2014,00:18:22.283,102.462,102.458,2.44,6.19
14-08-2014,00:18:24.404,102.461,102.458,1,5.44
14-08-2014,00:18:29.985,102.46,102.458,3.75,1
14-08-2014,00:18:30.036,102.46,102.456,3.75,3.75
14-08-2014,00:18:34.840,102.459,102.456,1,4.69
14-08-2014,00:18:35.354,102.46,102.456,5.44,6.94
14-08-2014,00:18:48.322,102.46,102.456,1.5,3.19
14-08-2014,00:18:50.487,102.46,102.456,1.5,3.19
14-08-2014,00:18:56.103,102.46,102.457,1,1
14-08-2014,00:18:56.304,102.461,102.459,1.5,1
14-08-2014,00:18:59.532,102.463,102.459,3.19,3.19
14-08-2014,00:19:00.245,102.461,102.459,1,3.19
14-08-2014,00:19:00.863,102.462,102.459,1,3.19
14-08-2014,00:19:14.448,102.463,102.459,1.5,3
14-08-2014,00:19:17.399,102.462,102.459,1,3
14-08-2014,00:19:27.456,102.462,102.459,1,3.94
14-08-2014,00:19:27.657,102.467,102.464,1.5,1.5
14-08-2014,00:19:27.860,102.467,102.466,1,1
14-08-2014,00:19:27.911,102.469,102.466,1.25,1
14-08-2014,00:19:28.785,102.47,102.466,3.19,1.25
14-08-2014,00:19:29.298,102.469,102.466,1,1.25
14-08-2014,00:19:32.177,102.469,102.465,1,6
14-08-2014,00:19:36.198,102.467,102.465,1,1.13
14-08-2014,00:19:36.500,102.467,102.463,1.69,1.25
14-08-2014,00:19:38.429,102.466,102.463,1,1.25
14-08-2014,00:19:38.944,102.465,102.463,1,1.25
14-08-2014,00:19:41.393,102.467,102.463,1.69,1.25
14-08-2014,00:19:41.951,102.466,102.463,1,1.25
14-08-2014,00:19:45.662,102.465,102.463,1,2.82
14-08-2014,00:19:51.487,102.467,102.463,1.25,2.82
14-08-2014,00:19:55.717,102.467,102.464,1,1
14-08-2014,00:19:55.819,102.467,102.465,1,2.44
14-08-2014,00:19:56.122,102.469,102.467,2.25,1
14-08-2014,00:19:57.079,102.471,102.468,3.19,3.75
14-08-2014,00:19:57.231,102.471,102.47,1,1
14-08-2014,00:19:57.332,102.473,102.47,1.5,1.69
14-08-2014,00:19:58.638,102.471,102.47,1,1
14-08-2014,00:19:59.155,102.472,102.469,1,2.44
14-08-2014,00:20:00.237,102.471,102.468,1,5.25
14-08-2014,00:20:00.752,102.471,102.469,1,1
14-08-2014,00:20:41.076,102.473,102.469,3.94,1
14-08-2014,00:20:47.651,102.473,102.469,3.19,1
14-08-2014,00:20:54.095,102.473,102.47,1.69,1
14-08-2014,00:20:54.622,102.472,102.47,1,1
14-08-2014,00:20:55.319,102.473,102.47,1.25,1
14-08-2014,00:21:06.377,102.473,102.47,6.19,1
14-08-2014,00:21:12.433,102.473,102.47,1.5,2.44
14-08-2014,00:21:19.065,102.472,102.47,1,1.5
14-08-2014,00:21:35.146,102.473,102.47,2.44,1
14-08-2014,00:21:35.549,102.471,102.47,1,1
14-08-2014,00:21:38.959,102.473,102.47,1.69,1
14-08-2014,00:21:39.060,102.471,102.47,1,1
14-08-2014,00:21:39.312,102.473,102.47,1.69,1
14-08-2014,00:21:39.615,102.471,102.47,1,1
14-08-2014,00:21:41.046,102.473,102.47,5.44,1
14-08-2014,00:21:43.970,102.473,102.471,5.44,1
14-08-2014,00:21:44.328,102.471,102.47,4.5,1.5
14-08-2014,00:21:44.429,102.471,102.469,5.25,1
14-08-2014,00:21:48.363,102.472,102.469,3.75,1.5
14-08-2014,00:21:50.301,102.473,102.47,1.69,1
14-08-2014,00:21:50.807,102.473,102.471,1.25,1
14-08-2014,00:21:56.270,102.472,102.471,1.25,1
14-08-2014,00:21:56.371,102.471,102.468,1,1.25
14-08-2014,00:21:59.036,102.47,102.468,1,1
14-08-2014,00:22:02.403,102.47,102.467,5.44,1
14-08-2014,00:22:02.605,102.468,102.466,1,1
14-08-2014,00:22:02.807,102.467,102.464,1,3.94
14-08-2014,00:22:03.902,102.467,102.464,3.94,1
14-08-2014,00:22:04.160,102.467,102.462,3.94,8.44
14-08-2014,00:22:04.917,102.466,102.464,1,1
14-08-2014,00:22:05.421,102.466,102.463,1,1
14-08-2014,00:22:05.790,102.467,102.465,1.5,1.5
14-08-2014,00:22:06.043,102.469,102.466,6.19,1
14-08-2014,00:22:06.548,102.468,102.466,1,1
14-08-2014,00:22:08.207,102.469,102.466,5.25,1
14-08-2014,00:22:08.548,102.469,102.466,6.19,1
14-08-2014,00:22:08.700,102.473,102.47,1.5,2.44
14-08-2014,00:22:09.204,102.475,102.471,6.94,1
14-08-2014,00:22:09.708,102.475,102.471,6.94,1.25
14-08-2014,00:22:09.966,102.473,102.471,1,1.25
14-08-2014,00:22:11.078,102.472,102.471,3.75,1.25
14-08-2014,00:22:11.229,102.472,102.469,4.69,2.25
14-08-2014,00:22:11.733,102.472,102.467,6,7.13
14-08-2014,00:22:12.237,102.472,102.468,6.19,1.69
14-08-2014,00:22:16.611,102.47,102.468,1,6.94
14-08-2014,00:22:24.201,102.47,102.467,1,6.75
14-08-2014,00:22:24.760,102.47,102.467,1,7.69
14-08-2014,00:22:44.862,102.47,102.467,1,5.44
14-08-2014,00:22:45.378,102.469,102.467,1,5.44
14-08-2014,00:22:45.937,102.469,102.467,1,5.44
14-08-2014,00:22:46.139,102.468,102.465,3.75,1
14-08-2014,00:22:46.290,102.465,102.464,1.5,1
14-08-2014,00:22:46.810,102.465,102.463,1,3.19
14-08-2014,00:22:49.942,102.466,102.464,1,1
14-08-2014,00:22:50.446,102.465,102.463,1,1
14-08-2014,00:23:07.154,102.465,102.464,1,1
14-08-2014,00:23:16.300,102.467,102.464,2.44,1
14-08-2014,00:23:19.705,102.467,102.465,1.5,1.13
14-08-2014,00:23:20.068,102.469,102.467,1.69,1
14-08-2014,00:23:20.783,102.469,102.467,1,1
14-08-2014,00:23:25.454,102.47,102.467,1,1
14-08-2014,00:23:26.062,102.471,102.468,1.5,1
14-08-2014,00:23:26.579,102.473,102.469,3.57,1.5
14-08-2014,00:23:27.194,102.473,102.469,1.88,1.5
14-08-2014,00:23:31.402,102.473,102.468,3.94,6
14-08-2014,00:23:35.759,102.473,102.468,3.94,5.44
14-08-2014,00:23:39.403,102.473,102.469,1.69,6
14-08-2014,00:23:51.496,102.473,102.469,1.5,6.57
14-08-2014,00:23:57.905,102.473,102.469,2.25,5.63
14-08-2014,00:24:03.451,102.471,102.469,1,4.69
14-08-2014,00:24:03.553,102.471,102.467,1.69,8.44
14-08-2014,00:24:04.073,102.47,102.467,4.5,1.25
14-08-2014,00:24:04.586,102.47,102.468,1,1
14-08-2014,00:24:20.310,102.472,102.468,1,6
14-08-2014,00:24:32.962,102.472,102.468,6.19,3
14-08-2014,00:24:40.418,102.472,102.468,3.19,2.44
14-08-2014,00:24:40.926,102.472,102.469,2.44,1
14-08-2014,00:25:01.150,102.472,102.468,1.69,3.94
14-08-2014,00:25:11.071,102.472,102.469,1.5,1
14-08-2014,00:25:46.694,102.471,102.469,1,1
14-08-2014,00:25:47.566,102.47,102.469,1,1
14-08-2014,00:25:48.575,102.472,102.469,1.5,1
14-08-2014,00:25:50.891,102.471,102.469,1,1
14-08-2014,00:25:54.744,102.472,102.469,2.25,1.25
14-08-2014,00:25:55.253,102.472,102.468,1.5,5.44
14-08-2014,00:26:02.241,102.471,102.468,1,3.19
14-08-2014,00:26:22.159,102.472,102.468,3.19,3.19
14-08-2014,00:26:22.930,102.471,102.468,1.25,1
14-08-2014,00:26:23.884,102.472,102.468,2.44,1
14-08-2014,00:26:28.481,102.471,102.467,1.5,6.19
14-08-2014,00:26:28.582,102.468,102.466,1,1
14-08-2014,00:26:28.683,102.467,102.464,1,2.44
14-08-2014,00:26:29.136,102.466,102.462,1.5,4.5
14-08-2014,00:26:29.668,102.465,102.462,1,3.75
14-08-2014,00:26:35.156,102.465,102.461,1.5,6.19
14-08-2014,00:26:38.635,102.465,102.461,1.5,6.94
14-08-2014,00:26:39.762,102.465,102.461,1,7.69
14-08-2014,00:26:41.859,102.465,102.462,1,1.25
14-08-2014,00:26:42.776,102.466,102.462,1.69,1.25
14-08-2014,00:26:42.877,102.464,102.462,1,1.25
14-08-2014,00:26:43.181,102.462,102.46,1,5.25
14-08-2014,00:26:43.232,102.464,102.46,1,6
14-08-2014,00:26:43.736,102.465,102.461,2.44,4.69
14-08-2014,00:26:43.973,102.465,102.463,1.69,1
14-08-2014,00:26:44.490,102.466,102.463,1.25,1
14-08-2014,00:26:57.405,102.466,102.462,1.69,3.19
14-08-2014,00:27:08.326,102.465,102.462,1,1
14-08-2014,00:27:08.840,102.464,102.462,1,1
14-08-2014,00:27:10.823,102.465,102.462,1,1.25
14-08-2014,00:27:11.226,102.462,102.461,1,1
14-08-2014,00:27:11.277,102.462,102.459,1.5,5.82
14-08-2014,00:27:11.781,102.461,102.458,1,1.25
14-08-2014,00:27:13.597,102.461,102.457,1,4.69
14-08-2014,00:27:14.403,102.461,102.458,1.5,1.25
14-08-2014,00:27:16.639,102.461,102.457,1.5,4.69
14-08-2014,00:27:18.457,102.461,102.458,1.25,3.75
14-08-2014,00:27:18.972,102.463,102.459,4.69,1.5
14-08-2014,00:27:20.605,102.463,102.459,3.75,1.5
14-08-2014,00:28:01.704,102.463,102.46,1.69,1
14-08-2014,00:28:02.057,102.464,102.462,1.5,1
14-08-2014,00:28:20.395,102.465,102.462,2.25,1
14-08-2014,00:28:42.250,102.464,102.462,1,1
14-08-2014,00:29:02.092,102.464,102.461,1,1.69
14-08-2014,00:29:02.604,102.465,102.461,2.44,2.44
14-08-2014,00:29:17.159,102.465,102.461,3.19,1
14-08-2014,00:29:26.307,102.463,102.46,1,1.25
14-08-2014,00:29:26.911,102.462,102.46,1,1.25
14-08-2014,00:29:27.415,102.462,102.459,1,3.19
14-08-2014,00:29:30.034,102.463,102.459,2.63,2.25
14-08-2014,00:29:30.690,102.462,102.459,1,2.25
14-08-2014,00:29:32.834,102.463,102.459,1,2.25
14-08-2014,00:29:33.550,102.463,102.459,1,3.94
14-08-2014,00:29:47.034,102.463,102.459,1,3
14-08-2014,00:29:59.943,102.462,102.459,1,3.19
14-08-2014,00:30:02.139,102.461,102.459,1,2.44
14-08-2014,00:30:16.170,102.462,102.459,2.07,1.5
14-08-2014,00:30:16.674,102.462,102.459,1.32,1.5
14-08-2014,00:30:17.178,102.463,102.459,6.94,1.5
14-08-2014,00:30:18.186,102.461,102.459,1,2.25
14-08-2014,00:30:18.287,102.463,102.459,6.94,3
14-08-2014,00:30:18.791,102.462,102.459,1,2.25
14-08-2014,00:30:19.295,102.463,102.459,7.69,1.69
14-08-2014,00:30:19.799,102.462,102.459,1,1.69
14-08-2014,00:30:20.303,102.463,102.459,3.19,2.44
14-08-2014,00:30:20.757,102.461,102.459,1,1.69
14-08-2014,00:30:21.059,102.463,102.461,1,1
14-08-2014,00:30:21.399,102.465,102.463,6.19,1
14-08-2014,00:30:41.114,102.465,102.462,4.5,1.25
14-08-2014,00:30:51.552,102.465,102.461,6.19,2.44
14-08-2014,00:31:07.893,102.464,102.46,1.25,6.94
14-08-2014,00:31:12.099,102.463,102.46,1,6.19
14-08-2014,00:31:13.051,102.463,102.46,1,6.19
14-08-2014,00:31:33.163,102.462,102.46,1,1
14-08-2014,00:31:51.772,102.462,102.459,1,2.82
14-08-2014,00:32:11.587,102.462,102.46,1,1
14-08-2014,00:32:12.582,102.462,102.459,1,3.19
14-08-2014,00:32:13.879,102.462,102.459,1,4.69
14-08-2014,00:32:14.187,102.464,102.462,1,4.69
14-08-2014,00:32:19.251,102.464,102.46,5.25,1
14-08-2014,00:32:23.245,102.462,102.46,1,4.69
14-08-2014,00:32:38.211,102.462,102.461,1,3.75
14-08-2014,00:32:39.478,102.465,102.461,3.94,3.94
14-08-2014,00:32:43.262,102.464,102.46,3.75,3.19
14-08-2014,00:32:43.715,102.462,102.459,1,2.44
14-08-2014,00:32:44.220,102.461,102.459,1,2.44
14-08-2014,00:32:44.913,102.461,102.459,1,1.5
14-08-2014,00:32:52.064,102.462,102.46,1,1
14-08-2014,00:32:52.468,102.464,102.461,1.25,4.5
14-08-2014,00:32:52.990,102.465,102.461,2.44,5.44
14-08-2014,00:32:55.087,102.465,102.461,2.25,5.44
14-08-2014,00:32:58.080,102.465,102.461,2.44,5.44
14-08-2014,00:33:09.058,102.465,102.462,1.5,1
14-08-2014,00:33:09.609,102.466,102.462,2.25,1.5
14-08-2014,00:33:10.133,102.466,102.462,1.5,3.19
14-08-2014,00:33:13.408,102.466,102.462,1.5,1.5
14-08-2014,00:33:14.434,102.466,102.462,1.5,6.19
14-08-2014,00:33:22.673,102.466,102.464,1.5,1
14-08-2014,00:33:23.645,102.467,102.464,1.25,1.5
14-08-2014,00:33:24.168,102.466,102.464,1,1
14-08-2014,00:33:33.251,102.466,102.463,1,1.69
14-08-2014,00:33:33.403,102.467,102.465,1.69,1
14-08-2014,00:33:33.554,102.468,102.466,1.5,1.5
14-08-2014,00:33:34.058,102.468,102.465,1.5,1.25
14-08-2014,00:33:34.109,102.467,102.465,1,1.25
14-08-2014,00:33:34.361,102.466,102.463,1,1.69
14-08-2014,00:33:54.826,102.466,102.462,3.94,1.69
14-08-2014,00:33:55.079,102.464,102.461,1,1.19
14-08-2014,00:33:55.129,102.463,102.46,1,4.69
14-08-2014,00:33:55.633,102.463,102.46,1,4.69
14-08-2014,00:34:12.921,102.462,102.461,1,3.75
14-08-2014,00:34:14.287,102.464,102.461,1.5,4.5
14-08-2014,00:34:44.235,102.463,102.461,1.5,1
14-08-2014,00:34:44.286,102.463,102.459,1.5,5.44
14-08-2014,00:34:44.890,102.463,102.46,1.25,1
14-08-2014,00:34:45.396,102.462,102.46,1,1
14-08-2014,00:34:45.447,102.461,102.458,1,1.5
14-08-2014,00:34:45.957,102.462,102.458,1.5,2.25
14-08-2014,00:34:48.496,102.462,102.46,1,1
14-08-2014,00:34:49.000,102.464,102.46,1.69,1.5
14-08-2014,00:34:49.543,102.464,102.46,1.25,2.44
14-08-2014,00:34:55.596,102.463,102.46,1,5.44
14-08-2014,00:35:00.838,102.464,102.46,1.5,5.25
14-08-2014,00:35:01.861,102.463,102.46,3.75,1.5
14-08-2014,00:35:02.367,102.463,102.459,1.69,7.69
14-08-2014,00:35:03.453,102.463,102.459,1,8.44
14-08-2014,00:35:05.831,102.464,102.46,2.44,3.94
14-08-2014,00:35:20.418,102.463,102.46,1,1.25
14-08-2014,00:35:20.926,102.462,102.459,3.75,1.69
14-08-2014,00:35:21.429,102.461,102.458,1,1
14-08-2014,00:35:22.257,102.462,102.458,5.25,1
14-08-2014,00:35:25.686,102.461,102.458,2.44,1
14-08-2014,00:35:26.211,102.46,102.457,4.69,1
14-08-2014,00:35:26.826,102.461,102.458,3.57,1
14-08-2014,00:35:27.801,102.461,102.459,1,1.5
14-08-2014,00:35:27.902,102.463,102.459,1.25,2.44
14-08-2014,00:35:29.032,102.461,102.459,1,1.5
14-08-2014,00:35:29.547,102.461,102.458,1,1.69
14-08-2014,00:35:34.406,102.46,102.458,1,1.5
14-08-2014,00:35:45.856,102.459,102.457,1,1
14-08-2014,00:35:46.813,102.458,102.456,1,2.44
14-08-2014,00:35:48.296,102.459,102.456,1,2.44
14-08-2014,00:35:49.257,102.458,102.456,1,5.44
14-08-2014,00:35:50.019,102.458,102.455,1.5,5.44
14-08-2014,00:35:53.525,102.458,102.454,1.69,7.69
14-08-2014,00:36:02.285,102.457,102.454,3.75,2.44
14-08-2014,00:36:02.689,102.455,102.452,4.5,1.69
14-08-2014,00:36:03.664,102.455,102.45,6.94,1.69
14-08-2014,00:36:04.746,102.455,102.45,7.69,6.19
14-08-2014,00:36:05.250,102.455,102.451,6.94,1
14-08-2014,00:36:05.754,102.455,102.45,7.69,6.19
14-08-2014,00:36:06.759,102.455,102.451,6.19,1.5
14-08-2014,00:36:23.775,102.454,102.45,1.69,3.94
14-08-2014,00:36:29.216,102.454,102.451,1.69,1
14-08-2014,00:36:56.461,102.454,102.452,1,1
14-08-2014,00:37:02.530,102.455,102.452,6.94,1
14-08-2014,00:37:04.216,102.455,102.451,5.44,2.44
14-08-2014,00:37:04.727,102.454,102.451,3.75,1.69
14-08-2014,00:37:07.337,102.453,102.451,1,1.5
14-08-2014,00:37:07.941,102.453,102.45,5.25,1.69
14-08-2014,00:37:09.487,102.453,102.451,1.5,1
14-08-2014,00:37:09.997,102.454,102.451,4.69,1.5
14-08-2014,00:37:15.529,102.455,102.451,6,1.5
14-08-2014,00:37:17.639,102.454,102.451,3.75,3.19
14-08-2014,00:37:18.560,102.453,102.451,1,3.19
14-08-2014,00:37:19.780,102.454,102.451,3.75,3.19
14-08-2014,00:37:20.084,102.456,102.453,1.25,1
14-08-2014,00:37:21.064,102.457,102.453,5.44,1.25
14-08-2014,00:37:29.607,102.457,102.455,1.69,1
14-08-2014,00:37:29.859,102.462,102.457,1,6.01
14-08-2014,00:37:38.679,102.461,102.459,1,1.5
14-08-2014,00:37:38.730,102.459,102.457,1,1.5
14-08-2014,00:37:38.831,102.461,102.457,3,1.5
14-08-2014,00:37:43.769,102.461,102.457,3.19,2.25
14-08-2014,00:37:44.282,102.461,102.458,3.19,1
14-08-2014,00:37:44.792,102.461,102.458,3.19,1
14-08-2014,00:37:49.068,102.461,102.457,3.19,1.69
14-08-2014,00:37:53.665,102.461,102.457,3.19,2.25
14-08-2014,00:37:54.785,102.461,102.457,2.44,2.25
14-08-2014,00:37:58.683,102.461,102.457,2.25,6.94
14-08-2014,00:38:17.407,102.462,102.458,1.69,3.19
14-08-2014,00:38:28.187,102.463,102.459,3.57,1
14-08-2014,00:38:28.693,102.463,102.459,2.63,1
14-08-2014,00:38:32.579,102.463,102.46,1.5,1
14-08-2014,00:38:43.444,102.462,102.46,1,2.25
14-08-2014,00:38:43.949,102.463,102.46,1.69,2.25
14-08-2014,00:39:22.287,102.461,102.46,1.5,1.25
14-08-2014,00:39:22.791,102.46,102.458,1,1.69
14-08-2014,00:39:23.368,102.46,102.458,1,1.25
14-08-2014,00:39:27.981,102.46,102.459,1,1
14-08-2014,00:39:28.485,102.46,102.458,1,1.69
14-08-2014,00:39:32.363,102.46,102.457,1,5.44
14-08-2014,00:39:33.961,102.46,102.457,1,6.19
14-08-2014,00:39:34.991,102.46,102.459,1,1
14-08-2014,00:39:35.495,102.461,102.458,1,2.44
14-08-2014,00:39:36.022,102.46,102.458,1,1.25
14-08-2014,00:40:04.515,102.461,102.459,1,1.69
14-08-2014,00:40:04.616,102.463,102.46,2.44,1
14-08-2014,00:40:09.192,102.461,102.459,1,2.25
14-08-2014,00:40:09.243,102.461,102.458,1,2.44
14-08-2014,00:40:11.288,102.462,102.459,1.69,3.75
14-08-2014,00:40:11.794,102.463,102.46,3.19,1
14-08-2014,00:40:14.031,102.461,102.459,1,4.69
14-08-2014,00:40:14.132,102.461,102.458,1,1.69
14-08-2014,00:40:16.536,102.46,102.459,1,1.25
14-08-2014,00:40:16.607,102.463,102.46,2.44,4.5
14-08-2014,00:40:17.123,102.464,102.46,1.88,5.25
14-08-2014,00:40:17.431,102.462,102.459,1,1.69
14-08-2014,00:40:17.532,102.462,102.46,1,1
14-08-2014,00:40:17.684,102.461,102.459,1,1.25
14-08-2014,00:40:19.141,102.46,102.458,1,1
14-08-2014,00:40:19.646,102.46,102.457,1.5,1.25
14-08-2014,00:40:32.813,102.46,102.457,1.5,1.69
14-08-2014,00:40:38.103,102.46,102.457,1.5,1.25
14-08-2014,00:40:41.983,102.46,102.457,1.5,1.69
14-08-2014,00:40:43.085,102.46,102.457,1.5,1.25
14-08-2014,00:40:47.011,102.46,102.457,1.5,1.69
14-08-2014,00:41:02.638,102.461,102.459,1,1
14-08-2014,00:41:03.144,102.46,102.458,1,2.44
14-08-2014,00:41:06.229,102.461,102.459,1,2.25
14-08-2014,00:41:06.280,102.462,102.459,1,3.19
14-08-2014,00:41:06.852,102.462,102.46,1,1.19
14-08-2014,00:41:07.053,102.464,102.46,1,4.69
14-08-2014,00:41:09.967,102.464,102.46,1,7.69
14-08-2014,00:41:13.445,102.464,102.461,1,3.75
14-08-2014,00:41:24.625,102.465,102.462,1.69,1
14-08-2014,00:42:04.232,102.464,102.462,1,1
14-08-2014,00:42:05.363,102.464,102.461,1,1.5
14-08-2014,00:42:20.853,102.465,102.461,3.19,6.19
14-08-2014,00:42:22.855,102.465,102.462,2.25,3.75
14-08-2014,00:42:28.408,102.465,102.461,1.5,6.94
14-08-2014,00:42:37.556,102.465,102.462,1.5,1
14-08-2014,00:42:38.113,102.465,102.463,1,1
14-08-2014,00:42:44.708,102.466,102.463,2.25,1
14-08-2014,00:43:04.604,102.466,102.464,1,1
14-08-2014,00:43:04.756,102.47,102.467,1.5,4.5
14-08-2014,00:43:05.008,102.47,102.469,1,3.75
14-08-2014,00:43:05.060,102.473,102.47,3.19,1
14-08-2014,00:43:05.514,102.471,102.469,1,1.69
14-08-2014,00:43:05.665,102.469,102.468,1,1
14-08-2014,00:43:06.169,102.469,102.467,1,1.25
14-08-2014,00:43:07.378,102.47,102.468,1,1
14-08-2014,00:43:09.576,102.47,102.468,1,5.44
14-08-2014,00:43:10.080,102.469,102.467,1,1.69
14-08-2014,00:43:16.639,102.471,102.467,2.25,2.25
14-08-2014,00:43:21.140,102.47,102.467,1,1.5
14-08-2014,00:43:22.535,102.47,102.469,1,1
14-08-2014,00:43:23.039,102.471,102.469,5.25,1
14-08-2014,00:43:25.560,102.471,102.468,5.25,1
14-08-2014,00:43:26.838,102.472,102.468,2.82,6.19
14-08-2014,00:43:27.191,102.472,102.47,1.32,1.5
14-08-2014,00:43:27.712,102.472,102.469,1.69,1
14-08-2014,00:43:32.661,102.472,102.468,1.25,6.94
14-08-2014,00:43:44.793,102.472,102.469,1,1
14-08-2014,00:43:49.694,102.472,102.468,1.5,6.57
14-08-2014,00:43:57.967,102.472,102.468,1.5,6.19
14-08-2014,00:44:00.607,102.472,102.468,1.5,6.19
14-08-2014,00:44:02.158,102.473,102.468,6,7.69
14-08-2014,00:44:03.327,102.473,102.468,6.94,8.44
14-08-2014,00:44:16.933,102.473,102.468,6.19,8.44
14-08-2014,00:44:18.307,102.472,102.469,1,1.32
14-08-2014,00:44:19.183,102.472,102.468,1.25,3.94
14-08-2014,00:44:20.674,102.472,102.469,1.25,3.75
14-08-2014,00:44:21.177,102.472,102.468,1.25,8.44
14-08-2014,00:44:23.905,102.472,102.469,1.25,1
14-08-2014,00:44:24.827,102.472,102.468,1.25,6.94
14-08-2014,00:44:38.797,102.47,102.467,1,3.19
14-08-2014,00:44:41.461,102.471,102.467,1.69,3.19
14-08-2014,00:44:41.764,102.473,102.469,3,3.75
14-08-2014,00:44:42.066,102.471,102.468,1,2.44
14-08-2014,00:44:44.154,102.472,102.468,2.07,1.25
14-08-2014,00:44:46.630,102.471,102.467,3.75,3.94
14-08-2014,00:44:47.603,102.471,102.467,4.69,3.94
14-08-2014,00:44:48.932,102.47,102.467,1,2.44
14-08-2014,00:44:55.014,102.47,102.468,1,3.94
14-08-2014,00:44:55.116,102.472,102.469,1.5,3.75
14-08-2014,00:44:55.671,102.472,102.468,1,4.69
14-08-2014,00:44:57.938,102.473,102.469,2.44,1.69
14-08-2014,00:44:58.444,102.473,102.47,1,5.25
14-08-2014,00:44:58.646,102.474,102.472,1,3.75
14-08-2014,00:45:00.629,102.475,102.472,1,1.25
14-08-2014,00:45:07.425,102.476,102.471,2.44,2.44
14-08-2014,00:45:07.940,102.475,102.471,1.69,2.44
14-08-2014,00:45:08.242,102.473,102.47,1,1.69
14-08-2014,00:45:08.765,102.474,102.47,1,1.69
14-08-2014,00:45:09.278,102.472,102.47,1,2.25
14-08-2014,00:45:09.380,102.474,102.468,3.75,9.19
14-08-2014,00:45:09.794,102.474,102.471,1.5,1
14-08-2014,00:45:12.207,102.471,102.468,1.5,1.69
14-08-2014,00:45:12.308,102.471,102.467,2.25,1
14-08-2014,00:45:12.819,102.47,102.467,3.75,1
14-08-2014,00:45:13.904,102.469,102.466,1,1
14-08-2014,00:45:14.257,102.467,102.464,1.69,1
14-08-2014,00:45:14.884,102.467,102.463,6.19,3.19
14-08-2014,00:45:15.187,102.472,102.469,1,3.19
14-08-2014,00:45:15.711,102.473,102.47,3.94,2.25
14-08-2014,00:45:16.225,102.473,102.469,1,1
14-08-2014,00:45:18.959,102.471,102.469,3.75,1
14-08-2014,00:45:19.161,102.471,102.466,5.44,1.5
14-08-2014,00:45:19.664,102.47,102.466,3.75,1.5
14-08-2014,00:45:21.244,102.471,102.466,6.19,1
14-08-2014,00:45:23.142,102.47,102.466,3.75,1
14-08-2014,00:45:25.957,102.467,102.466,2.25,1
14-08-2014,00:45:26.008,102.466,102.464,1.69,1.5
14-08-2014,00:45:26.058,102.464,102.459,1,1
14-08-2014,00:45:26.160,102.461,102.458,1,6.19
14-08-2014,00:45:26.664,102.462,102.458,1,2.44
14-08-2014,00:45:34.409,102.463,102.458,1.5,2.82
14-08-2014,00:45:35.065,102.462,102.458,1,3.57
14-08-2014,00:45:38.949,102.462,102.458,1,4.32
14-08-2014,00:45:42.199,102.463,102.459,1.25,6.19
14-08-2014,00:45:43.307,102.462,102.459,1,1.5
14-08-2014,00:45:43.867,102.462,102.459,1,1
14-08-2014,00:45:45.257,102.463,102.459,1.5,1
14-08-2014,00:45:47.206,102.463,102.46,1.5,1
14-08-2014,00:45:50.265,102.463,102.46,2.44,1
14-08-2014,00:45:51.335,102.462,102.458,1.69,3.57
14-08-2014,00:45:52.343,102.462,102.458,3.19,1
14-08-2014,00:45:56.252,102.462,102.458,6.94,1
14-08-2014,00:45:56.756,102.462,102.458,7.69,1
14-08-2014,00:45:58.322,102.46,102.457,1,2.44
14-08-2014,00:45:58.827,102.46,102.456,1.69,3.19
14-08-2014,00:45:59.469,102.46,102.458,1.5,1
14-08-2014,00:45:59.621,102.462,102.459,1,1.5
14-08-2014,00:46:00.560,102.462,102.458,2.44,3.19
14-08-2014,00:46:50.168,102.462,102.459,3.19,1
14-08-2014,00:46:50.683,102.461,102.459,1,2.44
14-08-2014,00:46:53.700,102.462,102.459,3.75,2.44
14-08-2014,00:46:54.204,102.461,102.458,1,1.88
14-08-2014,00:46:57.079,102.461,102.459,1,1
14-08-2014,00:46:57.583,102.461,102.458,1,3.19
14-08-2014,00:46:58.667,102.461,102.458,1,3.19
14-08-2014,00:47:01.986,102.461,102.458,1,1
14-08-2014,00:47:03.111,102.46,102.457,1.25,1
14-08-2014,00:47:14.205,102.46,102.456,2.25,1.5
14-08-2014,00:47:15.490,102.459,102.456,1,1.5
14-08-2014,00:47:15.793,102.456,102.453,1,4.69
14-08-2014,00:47:15.894,102.455,102.451,3,2.63
14-08-2014,00:47:16.398,102.455,102.452,3.19,4.5
14-08-2014,00:47:22.236,102.454,102.452,1,3.94
14-08-2014,00:47:22.901,102.455,102.451,3,3.19
14-08-2014,00:47:23.415,102.454,102.451,1,3.19
14-08-2014,00:47:24.026,102.454,102.451,1,3.19
14-08-2014,00:47:29.070,102.453,102.451,1,2.44
14-08-2014,00:47:33.559,102.453,102.452,1,2.44
14-08-2014,00:47:34.063,102.455,102.453,3,2.44
14-08-2014,00:47:34.195,102.455,102.453,3,2.44
14-08-2014,00:47:37.944,102.456,102.453,3,2.44
14-08-2014,00:47:39.369,102.456,102.454,2.25,1.25
14-08-2014,00:47:40.134,102.455,102.454,1,1.25
14-08-2014,00:47:40.660,102.455,102.453,1,1.5
14-08-2014,00:47:41.658,102.455,102.452,1,1
14-08-2014,00:47:42.170,102.454,102.451,1,1.5
14-08-2014,00:47:42.674,102.453,102.45,1.5,1.69
14-08-2014,00:47:49.985,102.453,102.449,1.5,1.25
14-08-2014,00:47:50.585,102.453,102.45,1.5,1
14-08-2014,00:47:56.266,102.452,102.45,1,1.25
14-08-2014,00:47:56.770,102.451,102.449,1.5,1.25
14-08-2014,00:48:01.504,102.451,102.448,1.5,3.19
14-08-2014,00:48:02.942,102.451,102.448,1.5,3.19
14-08-2014,00:48:03.914,102.451,102.448,1.5,1.69
14-08-2014,00:48:15.620,102.452,102.45,1.25,1
14-08-2014,00:48:16.138,102.452,102.45,1,2.25
14-08-2014,00:48:21.149,102.452,102.451,1,1
14-08-2014,00:48:21.715,102.453,102.452,1,1
14-08-2014,00:48:31.130,102.454,102.452,2.25,1
14-08-2014,00:48:31.382,102.453,102.451,1,1.25
14-08-2014,00:48:31.695,102.454,102.452,2.25,1
14-08-2014,00:48:31.899,102.453,102.451,1,1.25
14-08-2014,00:48:34.341,102.453,102.452,1,1
14-08-2014,00:48:34.851,102.454,102.452,2.25,1
14-08-2014,00:48:41.415,102.453,102.452,1,1
14-08-2014,00:48:42.224,102.453,102.451,1.5,1.25
14-08-2014,00:48:46.645,102.454,102.451,1.69,1
14-08-2014,00:48:46.948,102.452,102.451,1,1.25
14-08-2014,00:48:47.733,102.454,102.451,1.5,1.25
14-08-2014,00:48:58.865,102.453,102.451,1,1
14-08-2014,00:48:59.385,102.454,102.451,1.69,1
14-08-2014,00:49:00.868,102.453,102.451,1,1
14-08-2014,00:49:03.283,102.455,102.451,6.19,1.5
14-08-2014,00:49:03.489,102.456,102.454,3.38,1
14-08-2014,00:49:03.691,102.458,102.454,1.69,6.19
14-08-2014,00:49:03.993,102.459,102.456,3.75,1
14-08-2014,00:49:04.503,102.46,102.457,5.44,1
14-08-2014,00:49:05.170,102.459,102.455,1,5.25
14-08-2014,00:49:07.129,102.459,102.455,1,3.19
14-08-2014,00:49:08.073,102.458,102.456,3.75,1.25
14-08-2014,00:49:08.594,102.458,102.455,4.5,2.44
14-08-2014,00:49:20.875,102.458,102.455,5.44,1
14-08-2014,00:49:23.567,102.458,102.455,4.69,1
14-08-2014,00:49:25.156,102.458,102.454,5.44,2.25
14-08-2014,00:49:28.163,102.458,102.454,6.19,1.5
14-08-2014,00:49:31.877,102.458,102.456,3.75,1
14-08-2014,00:49:32.079,102.46,102.456,4.88,1
14-08-2014,00:49:32.583,102.46,102.457,4.5,1
14-08-2014,00:49:33.152,102.459,102.457,3.75,1
14-08-2014,00:49:33.656,102.459,102.456,3.75,1.69
14-08-2014,00:49:52.240,102.459,102.456,3.75,2.44
14-08-2014,00:49:54.106,102.459,102.456,3.75,2.44
14-08-2014,00:49:54.610,102.46,102.456,4.69,2.44
14-08-2014,00:50:00.696,102.462,102.459,2.25,9.25
14-08-2014,00:50:00.849,102.464,102.461,2.44,1.5
14-08-2014,00:50:03.318,102.464,102.46,1,3.75
14-08-2014,00:50:12.441,102.462,102.46,1.25,3.38
14-08-2014,00:50:12.643,102.461,102.458,3.75,1
14-08-2014,00:50:14.990,102.46,102.458,3.75,1
14-08-2014,00:50:15.847,102.462,102.459,3,1
14-08-2014,00:50:16.099,102.464,102.461,1,1
14-08-2014,00:50:17.191,102.463,102.46,3.75,3.19
14-08-2014,00:50:18.367,102.463,102.46,3.75,2.82
14-08-2014,00:50:19.036,102.463,102.461,3.75,1
14-08-2014,00:50:19.558,102.464,102.461,1.69,1
14-08-2014,00:50:33.764,102.463,102.461,3.75,1.5
14-08-2014,00:50:34.326,102.462,102.46,3.75,2.25
14-08-2014,00:50:34.835,102.463,102.46,3.75,2.25
14-08-2014,00:50:35.743,102.464,102.46,3.19,6
14-08-2014,00:50:53.100,102.464,102.461,1.5,1
14-08-2014,00:50:53.403,102.466,102.463,1.69,1
14-08-2014,00:51:00.353,102.467,102.464,5.44,1.5
14-08-2014,00:51:00.865,102.468,102.464,1.69,3.19
14-08-2014,00:51:01.904,102.468,102.465,2.44,1
14-08-2014,00:51:05.405,102.468,102.467,1,1
14-08-2014,00:51:05.585,102.47,102.467,1,1
14-08-2014,00:51:05.737,102.471,102.469,3.19,1
14-08-2014,00:51:06.241,102.472,102.469,2.25,1
14-08-2014,00:51:09.350,102.472,102.47,2.44,1
14-08-2014,00:51:09.855,102.472,102.469,1,2.44
14-08-2014,00:51:12.677,102.472,102.47,1,1
14-08-2014,00:51:17.058,102.474,102.47,6,2.25
14-08-2014,00:51:35.107,102.474,102.47,2.25,3.19
14-08-2014,00:51:39.017,102.473,102.471,1,4.69
14-08-2014,00:51:50.294,102.473,102.471,1.5,3.75
14-08-2014,00:51:57.637,102.474,102.471,1.69,5.25
14-08-2014,00:52:05.062,102.474,102.472,1,1
14-08-2014,00:52:08.290,102.474,102.471,1,6.19
14-08-2014,00:52:16.472,102.473,102.471,1,4.5
14-08-2014,00:52:26.689,102.474,102.471,1.5,4.5
14-08-2014,00:52:27.199,102.474,102.472,1.5,1
14-08-2014,00:52:31.159,102.474,102.473,1,3.75
14-08-2014,00:52:50.329,102.475,102.473,1,3.75
14-08-2014,00:53:16.287,102.476,102.473,1,4.69
14-08-2014,00:53:17.971,102.476,102.474,1.25,1
14-08-2014,00:53:20.687,102.477,102.474,3.94,1
14-08-2014,00:53:21.191,102.476,102.474,1,1
14-08-2014,00:53:21.846,102.476,102.473,1.5,1.69
14-08-2014,00:53:26.942,102.475,102.472,1.5,5.44
14-08-2014,00:53:27.728,102.474,102.472,1,4.69
14-08-2014,00:53:28.237,102.475,102.472,2.25,3.94
14-08-2014,00:53:29.940,102.474,102.472,1,3.75
14-08-2014,00:53:31.566,102.475,102.472,2.25,3.75
14-08-2014,00:53:37.071,102.475,102.473,3.19,1
14-08-2014,00:53:37.576,102.476,102.472,1,4.5
14-08-2014,00:53:40.303,102.476,102.474,1.5,1
14-08-2014,00:53:40.808,102.477,102.474,1,1
14-08-2014,00:53:44.775,102.478,102.476,1.5,1
14-08-2014,00:53:45.279,102.479,102.476,1.25,1
14-08-2014,00:53:45.783,102.48,102.477,1.69,3.75
14-08-2014,00:53:49.087,102.48,102.477,1,4.69
14-08-2014,00:53:49.465,102.483,102.479,3.19,4.69
14-08-2014,00:53:49.717,102.481,102.477,1,6.19
14-08-2014,00:53:50.239,102.481,102.479,1,4.69
14-08-2014,00:53:51.777,102.483,102.479,3,5.25
14-08-2014,00:53:52.768,102.481,102.479,1,1.5
14-08-2014,00:53:52.970,102.478,102.475,1,1.69
14-08-2014,00:53:53.948,102.479,102.475,1.5,6.19
14-08-2014,00:53:54.050,102.479,102.478,1,1
14-08-2014,00:53:54.201,102.481,102.478,1.25,1.5
14-08-2014,00:53:54.715,102.48,102.479,1,4.69
14-08-2014,00:53:55.219,102.481,102.478,1,2.44
14-08-2014,00:53:56.687,102.482,102.479,2.25,1
14-08-2014,00:53:57.192,102.481,102.478,1,1.5
14-08-2014,00:53:57.722,102.48,102.478,1,1.5
14-08-2014,00:53:58.184,102.479,102.476,1.5,1
14-08-2014,00:53:59.388,102.481,102.478,2.25,6.01
14-08-2014,00:54:11.848,102.483,102.479,3.19,4.69
14-08-2014,00:54:12.583,102.484,102.479,3,5.44
14-08-2014,00:54:13.722,102.483,102.479,1,4.69
14-08-2014,00:54:14.225,102.484,102.48,3,3.75
14-08-2014,00:54:16.206,102.484,102.481,4.69,3.75
14-08-2014,00:54:16.719,102.484,102.482,1.5,3.75
14-08-2014,00:54:18.038,102.485,102.482,2.44,3.75
14-08-2014,00:54:18.945,102.485,102.481,1.25,3.19
14-08-2014,00:54:19.449,102.484,102.481,1,1.69
14-08-2014,00:54:19.953,102.485,102.482,1.69,3.75
14-08-2014,00:54:20.356,102.485,102.484,1,1
14-08-2014,00:54:22.307,102.487,102.484,1.5,1
14-08-2014,00:54:24.243,102.488,102.485,1.5,1
14-08-2014,00:54:26.863,102.487,102.485,1,6.19
14-08-2014,00:54:27.367,102.488,102.485,1.5,6.19
14-08-2014,00:54:36.547,102.487,102.485,1,1.25
14-08-2014,00:54:37.369,102.487,102.484,1,5.63
14-08-2014,00:54:38.703,102.485,102.48,3,1.5
14-08-2014,00:54:38.753,102.484,102.481,1.5,1.13
14-08-2014,00:54:39.509,102.482,102.48,1,5.44
14-08-2014,00:54:40.050,102.482,102.48,1,4.5
14-08-2014,00:54:41.375,102.482,102.481,1,3.75
14-08-2014,00:54:42.626,102.482,102.48,1,5.25
14-08-2014,00:54:46.556,102.483,102.48,1,5.44
14-08-2014,00:54:48.877,102.483,102.481,1,4.75
14-08-2014,00:54:48.929,102.486,102.483,1.5,5.25
14-08-2014,00:54:50.510,102.486,102.483,1,3.94
14-08-2014,00:54:51.289,102.485,102.484,1,3.75
14-08-2014,00:54:51.593,102.487,102.484,2.25,3.75
14-08-2014,00:54:51.694,102.486,102.481,1.5,6.94
14-08-2014,00:54:51.744,102.484,102.481,1,6.19
14-08-2014,00:54:53.027,102.483,102.481,1,4.69
14-08-2014,00:54:53.229,102.484,102.481,1.5,4.69
14-08-2014,00:54:54.777,102.484,102.483,1.5,1
14-08-2014,00:54:54.828,102.486,102.483,1,4.88
14-08-2014,00:54:55.332,102.485,102.483,1,5.63
14-08-2014,00:54:57.278,102.484,102.483,1,1
14-08-2014,00:54:57.379,102.484,102.481,1,1
14-08-2014,00:54:57.915,102.483,102.481,1,1
14-08-2014,00:54:59.600,102.483,102.479,1,2.44
14-08-2014,00:55:00.252,102.483,102.481,1,2.25
14-08-2014,00:55:01.153,102.484,102.481,1,1.5
14-08-2014,00:55:01.660,102.485,102.481,1,1.5
14-08-2014,00:55:01.980,102.483,102.481,1,2.25
14-08-2014,00:55:02.607,102.483,102.48,1,1
14-08-2014,00:55:02.911,102.481,102.478,1,1
14-08-2014,00:55:03.012,102.48,102.476,1,1.25
14-08-2014,00:55:03.113,102.478,102.477,1,1
14-08-2014,00:55:03.567,102.478,102.475,1,1.13
14-08-2014,00:55:03.669,102.478,102.477,1,1
14-08-2014,00:55:03.770,102.478,102.475,1,1.13
14-08-2014,00:55:03.974,102.478,102.477,1,1
14-08-2014,00:55:04.126,102.482,102.478,1.5,1.5
14-08-2014,00:55:04.227,102.482,102.48,1,1
14-08-2014,00:55:04.479,102.481,102.478,3.75,1
14-08-2014,00:55:04.580,102.48,102.476,1.5,1.5
14-08-2014,00:55:04.631,102.478,102.476,1,1.5
14-08-2014,00:55:04.833,102.478,102.474,1,1.25
14-08-2014,00:55:05.085,102.48,102.476,1,1.5
14-08-2014,00:55:05.388,102.481,102.479,1,1
14-08-2014,00:55:05.893,102.48,102.478,1,1.25
14-08-2014,00:55:06.498,102.481,102.478,1.5,3.75
14-08-2014,00:55:06.570,102.482,102.48,1.5,3.75
14-08-2014,00:55:07.074,102.483,102.48,3.19,3.75
14-08-2014,00:55:14.415,102.483,102.481,1.5,3.75
14-08-2014,00:55:16.613,102.483,102.48,1,4.5
14-08-2014,00:55:17.559,102.482,102.48,1,4.5
14-08-2014,00:55:17.610,102.482,102.478,7.13,3.19
14-08-2014,00:55:17.862,102.48,102.478,1,3.94
14-08-2014,00:55:18.265,102.481,102.479,1,3.75
14-08-2014,00:55:19.078,102.482,102.479,1.5,3.75
14-08-2014,00:55:19.584,102.481,102.48,1,3.75
14-08-2014,00:55:20.639,102.481,102.479,1.5,3.75
14-08-2014,00:55:22.092,102.481,102.48,1.5,3.75
14-08-2014,00:55:22.681,102.482,102.48,1,3.75
14-08-2014,00:55:24.947,102.482,102.481,1,3.75
14-08-2014,00:55:29.204,102.481,102.479,1,1.25
14-08-2014,00:55:32.238,102.481,102.48,1,3.75
14-08-2014,00:55:34.626,102.481,102.479,1,3.75
14-08-2014,00:55:34.879,102.48,102.477,1,4.69
14-08-2014,00:55:35.232,102.478,102.475,1,5.44
14-08-2014,00:55:35.534,102.479,102.477,2.25,3.75
14-08-2014,00:55:36.039,102.48,102.478,1.5,3.75
14-08-2014,00:55:37.279,102.479,102.478,1,3.75
14-08-2014,00:55:37.600,102.479,102.476,1,4.69
14-08-2014,00:55:38.104,102.478,102.476,1.5,3.75
14-08-2014,00:55:38.609,102.478,102.475,1.5,4.69
14-08-2014,00:55:39.111,102.478,102.476,1.5,4.69
14-08-2014,00:55:39.616,102.479,102.475,5.44,3.94
14-08-2014,00:55:40.529,102.479,102.476,3.94,1.5
14-08-2014,00:55:40.580,102.479,102.478,2.25,3.75
14-08-2014,00:55:41.431,102.48,102.477,1,3.75
14-08-2014,00:55:41.582,102.482,102.479,2.25,3.75
14-08-2014,00:55:48.954,102.482,102.48,1.5,3.75
14-08-2014,00:55:49.055,102.484,102.48,2.25,4.5
14-08-2014,00:55:52.996,102.483,102.479,1,5.44
14-08-2014,00:55:53.524,102.482,102.479,1,4.69
14-08-2014,00:55:57.220,102.482,102.48,1,1
14-08-2014,00:55:57.522,102.484,102.48,1,5.25
14-08-2014,00:55:57.623,102.484,102.482,1,5.25
14-08-2014,00:55:57.926,102.486,102.484,1,1
14-08-2014,00:55:59.153,102.487,102.485,1.25,1.5
14-08-2014,00:55:59.988,102.488,102.485,1.69,1.5
14-08-2014,00:56:01.029,102.49,102.486,1.5,1
14-08-2014,00:56:01.080,102.492,102.49,1,7.5
14-08-2014,00:56:01.584,102.493,102.491,1.5,5.25
14-08-2014,00:56:03.368,102.493,102.492,1.5,1
14-08-2014,00:56:07.665,102.493,102.491,1,1
14-08-2014,00:56:07.867,102.494,102.493,1,3.75
14-08-2014,00:56:08.222,102.496,102.494,1,1
14-08-2014,00:56:08.727,102.497,102.495,1,1
14-08-2014,00:56:09.231,102.497,102.495,1,1
14-08-2014,00:56:10.189,102.498,102.495,1.69,2.25
14-08-2014,00:56:10.290,102.501,102.497,1,9.25
14-08-2014,00:56:10.441,102.504,102.501,1.5,4.5
14-08-2014,00:56:10.593,102.504,102.503,1,1.5
14-08-2014,00:56:10.643,102.507,102.505,1,3.75
14-08-2014,00:56:11.148,102.507,102.504,1,1.69
14-08-2014,00:56:11.652,102.508,102.505,1.69,1
14-08-2014,00:56:12.156,102.508,102.503,2.07,5.25
14-08-2014,00:56:12.510,102.505,102.503,1,4.5
14-08-2014,00:56:22.740,102.506,102.503,1.69,3.75
14-08-2014,00:56:23.258,102.507,102.503,1.5,3.75
14-08-2014,00:56:24.046,102.506,102.503,1,5.25
14-08-2014,00:56:24.689,102.506,102.504,1.69,1
14-08-2014,00:56:25.193,102.507,102.504,1.25,1.5
14-08-2014,00:56:26.213,102.507,102.505,1,1
14-08-2014,00:56:26.364,102.512,102.507,1.5,10.5
14-08-2014,00:56:27.697,102.511,102.508,1,1.69
14-08-2014,00:56:28.203,102.51,102.506,5.25,1
14-08-2014,00:56:28.355,102.508,102.506,1,1.25
14-08-2014,00:56:29.640,102.509,102.506,1,1.25
14-08-2014,00:56:30.144,102.508,102.506,1,1.69
14-08-2014,00:56:30.689,102.509,102.506,1,1.5
14-08-2014,00:56:31.899,102.509,102.507,1,1
14-08-2014,00:56:32.604,102.508,102.507,1,1
14-08-2014,00:56:33.127,102.508,102.506,1,2.44
14-08-2014,00:56:33.996,102.508,102.507,1,2.44
14-08-2014,00:56:34.720,102.509,102.507,1.5,2.44
14-08-2014,00:56:35.250,102.508,102.507,1,2.44
14-08-2014,00:56:41.721,102.51,102.508,1,2.75
14-08-2014,00:56:41.771,102.51,102.508,1,2.75
14-08-2014,00:56:42.718,102.511,102.509,1,2.75
14-08-2014,00:56:43.128,102.512,102.51,1,1.25
14-08-2014,00:56:44.053,102.512,102.509,1,3.19
14-08-2014,00:56:45.092,102.511,102.509,1,2.44
14-08-2014,00:56:51.020,102.513,102.51,1,2.44
14-08-2014,00:56:51.244,102.51,102.509,1,1
14-08-2014,00:56:51.759,102.51,102.508,1,1.25
14-08-2014,00:56:52.274,102.509,102.507,1,2.44
14-08-2014,00:56:53.067,102.509,102.506,1.5,8.44
14-08-2014,00:56:53.118,102.51,102.508,1.5,1
14-08-2014,00:56:53.622,102.51,102.507,1.5,1
14-08-2014,00:56:54.375,102.51,102.508,1.5,2.44
14-08-2014,00:56:55.835,102.51,102.509,1,3.75
14-08-2014,00:56:57.761,102.51,102.508,1.5,2.44
14-08-2014,00:56:59.349,102.509,102.508,1,2.44
14-08-2014,00:57:02.780,102.51,102.508,1,1.25
14-08-2014,00:57:03.284,102.51,102.509,1,1.25
14-08-2014,00:57:06.064,102.51,102.508,1,1.69
14-08-2014,00:57:08.471,102.51,102.507,1,1.25
14-08-2014,00:57:11.077,102.51,102.506,1,6.94
14-08-2014,00:57:11.404,102.51,102.509,1,1
14-08-2014,00:57:11.710,102.512,102.509,1,1.69
14-08-2014,00:57:12.545,102.511,102.509,1,2.07
14-08-2014,00:57:13.049,102.512,102.508,1,4.69
14-08-2014,00:57:15.141,102.511,102.508,1,1.19
14-08-2014,00:57:15.242,102.511,102.507,1.69,5.82
14-08-2014,00:57:15.595,102.509,102.506,1.5,3
14-08-2014,00:57:15.746,102.509,102.505,1.5,3.57
14-08-2014,00:57:16.594,102.509,102.506,1.5,1.25
14-08-2014,00:57:17.097,102.509,102.507,1.5,1
14-08-2014,00:57:17.603,102.51,102.508,1,1.25
14-08-2014,00:57:21.235,102.51,102.509,1,1
14-08-2014,00:57:21.439,102.51,102.507,1,1.69
14-08-2014,00:57:22.296,102.511,102.508,2.25,1.25
14-08-2014,00:57:22.346,102.51,102.508,1,1.25
14-08-2014,00:57:23.544,102.51,102.509,1,1
14-08-2014,00:57:23.646,102.512,102.51,1.5,4.5
14-08-2014,00:57:24.150,102.513,102.511,1,4.69
14-08-2014,00:57:25.411,102.513,102.512,1,1
14-08-2014,00:57:25.713,102.516,102.512,1.69,1
14-08-2014,00:57:26.218,102.515,102.512,1,1.25
14-08-2014,00:57:27.226,102.515,102.513,1,1
14-08-2014,00:57:27.730,102.516,102.513,1,3.19
14-08-2014,00:57:28.497,102.517,102.513,3,2.44
14-08-2014,00:57:28.851,102.517,102.515,1,6.19
14-08-2014,00:57:28.952,102.52,102.517,1.5,1.5
14-08-2014,00:57:29.104,102.522,102.52,2.07,1
14-08-2014,00:57:29.616,102.523,102.52,1,2.44
14-08-2014,00:57:32.028,102.523,102.521,1,1
14-08-2014,00:57:32.179,102.526,102.523,1.5,1.25
14-08-2014,00:57:32.482,102.524,102.522,1,2.44
14-08-2014,00:57:33.022,102.524,102.522,1.5,1.25
14-08-2014,00:57:33.534,102.523,102.522,1,1.25
14-08-2014,00:57:34.043,102.524,102.522,1,1.25
14-08-2014,00:57:34.555,102.525,102.523,1,3.75
14-08-2014,00:57:34.656,102.526,102.524,1,4.5
14-08-2014,00:57:35.015,102.528,102.524,3.19,5.44
14-08-2014,00:57:35.066,102.528,102.526,2.44,3.75
14-08-2014,00:57:35.236,102.53,102.527,1,1
14-08-2014,00:57:35.639,102.528,102.525,1,2.44
14-08-2014,00:57:36.325,102.529,102.526,1,4.69
14-08-2014,00:57:37.603,102.529,102.525,1,5.44
14-08-2014,00:57:38.107,102.528,102.525,1.5,1.25
14-08-2014,00:57:38.511,102.526,102.524,1,1.5
14-08-2014,00:57:39.015,102.526,102.525,1,1.25
14-08-2014,00:57:39.166,102.526,102.523,1,2.25
14-08-2014,00:57:40.947,102.525,102.523,1,1
14-08-2014,00:57:41.454,102.525,102.522,1.5,1.25
14-08-2014,00:57:41.960,102.524,102.521,1.69,1.5
14-08-2014,00:57:42.162,102.522,102.519,3.19,1
14-08-2014,00:57:42.465,102.52,102.518,1.5,1
14-08-2014,00:57:42.717,102.519,102.516,1,5.44
14-08-2014,00:57:45.223,102.519,102.515,1,4.5
14-08-2014,00:57:48.198,102.519,102.516,1,3.75
14-08-2014,00:57:50.289,102.519,102.515,1.69,5.44
14-08-2014,00:57:50.557,102.519,102.517,1.69,1
14-08-2014,00:57:50.809,102.522,102.519,1,4.5
14-08-2014,00:57:51.256,102.52,102.519,1,1.69
14-08-2014,00:57:51.762,102.521,102.519,1.5,1.69
14-08-2014,00:57:52.115,102.52,102.517,1,1.5
14-08-2014,00:57:52.597,102.521,102.519,1,1
14-08-2014,00:57:53.486,102.521,102.519,5.25,1
14-08-2014,00:57:53.890,102.519,102.517,1,1.5
14-08-2014,00:57:54.394,102.518,102.516,1,1
14-08-2014,00:57:54.595,102.519,102.517,1,1
14-08-2014,00:57:55.200,102.519,102.517,1,1.5
14-08-2014,00:57:56.878,102.519,102.518,1,1
14-08-2014,00:57:56.979,102.521,102.518,2.44,1
14-08-2014,00:57:57.483,102.52,102.518,1,1.5
14-08-2014,00:57:58.011,102.521,102.518,1.69,1
14-08-2014,00:57:58.938,102.522,102.518,3.94,1.69
14-08-2014,00:57:59.808,102.522,102.519,1.69,1
14-08-2014,00:58:00.312,102.523,102.52,1.5,1.5
14-08-2014,00:58:00.954,102.523,102.521,1,1
14-08-2014,00:58:01.459,102.524,102.522,1,4.5
14-08-2014,00:58:01.812,102.526,102.523,1.32,4.5
14-08-2014,00:58:02.366,102.527,102.524,1.19,1
14-08-2014,00:58:02.885,102.527,102.524,1.25,1
14-08-2014,00:58:03.394,102.526,102.523,1,5.44
14-08-2014,00:58:05.658,102.526,102.524,1.69,3.75
14-08-2014,00:58:05.961,102.529,102.527,1,3.75
14-08-2014,00:58:06.012,102.531,102.528,1,3.75
14-08-2014,00:58:06.063,102.532,102.529,3.94,3.75
14-08-2014,00:58:06.315,102.532,102.528,4.5,3.75
14-08-2014,00:58:06.466,102.529,102.528,1,3.75
14-08-2014,00:58:07.416,102.529,102.527,1,4.5
14-08-2014,00:58:08.977,102.529,102.526,1,6
14-08-2014,00:58:10.134,102.529,102.527,1,1.25
14-08-2014,00:58:10.185,102.531,102.528,1.25,5.25
14-08-2014,00:58:10.690,102.53,102.527,1.5,1.25
14-08-2014,00:58:11.244,102.53,102.526,3,4.5
14-08-2014,00:58:14.168,102.531,102.528,2.44,1
14-08-2014,00:58:14.623,102.531,102.528,2.44,3.75
14-08-2014,00:58:15.456,102.531,102.527,4.69,1.25
14-08-2014,00:58:16.368,102.53,102.527,2.44,1
14-08-2014,00:58:16.899,102.529,102.526,1.25,1
14-08-2014,00:58:22.282,102.529,102.527,1,4.5
14-08-2014,00:58:22.484,102.529,102.525,1,2.44
14-08-2014,00:58:23.086,102.529,102.525,1,2.44
14-08-2014,00:58:23.592,102.529,102.525,1,1.5
14-08-2014,00:58:23.894,102.529,102.528,1,1.5
14-08-2014,00:58:23.995,102.532,102.529,1,1.5
14-08-2014,00:58:36.231,102.532,102.528,3.19,1.5
14-08-2014,00:58:36.735,102.53,102.527,1.5,1.69
14-08-2014,00:58:37.251,102.529,102.526,1,1.25
14-08-2014,00:58:39.106,102.529,102.525,1.69,4.69
14-08-2014,00:58:40.433,102.528,102.525,1.5,3.94
14-08-2014,00:58:41.150,102.528,102.524,2.44,1.25
14-08-2014,00:58:41.452,102.525,102.524,1,1
14-08-2014,00:58:43.878,102.525,102.522,1,5.25
14-08-2014,00:58:45.041,102.525,102.524,1,4.5
14-08-2014,00:58:46.695,102.525,102.523,1,3.75
14-08-2014,00:58:49.660,102.524,102.523,1.25,3.75
14-08-2014,00:58:50.322,102.525,102.523,2.25,3.75
14-08-2014,00:58:52.339,102.525,102.524,1,3.75
14-08-2014,00:58:53.619,102.527,102.525,1.25,4.5
14-08-2014,00:58:53.871,102.527,102.524,2.44,4.5
14-08-2014,00:58:53.922,102.526,102.524,1,4.5
14-08-2014,00:58:54.275,102.525,102.522,2.25,3.75
14-08-2014,00:58:57.023,102.525,102.521,3.19,5.44
14-08-2014,00:58:57.537,102.524,102.521,1,1.25
14-08-2014,00:59:00.401,102.523,102.521,1,1
14-08-2014,00:59:00.906,102.525,102.521,1.5,6.75
14-08-2014,00:59:01.007,102.525,102.521,1,6.94
14-08-2014,00:59:01.562,102.525,102.523,1,3.75
14-08-2014,00:59:01.915,102.524,102.521,1,1.69
14-08-2014,00:59:02.531,102.524,102.522,1,3.75
14-08-2014,00:59:03.041,102.523,102.521,1,5.44
14-08-2014,00:59:03.662,102.523,102.522,1,3.75
14-08-2014,00:59:03.970,102.523,102.52,1,3.75
14-08-2014,00:59:07.394,102.523,102.521,1,4.5
14-08-2014,00:59:08.190,102.523,102.521,1,6.19
14-08-2014,00:59:14.278,102.525,102.522,1,5.44
14-08-2014,00:59:14.328,102.525,102.524,1,3.75
14-08-2014,00:59:14.832,102.527,102.525,1.25,3.75
14-08-2014,00:59:18.696,102.53,102.526,3,5.25
14-08-2014,00:59:18.797,102.531,102.528,1,5.25
14-08-2014,00:59:19.301,102.532,102.528,2.44,5.44
14-08-2014,00:59:22.171,102.532,102.528,3.19,4.5
14-08-2014,00:59:23.510,102.532,102.528,3.19,4.69
14-08-2014,00:59:24.535,102.53,102.528,1,1
14-08-2014,00:59:25.039,102.531,102.529,1,3.75
14-08-2014,00:59:26.641,102.531,102.528,1,4.69
14-08-2014,00:59:29.359,102.531,102.529,1,3.75
14-08-2014,00:59:29.974,102.533,102.529,2.25,4.88
14-08-2014,00:59:31.022,102.533,102.531,1.5,3.75
14-08-2014,00:59:31.884,102.533,102.53,1.5,3.75
14-08-2014,00:59:32.401,102.533,102.529,1.5,6.57
14-08-2014,00:59:33.002,102.532,102.529,1,4.5
14-08-2014,00:59:34.360,102.533,102.529,1.5,1.13
14-08-2014,00:59:35.267,102.531,102.529,1,4.13
14-08-2014,00:59:35.783,102.532,102.529,1,4.13
14-08-2014,00:59:36.288,102.533,102.529,1.5,1.5
14-08-2014,00:59:36.794,102.533,102.53,2.25,1.25
14-08-2014,00:59:37.200,102.533,102.532,1,3.75
14-08-2014,00:59:37.352,102.535,102.532,1,4.5
14-08-2014,00:59:37.453,102.536,102.533,1.5,6.19
14-08-2014,00:59:38.159,102.536,102.535,1,1
14-08-2014,00:59:38.261,102.536,102.533,1,6.19
14-08-2014,00:59:38.412,102.537,102.535,1.69,3.75
14-08-2014,00:59:38.715,102.538,102.536,1,1.5
14-08-2014,00:59:38.816,102.54,102.538,1,6.19
14-08-2014,00:59:39.623,102.541,102.54,1,3.75
14-08-2014,00:59:39.724,102.543,102.541,2.25,1.25
14-08-2014,00:59:40.077,102.544,102.543,1,1.25
14-08-2014,00:59:40.279,102.548,102.546,1,3.75
14-08-2014,00:59:40.481,102.55,102.547,1,1.69
14-08-2014,00:59:40.683,102.552,102.549,2.25,2.44
14-08-2014,00:59:40.834,102.555,102.551,1.5,5.25
14-08-2014,00:59:40.986,102.555,102.553,1.5,2.44
14-08-2014,00:59:41.490,102.557,102.554,1,1.69
14-08-2014,00:59:42.108,102.557,102.553,1.5,6
14-08-2014,00:59:42.310,102.557,102.556,1,1
14-08-2014,00:59:42.664,102.559,102.556,1,5.44
14-08-2014,00:59:43.773,102.561,102.558,3,1
14-08-2014,00:59:44.075,102.562,102.561,1.5,3.75
14-08-2014,00:59:44.478,102.564,102.561,3.19,4.5
14-08-2014,00:59:44.983,102.563,102.562,1,3.75
14-08-2014,00:59:45.235,102.566,102.563,2.25,3.75
14-08-2014,00:59:45.337,102.565,102.563,1.69,3.75
14-08-2014,00:59:45.438,102.565,102.561,1.69,3.94
14-08-2014,00:59:45.539,102.563,102.561,1,3.94
14-08-2014,00:59:45.892,102.561,102.559,1,1
14-08-2014,00:59:46.447,102.561,102.557,1.5,6.19
14-08-2014,00:59:46.749,102.561,102.557,4,1.19
14-08-2014,00:59:46.800,102.56,102.556,2.69,4.69
14-08-2014,00:59:47.306,102.56,102.556,3.44,5.44
14-08-2014,00:59:47.836,102.558,102.556,2.5,3.75
14-08-2014,00:59:48.391,102.558,102.554,3.44,1.5
14-08-2014,00:59:48.796,102.554,102.552,1,3.75
14-08-2014,00:59:49.299,102.552,102.551,1,3.75
14-08-2014,00:59:49.501,102.55,102.547,1,1
14-08-2014,00:59:49.602,102.548,102.544,1,1
14-08-2014,00:59:49.653,102.546,102.544,1,1
14-08-2014,00:59:49.955,102.548,102.546,1.5,4.5
14-08-2014,00:59:50.107,102.549,102.546,1.5,6.19
14-08-2014,00:59:50.158,102.55,102.548,3.19,1
14-08-2014,00:59:50.259,102.549,102.546,1,4.69
14-08-2014,00:59:50.763,102.548,102.546,1,3.75
14-08-2014,00:59:50.993,102.547,102.546,1,3.75
14-08-2014,00:59:51.751,102.548,102.546,1,3.75
14-08-2014,00:59:52.259,102.548,102.545,1,3.94
14-08-2014,00:59:52.461,102.549,102.546,3,3.75
14-08-2014,00:59:52.966,102.55,102.547,1.5,4.5
14-08-2014,00:59:53.470,102.55,102.548,1,1
14-08-2014,00:59:54.125,102.551,102.549,1.5,1.69
14-08-2014,00:59:54.428,102.554,102.552,1,5.44
14-08-2014,00:59:54.731,102.556,102.554,1,6.19
14-08-2014,00:59:54.984,102.558,102.556,1,1
14-08-2014,00:59:55.493,102.559,102.556,3.19,1
14-08-2014,00:59:56.436,102.559,102.557,1,1
14-08-2014,00:59:56.947,102.56,102.556,2.44,1.25
14-08-2014,00:59:57.451,102.56,102.557,3.19,1
14-08-2014,00:59:58.720,102.561,102.557,1,3.19
14-08-2014,00:59:58.770,102.561,102.56,1,1
14-08-2014,00:59:58.973,102.563,102.56,3.19,4.5
14-08-2014,00:59:59.477,102.563,102.561,1.69,3.75
14-08-2014,01:00:00.334,102.564,102.561,1.69,3.75
14-08-2014,01:00:00.844,102.563,102.561,1,3.75
14-08-2014,01:00:01.046,102.565,102.563,1.25,3.75
14-08-2014,01:00:01.552,102.565,102.563,1,3.75
14-08-2014,01:00:02.060,102.565,102.562,1,5.25
14-08-2014,01:00:02.867,102.562,102.56,1,1
14-08-2014,01:00:03.019,102.56,102.558,1,4.5
14-08-2014,01:00:03.624,102.559,102.557,1,3.75
14-08-2014,01:00:03.726,102.558,102.555,1,2.25
14-08-2014,01:00:05.037,102.557,102.556,1,3.75
14-08-2014,01:00:05.693,102.555,102.553,1,1.69
14-08-2014,01:00:06.214,102.554,102.552,1.5,1
14-08-2014,01:00:06.720,102.554,102.551,1.5,1.5
14-08-2014,01:00:08.761,102.553,102.551,1.25,1.5
14-08-2014,01:00:09.217,102.552,102.548,1,1.5
14-08-2014,01:00:09.268,102.55,102.548,2.44,2.25
14-08-2014,01:00:09.573,102.549,102.546,1.5,2.25
14-08-2014,01:00:09.724,102.551,102.548,3.94,1
14-08-2014,01:00:09.876,102.549,102.548,1,1
14-08-2014,01:00:10.179,102.548,102.545,3.94,1.5
14-08-2014,01:00:10.683,102.547,102.545,1,1.5
14-08-2014,01:00:10.834,102.549,102.546,3.19,1
14-08-2014,01:00:10.935,102.551,102.548,1.69,1
14-08-2014,01:00:11.290,102.549,102.548,1.25,1
14-08-2014,01:00:11.391,102.551,102.548,1.5,1.5
14-08-2014,01:00:12.191,102.55,102.548,1.25,1.5
14-08-2014,01:00:13.008,102.549,102.547,2.44,1
14-08-2014,01:00:13.109,102.549,102.546,3.19,1
14-08-2014,01:00:13.159,102.549,102.547,2.44,1
14-08-2014,01:00:13.613,102.549,102.546,1.69,1.5
14-08-2014,01:00:13.916,102.549,102.547,1.69,1
14-08-2014,01:00:14.168,102.549,102.546,1.69,1
14-08-2014,01:00:14.471,102.549,102.548,1,1
14-08-2014,01:00:14.521,102.551,102.548,1.5,1
14-08-2014,01:00:15.479,102.551,102.547,3.19,2.44
14-08-2014,01:00:15.998,102.55,102.547,2.44,1
14-08-2014,01:00:16.502,102.549,102.546,3.94,1
14-08-2014,01:00:17.017,102.547,102.545,1,1
14-08-2014,01:00:18.275,102.547,102.544,3.19,1
14-08-2014,01:00:18.880,102.547,102.545,2.44,1
14-08-2014,01:00:19.435,102.548,102.546,1,1
14-08-2014,01:00:19.960,102.549,102.546,3.94,1
14-08-2014,01:00:20.415,102.549,102.546,4.69,1
14-08-2014,01:00:20.920,102.549,102.545,8.44,1.5
14-08-2014,01:00:21.424,102.548,102.545,2.44,1
14-08-2014,01:00:21.928,102.547,102.544,1,2.44
14-08-2014,01:00:22.432,102.548,102.545,1.5,1.25
14-08-2014,01:00:23.514,102.549,102.546,6.94,1
14-08-2014,01:00:23.817,102.549,102.546,1,1.25
14-08-2014,01:00:24.131,102.552,102.549,1,1
14-08-2014,01:00:24.636,102.553,102.549,1.5,1.5
14-08-2014,01:00:25.140,102.553,102.55,1,1
14-08-2014,01:00:25.833,102.551,102.549,1.25,1
14-08-2014,01:00:25.884,102.551,102.548,1.25,1
14-08-2014,01:00:27.027,102.55,102.548,1,1
14-08-2014,01:00:27.572,102.551,102.548,1.69,1
14-08-2014,01:00:28.461,102.551,102.549,1,1
14-08-2014,01:00:29.380,102.552,102.549,1,1.25
14-08-2014,01:00:30.465,102.552,102.549,1.5,1.69
14-08-2014,01:00:32.072,102.553,102.55,1.5,3.94
14-08-2014,01:00:34.442,102.551,102.548,1,4.69
14-08-2014,01:00:34.694,102.55,102.546,2.25,5.25
14-08-2014,01:00:35.199,102.549,102.546,1,3.94
14-08-2014,01:00:36.240,102.55,102.547,3.19,3.75
14-08-2014,01:00:36.291,102.55,102.549,1.69,1
14-08-2014,01:00:37.128,102.551,102.548,1,6.57
14-08-2014,01:00:39.382,102.55,102.549,1,1
14-08-2014,01:00:39.897,102.549,102.546,1.5,4.32
14-08-2014,01:00:40.401,102.549,102.547,1,3.75
14-08-2014,01:00:41.894,102.55,102.547,1,4.5
14-08-2014,01:00:46.719,102.55,102.546,3.19,3.94
14-08-2014,01:00:49.116,102.55,102.547,1.69,1
14-08-2014,01:00:50.106,102.551,102.548,1.5,1
14-08-2014,01:00:50.611,102.552,102.548,1.25,3.94
14-08-2014,01:00:51.134,102.551,102.549,1,1.69
14-08-2014,01:00:51.588,102.551,102.547,1.69,2.44
14-08-2014,01:00:52.317,102.55,102.547,1,2.44
14-08-2014,01:00:56.969,102.549,102.547,1,1.25
14-08-2014,01:00:58.787,102.549,102.545,1.25,1.69
14-08-2014,01:00:59.140,102.549,102.547,1.25,1
14-08-2014,01:00:59.241,102.549,102.546,1.25,1.5
14-08-2014,01:00:59.745,102.548,102.546,1.5,1
14-08-2014,01:01:02.349,102.548,102.545,1,1.25
14-08-2014,01:01:05.819,102.548,102.547,1,1
14-08-2014,01:01:06.323,102.548,102.546,1,1
14-08-2014,01:01:06.827,102.548,102.545,1.5,1
14-08-2014,01:01:07.331,102.548,102.544,2.44,4.69
14-08-2014,01:01:15.531,102.544,102.543,1,1.5
14-08-2014,01:01:15.632,102.544,102.541,1.5,1
14-08-2014,01:01:16.137,102.544,102.54,1.5,1.5
14-08-2014,01:01:19.136,102.543,102.54,1,1
14-08-2014,01:01:21.801,102.544,102.541,1.69,1
14-08-2014,01:01:22.318,102.544,102.542,2.44,3.75
14-08-2014,01:01:26.285,102.544,102.541,1.69,3.75
14-08-2014,01:01:28.299,102.544,102.54,2.44,6.19
14-08-2014,01:01:29.293,102.544,102.54,3.19,1.5
14-08-2014,01:01:32.566,102.542,102.54,1,1
14-08-2014,01:01:33.070,102.542,102.539,1,1
14-08-2014,01:01:34.249,102.542,102.538,1,5.25
14-08-2014,01:01:35.564,102.542,102.539,1,3.75
14-08-2014,01:01:43.259,102.542,102.54,1,3.75
14-08-2014,01:01:43.763,102.543,102.54,1,6.19
14-08-2014,01:01:44.116,102.545,102.542,1.25,3.75
14-08-2014,01:01:44.620,102.546,102.542,3.19,3.75
14-08-2014,01:01:45.124,102.546,102.543,1.69,1.5
14-08-2014,01:01:46.484,102.546,102.544,1,1
14-08-2014,01:01:46.888,102.548,102.546,1.25,1
14-08-2014,01:01:47.241,102.55,102.548,1.5,1
14-08-2014,01:01:47.745,102.551,102.548,1,2.44
14-08-2014,01:01:48.402,102.551,102.548,1,2.44
14-08-2014,01:01:49.614,102.551,102.548,1,2.82
14-08-2014,01:01:49.866,102.554,102.55,3.19,1.25
14-08-2014,01:01:50.377,102.554,102.551,2.25,1.25
14-08-2014,01:01:51.699,102.554,102.552,1.5,1
14-08-2014,01:01:52.211,102.555,102.554,1,1
14-08-2014,01:01:52.363,102.557,102.554,1.25,2.25
14-08-2014,01:01:53.247,102.557,102.555,1.25,1
14-08-2014,01:01:53.499,102.559,102.555,2.25,5.25
14-08-2014,01:01:53.852,102.56,102.558,1.69,1
14-08-2014,01:01:54.154,102.562,102.558,2.25,6
14-08-2014,01:01:54.205,102.562,102.56,1.5,1
14-08-2014,01:01:55.042,102.562,102.558,2.44,6.19
14-08-2014,01:01:57.110,102.562,102.56,1.25,3.75
14-08-2014,01:01:57.362,102.565,102.561,2.44,1
14-08-2014,01:01:57.818,102.565,102.563,1.5,1
14-08-2014,01:01:58.121,102.568,102.565,1.69,1
14-08-2014,01:01:58.878,102.568,102.565,1,1
14-08-2014,01:01:59.432,102.567,102.565,1,1
14-08-2014,01:02:00.290,102.568,102.565,2.44,1
14-08-2014,01:02:01.211,102.567,102.563,1,2.82
14-08-2014,01:02:01.888,102.567,102.563,1.69,2.82
14-08-2014,01:02:03.497,102.567,102.564,1,1
14-08-2014,01:02:03.800,102.569,102.565,3.19,1.5
14-08-2014,01:02:04.328,102.569,102.566,1.25,7.5
14-08-2014,01:02:04.832,102.57,102.567,2.44,1
14-08-2014,01:02:05.344,102.57,102.567,2.44,1
14-08-2014,01:02:05.909,102.57,102.569,1.69,3.75
14-08-2014,01:02:06.365,102.573,102.571,1.25,1
14-08-2014,01:02:06.567,102.572,102.569,1,6.19
14-08-2014,01:02:07.574,102.571,102.568,1,3.19
14-08-2014,01:02:09.297,102.571,102.569,1,4.5
14-08-2014,01:02:10.610,102.571,102.568,1,2.82
14-08-2014,01:02:11.415,102.571,102.569,1,3.75
14-08-2014,01:02:12.020,102.571,102.568,1.5,3.19
14-08-2014,01:02:12.525,102.57,102.569,1,1
14-08-2014,01:02:12.727,102.572,102.569,1.5,5.44
14-08-2014,01:02:12.929,102.574,102.571,1.69,3.75
14-08-2014,01:02:13.433,102.572,102.571,1,3.75
14-08-2014,01:02:13.937,102.575,102.572,1.5,1
14-08-2014,01:02:14.189,102.575,102.572,1.5,4.5
14-08-2014,01:02:15.559,102.575,102.573,1,1
14-08-2014,01:02:16.064,102.576,102.572,1.25,6.19
14-08-2014,01:02:16.316,102.576,102.574,1.25,1
14-08-2014,01:02:16.417,102.578,102.575,2.44,3.75
14-08-2014,01:02:17.425,102.579,102.575,1.5,4.5
14-08-2014,01:02:19.174,102.579,102.576,2.44,1
14-08-2014,01:02:19.697,102.579,102.577,1,1
14-08-2014,01:02:22.849,102.578,102.575,1,1.25
14-08-2014,01:02:25.997,102.578,102.575,1,5.44
14-08-2014,01:02:26.048,102.58,102.577,1,3.75
14-08-2014,01:02:26.098,102.582,102.579,3.19,3.75
14-08-2014,01:02:26.451,102.579,102.577,1,3.75
14-08-2014,01:02:26.956,102.579,102.576,1,2.82
14-08-2014,01:02:27.259,102.579,102.578,1,1
14-08-2014,01:02:27.778,102.581,102.58,1,3.75
14-08-2014,01:02:27.879,102.583,102.58,1,3.75
14-08-2014,01:02:28.384,102.583,102.58,1,5.44
14-08-2014,01:02:28.931,102.583,102.579,1.5,6.19
14-08-2014,01:02:28.982,102.583,102.58,4.5,1.19
14-08-2014,01:02:29.285,102.581,102.579,1,4.5
14-08-2014,01:02:29.754,102.583,102.579,3,6.19
14-08-2014,01:02:30.363,102.583,102.579,2.44,6.19
14-08-2014,01:02:35.704,102.583,102.579,3.25,1
14-08-2014,01:02:36.208,102.583,102.579,3.5,4.5
14-08-2014,01:02:37.343,102.583,102.579,7.94,1.13
14-08-2014,01:02:38.200,102.582,102.578,2.5,1
14-08-2014,01:02:41.445,102.58,102.579,1,3.75
14-08-2014,01:02:43.189,102.58,102.578,1,3.94
14-08-2014,01:02:43.705,102.58,102.576,2.25,5.44
14-08-2014,01:02:44.521,102.58,102.576,2.25,1
14-08-2014,01:02:45.036,102.58,102.576,2.25,1.69
14-08-2014,01:02:46.490,102.58,102.576,2.44,1.25
14-08-2014,01:02:47.059,102.578,102.576,1,1.25
14-08-2014,01:02:48.248,102.579,102.577,1,3.75
14-08-2014,01:02:50.024,102.578,102.575,1.5,4.5
14-08-2014,01:02:50.547,102.578,102.576,1.5,3
14-08-2014,01:02:51.051,102.578,102.575,1.5,4.5
14-08-2014,01:02:51.555,102.578,102.575,1.5,1.25
14-08-2014,01:02:51.656,102.581,102.577,2.25,9.19
14-08-2014,01:02:51.757,102.579,102.577,1,5.44
14-08-2014,01:02:52.261,102.579,102.577,1,3.75
14-08-2014,01:02:52.769,102.579,102.578,1,1
14-08-2014,01:02:52.970,102.579,102.576,1.5,6.75
14-08-2014,01:02:54.613,102.579,102.577,1.5,2.5
14-08-2014,01:02:54.815,102.579,102.576,1,1.32
14-08-2014,01:02:56.624,102.578,102.576,1,1.5
14-08-2014,01:02:57.482,102.578,102.575,1,2.44
14-08-2014,01:02:57.683,102.578,102.575,1,3.19
14-08-2014,01:02:57.734,102.58,102.578,1,3.75
14-08-2014,01:02:57.885,102.579,102.577,1,4.13
14-08-2014,01:02:58.087,102.58,102.577,2.25,4.13
14-08-2014,01:02:58.289,102.579,102.575,3,5.07
14-08-2014,01:02:59.300,102.579,102.576,3.19,1
14-08-2014,01:02:59.804,102.578,102.575,1.5,4.69
14-08-2014,01:03:01.883,102.579,102.576,2.44,1
14-08-2014,01:03:02.387,102.579,102.575,3.94,4.69
14-08-2014,01:03:03.645,102.579,102.576,2.44,3.75
14-08-2014,01:03:10.346,102.579,102.577,2.25,3.75
14-08-2014,01:03:10.497,102.58,102.578,1.69,1
14-08-2014,01:03:11.002,102.58,102.579,1.25,1
14-08-2014,01:03:11.526,102.58,102.578,1.25,1
14-08-2014,01:03:12.441,102.579,102.578,1,3.75
14-08-2014,01:03:13.650,102.579,102.577,1.5,3.75
14-08-2014,01:03:14.887,102.579,102.578,1,1
14-08-2014,01:03:15.427,102.579,102.577,3,3.75
14-08-2014,01:03:17.506,102.579,102.576,2.25,4.69
14-08-2014,01:03:18.022,102.578,102.576,1.5,4.69
14-08-2014,01:03:22.587,102.578,102.574,1.5,1.19
14-08-2014,01:03:23.101,102.579,102.574,6.19,1.19
14-08-2014,01:03:23.620,102.578,102.574,2.25,1.19
14-08-2014,01:03:24.134,102.577,102.574,1,1.19
14-08-2014,01:03:24.493,102.577,102.573,1,5.44
14-08-2014,01:03:24.644,102.579,102.574,3.19,3
14-08-2014,01:03:25.055,102.579,102.573,3.94,2.44
14-08-2014,01:03:25.569,102.577,102.574,1,1.25
14-08-2014,01:03:26.089,102.576,102.573,2.25,2.07
14-08-2014,01:03:26.543,102.574,102.573,1,1.69
14-08-2014,01:03:28.177,102.574,102.572,1,1.5
14-08-2014,01:03:28.681,102.573,102.571,1,1.25
14-08-2014,01:03:30.302,102.574,102.571,3.19,1
14-08-2014,01:03:30.705,102.572,102.569,1.5,1.25
14-08-2014,01:03:31.209,102.571,102.569,1,1.25
14-08-2014,01:03:40.118,102.571,102.568,1,1.25
14-08-2014,01:03:49.391,102.571,102.569,1,3.75
14-08-2014,01:03:53.068,102.57,102.567,1,4.69
14-08-2014,01:03:53.572,102.57,102.567,1.5,5.44
14-08-2014,01:03:54.097,102.57,102.567,1.5,4.69
14-08-2014,01:03:55.589,102.57,102.569,1,3.75
14-08-2014,01:03:56.158,102.571,102.569,1,3.75
14-08-2014,01:03:58.987,102.571,102.568,1,4.5
14-08-2014,01:03:59.492,102.571,102.568,1.5,5.44
14-08-2014,01:04:00.151,102.571,102.568,1,4.5
14-08-2014,01:04:01.845,102.571,102.569,1,3.75
14-08-2014,01:04:15.780,102.572,102.569,1,3.94
14-08-2014,01:04:18.129,102.57,102.569,1,3.75
14-08-2014,01:04:18.641,102.571,102.569,1.5,3.75
14-08-2014,01:04:19.894,102.572,102.569,1.69,3.75
14-08-2014,01:04:21.644,102.571,102.569,1,3.75
14-08-2014,01:04:22.199,102.572,102.569,1.88,3.94
14-08-2014,01:04:33.876,102.572,102.568,2.44,5.44
14-08-2014,01:04:37.023,102.57,102.568,1,1.25
14-08-2014,01:04:37.527,102.571,102.569,1.69,3.75
14-08-2014,01:04:38.132,102.571,102.568,1.69,5.25
14-08-2014,01:04:38.642,102.57,102.568,1.5,1.5
14-08-2014,01:04:39.309,102.57,102.567,2.25,1
14-08-2014,01:04:39.813,102.571,102.568,2.44,1.5
14-08-2014,01:04:45.428,102.57,102.568,1.25,1
14-08-2014,01:04:45.933,102.569,102.568,1,1
14-08-2014,01:04:46.134,102.568,102.566,1,1
14-08-2014,01:04:46.638,102.568,102.565,1.69,5.25
14-08-2014,01:04:46.991,102.57,102.566,2.44,1.25
14-08-2014,01:04:47.604,102.57,102.566,1.5,6.19
14-08-2014,01:04:50.326,102.57,102.568,1,1.69
14-08-2014,01:04:50.377,102.572,102.569,2.44,3.75
14-08-2014,01:04:56.614,102.573,102.569,1.69,1.69
14-08-2014,01:04:58.537,102.572,102.569,1,2.44
14-08-2014,01:04:59.226,102.572,102.569,1,2.44
14-08-2014,01:04:59.730,102.573,102.569,1,2.44
14-08-2014,01:05:00.241,102.571,102.569,3.75,1.69
14-08-2014,01:05:00.694,102.569,102.568,1,1
14-08-2014,01:05:00.846,102.569,102.566,1,2.44
14-08-2014,01:05:01.350,102.568,102.566,1,1.69
14-08-2014,01:05:03.904,102.568,102.565,1.5,1.69
14-08-2014,01:05:07.640,102.568,102.567,1,4.5
14-08-2014,01:05:07.691,102.571,102.567,1,5.25
14-08-2014,01:05:08.194,102.571,102.567,1.25,6.19
14-08-2014,01:05:08.547,102.569,102.566,1,1.69
14-08-2014,01:05:09.123,102.569,102.566,1,1
14-08-2014,01:05:09.648,102.569,102.565,1,7.69
14-08-2014,01:05:09.951,102.569,102.566,1,1.19
14-08-2014,01:05:10.761,102.57,102.566,1,2.44
14-08-2014,01:05:15.178,102.57,102.566,1.69,6.19
14-08-2014,01:05:16.197,102.57,102.566,1.5,6.19
14-08-2014,01:05:18.503,102.57,102.567,1,5.44
14-08-2014,01:05:19.542,102.569,102.567,1,1.19
14-08-2014,01:05:19.593,102.569,102.566,1,4.69
14-08-2014,01:05:20.047,102.57,102.568,2.5,3.75
14-08-2014,01:05:20.576,102.57,102.568,1,3.75
14-08-2014,01:05:21.497,102.57,102.567,1,5.25
14-08-2014,01:05:25.733,102.569,102.567,1,3.75
14-08-2014,01:05:34.550,102.569,102.566,1.5,5.44
14-08-2014,01:05:36.541,102.568,102.566,1,1.25
14-08-2014,01:05:37.045,102.568,102.565,1,1.25
14-08-2014,01:05:37.701,102.568,102.566,1,1
14-08-2014,01:05:38.312,102.568,102.565,1,1.5
14-08-2014,01:05:38.876,102.568,102.566,1,1
14-08-2014,01:05:39.391,102.568,102.565,1,1
14-08-2014,01:05:41.188,102.568,102.566,1.25,1
14-08-2014,01:05:41.694,102.567,102.565,1,1.5
14-08-2014,01:05:42.587,102.566,102.564,1,4.69
14-08-2014,01:05:47.535,102.566,102.565,1,3.75
14-08-2014,01:05:52.493,102.567,102.565,1.5,3.75
14-08-2014,01:05:58.973,102.565,102.563,1,5.25
14-08-2014,01:06:14.301,102.565,102.562,1,1.69
14-08-2014,01:06:15.740,102.565,102.563,1,1
14-08-2014,01:06:16.305,102.565,102.562,1,1.5
14-08-2014,01:06:17.129,102.565,102.562,1,2.44
14-08-2014,01:06:18.357,102.565,102.562,1,1.69
14-08-2014,01:06:40.598,102.564,102.561,1,6.94
14-08-2014,01:06:41.107,102.564,102.561,1.5,5.44
14-08-2014,01:06:44.336,102.563,102.561,1.25,3.75
14-08-2014,01:06:47.854,102.564,102.561,2.44,3.75
14-08-2014,01:06:48.883,102.563,102.561,1,3.75
14-08-2014,01:06:49.337,102.562,102.559,1,4.88
14-08-2014,01:06:50.877,102.563,102.56,2.44,1
14-08-2014,01:06:52.665,102.562,102.56,1.25,1
14-08-2014,01:06:54.324,102.562,102.561,1.25,3.75
14-08-2014,01:06:55.404,102.562,102.56,1.25,4.5
14-08-2014,01:06:55.918,102.563,102.56,1.69,4.5
14-08-2014,01:06:57.495,102.563,102.56,1.69,4.5
14-08-2014,01:07:01.479,102.563,102.56,3,3.94
14-08-2014,01:07:08.447,102.563,102.559,4.69,1.69
14-08-2014,01:07:08.957,102.562,102.559,1,1.69
14-08-2014,01:07:09.724,102.563,102.559,6.94,1.25
14-08-2014,01:07:10.684,102.562,102.558,1.5,3.19
14-08-2014,01:07:21.532,102.562,102.56,2.44,3.75
14-08-2014,01:07:22.037,102.562,102.559,1.5,3.75
14-08-2014,01:07:22.635,102.562,102.56,1.5,3.94
14-08-2014,01:07:23.139,102.562,102.559,1.5,3.75
14-08-2014,01:07:23.644,102.561,102.559,1,3.75
14-08-2014,01:07:24.155,102.561,102.558,1,6.94
14-08-2014,01:07:24.924,102.561,102.558,1,6.94
14-08-2014,01:07:25.453,102.562,102.56,2.25,3.75
14-08-2014,01:07:29.464,102.562,102.559,1,4.69
14-08-2014,01:07:32.931,102.563,102.56,1,1
14-08-2014,01:07:33.435,102.564,102.561,1.5,3.75
14-08-2014,01:07:33.947,102.563,102.56,1,5.25
14-08-2014,01:07:53.218,102.563,102.559,4.5,1.25
14-08-2014,01:07:54.199,102.563,102.559,4.5,1.69
14-08-2014,01:07:55.223,102.563,102.559,4.5,1.5
14-08-2014,01:08:01.595,102.563,102.56,1.69,3.75
14-08-2014,01:08:02.106,102.563,102.561,1,3.75
14-08-2014,01:08:02.610,102.563,102.56,1,3.94
14-08-2014,01:08:03.968,102.562,102.56,1,3.94
14-08-2014,01:08:05.139,102.562,102.559,1,4.69
14-08-2014,01:08:07.939,102.563,102.559,1,4.69
14-08-2014,01:08:08.091,102.564,102.561,2.25,1
14-08-2014,01:08:08.849,102.563,102.56,1,5.44
14-08-2014,01:08:09.945,102.563,102.56,1,5.44
14-08-2014,01:08:10.887,102.563,102.561,1,1
14-08-2014,01:08:11.089,102.565,102.561,5.82,1.69
14-08-2014,01:08:14.171,102.565,102.561,1.5,5.44
14-08-2014,01:08:14.273,102.571,102.564,3,7.5
14-08-2014,01:08:14.727,102.573,102.569,3.94,6.94
14-08-2014,01:08:15.030,102.571,102.568,1.5,4.69
14-08-2014,01:08:15.080,102.571,102.567,5.25,1.5
14-08-2014,01:08:15.619,102.57,102.566,1,1.19
14-08-2014,01:08:15.720,102.568,102.566,1,1.19
14-08-2014,01:08:16.224,102.567,102.565,1,1.69
14-08-2014,01:08:16.728,102.568,102.565,1,1.69
14-08-2014,01:08:16.938,102.571,102.566,1,2.5
14-08-2014,01:08:17.039,102.569,102.567,1,1
14-08-2014,01:08:17.090,102.568,102.565,1,1.13
14-08-2014,01:08:17.627,102.569,102.565,4.5,2.07
14-08-2014,01:08:18.143,102.569,102.566,1,1
14-08-2014,01:08:19.070,102.569,102.565,1,1.69
14-08-2014,01:08:19.589,102.568,102.565,1.5,1.25
14-08-2014,01:08:23.064,102.568,102.566,1,1
14-08-2014,01:08:23.573,102.568,102.567,1,3.75
14-08-2014,01:08:24.255,102.569,102.567,1,3.75
14-08-2014,01:08:24.759,102.569,102.568,1,4.5
14-08-2014,01:08:25.451,102.569,102.567,1,1
14-08-2014,01:08:25.978,102.569,102.566,1,5.44
14-08-2014,01:08:26.530,102.569,102.567,1,1.69
14-08-2014,01:08:28.463,102.57,102.567,1,9.19
14-08-2014,01:08:28.967,102.571,102.569,1,3.75
14-08-2014,01:08:29.824,102.571,102.57,1,3.75
14-08-2014,01:08:30.984,102.573,102.57,1.5,6.19
14-08-2014,01:08:31.085,102.573,102.572,1,1
14-08-2014,01:08:31.338,102.576,102.573,1.5,4.69
14-08-2014,01:08:33.667,102.576,102.574,1.5,3.75
14-08-2014,01:08:34.976,102.577,102.574,1.25,3.75
14-08-2014,01:08:37.798,102.578,102.574,1.5,6.19
14-08-2014,01:08:38.302,102.579,102.575,1.25,7.69
14-08-2014,01:08:38.809,102.58,102.575,6.57,7.69
14-08-2014,01:08:40.327,102.579,102.575,1,6.19
14-08-2014,01:08:40.832,102.58,102.575,1.69,6.94
14-08-2014,01:08:41.875,102.579,102.575,1,6.19
14-08-2014,01:08:42.379,102.578,102.575,1.5,2.44
14-08-2014,01:08:43.972,102.578,102.574,1,3.19
14-08-2014,01:08:44.476,102.578,102.575,1.5,1.69
14-08-2014,01:08:45.453,102.578,102.577,1.5,1
14-08-2014,01:08:45.625,102.581,102.578,1.5,1.69
14-08-2014,01:08:46.135,102.582,102.578,1.69,1.69
14-08-2014,01:08:46.690,102.581,102.578,1,1.25
14-08-2014,01:08:47.194,102.58,102.577,1.5,1.25
14-08-2014,01:08:48.053,102.58,102.576,4.69,1.69
14-08-2014,01:08:48.557,102.58,102.576,5.44,1.69
14-08-2014,01:08:51.315,102.58,102.576,5.07,1.69
14-08-2014,01:08:52.645,102.58,102.578,5.44,1
14-08-2014,01:08:52.846,102.582,102.579,1.5,3.75
14-08-2014,01:08:53.350,102.582,102.578,4.5,3
14-08-2014,01:08:53.854,102.582,102.579,5.25,1.25
14-08-2014,01:09:01.383,102.582,102.579,1,4.69
14-08-2014,01:09:01.901,102.582,102.579,1,3.94
14-08-2014,01:09:02.668,102.582,102.579,1,4.69
14-08-2014,01:09:04.167,102.582,102.579,1,3.75
14-08-2014,01:09:04.671,102.582,102.578,1,6.19
14-08-2014,01:09:04.822,102.58,102.578,1,1.69
14-08-2014,01:09:05.333,102.579,102.577,1,3.75
14-08-2014,01:09:05.835,102.579,102.576,1,2.44
14-08-2014,01:09:06.137,102.579,102.578,1,3.75
14-08-2014,01:09:06.541,102.582,102.578,1.5,5.25
14-08-2014,01:09:06.944,102.58,102.578,1.5,1
14-08-2014,01:09:07.448,102.579,102.577,1,4.69
14-08-2014,01:09:07.952,102.58,102.577,2.25,4.69
14-08-2014,01:09:10.286,102.58,102.576,1.5,5.44
14-08-2014,01:09:10.588,102.58,102.578,1,4.69
14-08-2014,01:09:13.123,102.581,102.578,1,5.44
14-08-2014,01:09:13.426,102.578,102.576,1.5,1.25
14-08-2014,01:09:13.729,102.576,102.574,1,1
14-08-2014,01:09:14.232,102.575,102.573,1,5.25
14-08-2014,01:09:14.636,102.578,102.574,5.44,1
14-08-2014,01:09:15.187,102.579,102.575,5.44,1.25
14-08-2014,01:09:15.920,102.579,102.574,6,6.19
14-08-2014,01:09:17.110,102.579,102.574,7.32,6.19
14-08-2014,01:09:19.444,102.578,102.574,3.75,2.44
14-08-2014,01:09:19.495,102.576,102.574,1,1
14-08-2014,01:09:19.999,102.575,102.573,1,1
14-08-2014,01:09:21.877,102.575,102.572,1.5,5.44
14-08-2014,01:09:22.396,102.574,102.571,1,1
14-08-2014,01:09:22.900,102.574,102.572,1,1
14-08-2014,01:09:23.404,102.574,102.571,1,5.25
14-08-2014,01:09:25.062,102.574,102.572,1,3.75
14-08-2014,01:09:27.247,102.574,102.571,1.5,4.5
14-08-2014,01:09:27.766,102.573,102.571,1,4.5
14-08-2014,01:09:28.303,102.573,102.57,1,1.69
14-08-2014,01:09:29.153,102.573,102.571,1,1
14-08-2014,01:09:31.006,102.573,102.57,4.69,1
14-08-2014,01:09:31.418,102.571,102.57,1,1
14-08-2014,01:09:31.468,102.57,102.567,1,5.25
14-08-2014,01:09:31.771,102.57,102.565,5.25,5.82
14-08-2014,01:09:32.283,102.569,102.565,3.75,1.69
14-08-2014,01:09:32.453,102.569,102.567,3.75,1
14-08-2014,01:09:32.705,102.572,102.568,3.19,6
14-08-2014,01:09:33.210,102.57,102.567,2.25,5.44
14-08-2014,01:09:33.626,102.57,102.569,1,3.75
14-08-2014,01:09:33.727,102.572,102.569,1.25,3.75
14-08-2014,01:09:34.245,102.572,102.57,1.25,3.75
14-08-2014,01:09:34.789,102.573,102.57,1.69,3.75
14-08-2014,01:09:38.478,102.573,102.569,1.69,5.44
14-08-2014,01:09:39.885,102.573,102.57,2.44,3.75
14-08-2014,01:09:40.399,102.573,102.569,2.44,4.69
14-08-2014,01:09:41.657,102.573,102.57,1.25,3.75
14-08-2014,01:09:43.664,102.573,102.569,1.69,4.69
14-08-2014,01:09:50.492,102.573,102.571,1.25,3.75
14-08-2014,01:09:50.997,102.574,102.57,1.69,4.69
14-08-2014,01:09:55.237,102.573,102.57,1,4.69
14-08-2014,01:09:59.174,102.573,102.571,1.69,3.75
14-08-2014,01:10:01.016,102.573,102.57,1.69,3.75
14-08-2014,01:10:06.004,102.572,102.57,1,3.75
14-08-2014,01:10:07.045,102.571,102.57,1,3.75
14-08-2014,01:10:07.197,102.571,102.568,1,3.75
14-08-2014,01:10:09.774,102.571,102.568,1.69,3.75
14-08-2014,01:10:12.175,102.571,102.568,1.25,3.75
14-08-2014,01:10:13.810,102.571,102.569,1.69,3.75
14-08-2014,01:10:16.007,102.571,102.568,1.69,3.75
14-08-2014,01:10:16.516,102.571,102.569,1.69,3.75
14-08-2014,01:10:17.020,102.571,102.568,1.69,5.25
14-08-2014,01:10:17.544,102.571,102.569,1,4.5
14-08-2014,01:10:27.248,102.573,102.569,2.25,1
14-08-2014,01:10:29.818,102.573,102.569,4.69,4.5
14-08-2014,01:10:32.946,102.573,102.569,3.19,4.5
14-08-2014,01:10:33.510,102.572,102.569,1,4.69
14-08-2014,01:10:34.974,102.573,102.569,3.94,4.69
14-08-2014,01:10:39.117,102.573,102.569,3.94,1
14-08-2014,01:10:40.124,102.573,102.569,3,1
14-08-2014,01:10:41.851,102.572,102.569,1.25,1
14-08-2014,01:10:41.953,102.571,102.567,1,7.5
14-08-2014,01:10:42.457,102.571,102.568,1.5,4.69
14-08-2014,01:10:48.448,102.571,102.568,1.5,5.44
14-08-2014,01:10:50.032,102.57,102.568,1,5.44
14-08-2014,01:10:51.166,102.57,102.568,1,5.44
14-08-2014,01:10:53.558,102.57,102.568,1,5.44
14-08-2014,01:10:53.962,102.572,102.568,3,6
14-08-2014,01:10:55.972,102.57,102.568,1,4.5
14-08-2014,01:10:56.676,102.57,102.567,1.5,1
14-08-2014,01:10:57.204,102.57,102.568,1.5,1
14-08-2014,01:10:57.768,102.572,102.569,1.69,1
14-08-2014,01:10:57.919,102.572,102.571,3.75,1
14-08-2014,01:10:58.020,102.575,102.571,2.25,5.25
14-08-2014,01:10:58.524,102.575,102.572,1,2.44
14-08-2014,01:10:59.028,102.576,102.573,1.69,5.25
14-08-2014,01:10:59.533,102.575,102.573,1,5.44
14-08-2014,01:11:02.783,102.577,102.575,1,1
