Date,Time,Ask,Bid,AskVolume,BidVolume
08-09-2014,00:00:01.472,1.29522,1.29518,2.25,1.5
08-09-2014,00:00:02.570,1.29521,1.29518,1,1
08-09-2014,00:00:03.272,1.29519,1.29517,1,1.69
08-09-2014,00:00:03.475,1.29519,1.29515,1.5,1.31
08-09-2014,00:00:03.778,1.29516,1.29514,1.5,1.87
08-09-2014,00:00:04.031,1.29514,1.2951,2.44,1
08-09-2014,00:00:04.385,1.29513,1.29508,1,3
08-09-2014,00:00:04.891,1.29513,1.29509,1,1
08-09-2014,00:00:05.403,1.29512,1.29509,1,1
08-09-2014,00:00:05.946,1.29513,1.29509,1.5,1.5
08-09-2014,00:00:06.704,1.29512,1.29509,1,1
08-09-2014,00:00:11.506,1.29513,1.2951,1.5,1.05
08-09-2014,00:00:11.607,1.29515,1.2951,4.69,3.3
08-09-2014,00:00:11.912,1.29511,1.2951,1,1
08-09-2014,00:00:12.013,1.29511,1.29508,1,1.5
08-09-2014,00:00:12.519,1.29512,1.29508,2.25,2.25
08-09-2014,00:00:14.325,1.29512,1.29508,3.94,2.25
08-09-2014,00:00:14.931,1.29512,1.29508,2.44,1.5
08-09-2014,00:00:15.184,1.29512,1.2951,1.69,1
08-09-2014,00:00:15.690,1.29513,1.29509,2.44,3.75
08-09-2014,00:00:17.254,1.29513,1.29509,4.69,1.5
08-09-2014,00:00:18.237,1.29513,1.29509,2.44,1.5
08-09-2014,00:00:18.752,1.29512,1.29508,2.44,2.25
08-09-2014,00:00:20.444,1.29511,1.29508,2.44,1.5
08-09-2014,00:00:21.453,1.29512,1.29508,5.44,1.5
08-09-2014,00:00:29.279,1.29512,1.29509,3.94,1
08-09-2014,00:00:30.194,1.29513,1.29509,3.19,3
08-09-2014,00:00:30.497,1.29514,1.29511,2.25,3
08-09-2014,00:00:31.004,1.29514,1.2951,3.75,1.5
08-09-2014,00:00:31.308,1.29512,1.29509,1.69,1.5
08-09-2014,00:00:40.277,1.29512,1.29511,1.25,1
08-09-2014,00:00:40.430,1.29513,1.29509,1.25,1.5
08-09-2014,00:00:43.495,1.29514,1.2951,5.44,1
08-09-2014,00:00:44.322,1.29514,1.29508,5.44,3
08-09-2014,00:00:44.823,1.29512,1.2951,1.25,1
08-09-2014,00:00:45.128,1.29512,1.29508,1.25,3.75
08-09-2014,00:00:47.614,1.29512,1.29509,1.25,1
08-09-2014,00:00:48.374,1.29512,1.29508,1.25,1.5
08-09-2014,00:00:48.880,1.29511,1.29507,1.5,1.5
08-09-2014,00:01:02.092,1.29511,1.29508,1,1
08-09-2014,00:01:03.682,1.29509,1.29508,1,1
08-09-2014,00:01:04.036,1.29509,1.29506,1,1.5
08-09-2014,00:01:04.546,1.29508,1.29505,1,3.19
08-09-2014,00:01:05.059,1.29509,1.29505,1.5,3
08-09-2014,00:01:05.584,1.29508,1.29505,1,3.75
08-09-2014,00:01:06.148,1.29506,1.29505,1,1
08-09-2014,00:01:06.249,1.29506,1.29504,5.25,1.5
08-09-2014,00:01:06.351,1.29503,1.29501,1,1
08-09-2014,00:01:06.503,1.29502,1.295,1,1
08-09-2014,00:01:07.010,1.29503,1.295,2.25,1.5
08-09-2014,00:01:07.719,1.29504,1.295,3,1.87
08-09-2014,00:01:08.659,1.29503,1.295,1,1.25
08-09-2014,00:01:09.295,1.29504,1.295,3,2.44
08-09-2014,00:01:09.806,1.29503,1.295,1.5,1.69
08-09-2014,00:01:10.310,1.29504,1.295,3,1.25
08-09-2014,00:01:10.868,1.29503,1.295,1.5,2.44
08-09-2014,00:01:11.373,1.29504,1.295,1.5,5.06
08-09-2014,00:01:11.879,1.29503,1.295,1.5,2.44
08-09-2014,00:01:12.389,1.29503,1.295,1.5,3
08-09-2014,00:01:12.925,1.29504,1.295,1.5,2.25
08-09-2014,00:01:13.430,1.29504,1.29502,2.25,1
08-09-2014,00:01:13.784,1.29506,1.29503,1,1
08-09-2014,00:01:13.936,1.29507,1.29505,1.69,1.5
08-09-2014,00:01:14.441,1.29507,1.29505,1,1
08-09-2014,00:01:16.727,1.29507,1.29504,1,1
08-09-2014,00:01:17.274,1.29508,1.29504,5.25,1
08-09-2014,00:01:20.887,1.29508,1.29506,3,1
08-09-2014,00:01:21.190,1.29508,1.29504,3.19,1
08-09-2014,00:01:22.832,1.29507,1.29503,1.5,4.5
08-09-2014,00:01:23.741,1.29506,1.29503,1,2.25
08-09-2014,00:01:24.247,1.29507,1.29503,2.44,2.25
08-09-2014,00:01:29.844,1.29507,1.29504,1.69,1
08-09-2014,00:01:33.541,1.29508,1.29504,3.19,1.5
08-09-2014,00:01:36.129,1.29507,1.29504,1.25,1
08-09-2014,00:01:37.066,1.29508,1.29504,2.44,1
08-09-2014,00:01:38.238,1.29507,1.29504,1,1
08-09-2014,00:01:38.744,1.29506,1.29503,1,3
08-09-2014,00:01:39.249,1.29507,1.29503,3,3
08-09-2014,00:01:40.241,1.29506,1.29503,1,1.5
08-09-2014,00:01:40.753,1.29507,1.29503,2.25,1.5
08-09-2014,00:01:41.262,1.29506,1.29503,1,1.5
08-09-2014,00:01:41.776,1.29507,1.29504,1.5,1.5
08-09-2014,00:01:42.369,1.29507,1.29505,1.5,1
08-09-2014,00:01:42.875,1.29507,1.29505,1,1
08-09-2014,00:01:45.455,1.29507,1.29504,1,1.5
08-09-2014,00:01:46.479,1.29507,1.29505,1.25,1
08-09-2014,00:01:50.043,1.29508,1.29505,1.69,1
08-09-2014,00:01:51.588,1.29509,1.29505,3.75,2.25
08-09-2014,00:01:51.943,1.2951,1.29508,1.87,1
08-09-2014,00:01:52.249,1.29515,1.29512,1,3.75
08-09-2014,00:01:52.451,1.29516,1.29514,1.5,1
08-09-2014,00:01:52.603,1.29518,1.29514,1,2.25
08-09-2014,00:01:53.311,1.29517,1.29514,1,3.19
08-09-2014,00:01:53.820,1.29518,1.29514,1,2.44
08-09-2014,00:01:55.241,1.29519,1.29515,4.5,1
08-09-2014,00:02:00.249,1.29519,1.29514,6.19,1.5
08-09-2014,00:02:01.018,1.29519,1.29514,5.44,1.5
08-09-2014,00:02:01.559,1.29519,1.29514,1.5,3
08-09-2014,00:02:01.932,1.2952,1.29516,6.19,1
08-09-2014,00:02:02.186,1.29522,1.29517,1.25,3
08-09-2014,00:02:02.287,1.29523,1.29519,7.69,1
08-09-2014,00:02:02.808,1.29523,1.29519,4.69,1
08-09-2014,00:02:03.318,1.29522,1.29518,1,1
08-09-2014,00:02:04.730,1.29523,1.29519,4.69,1
08-09-2014,00:02:05.621,1.29523,1.29519,3.19,1
08-09-2014,00:02:06.128,1.29522,1.29519,1,1
08-09-2014,00:02:06.682,1.29523,1.29519,3.75,1
08-09-2014,00:02:07.188,1.29522,1.29519,1,1
08-09-2014,00:02:07.694,1.29523,1.29519,6.37,1
08-09-2014,00:02:08.300,1.29522,1.29518,1,1
08-09-2014,00:02:08.805,1.29522,1.29519,1,1
08-09-2014,00:02:09.311,1.29522,1.29518,1,1
08-09-2014,00:02:09.823,1.29521,1.29517,1,5.25
08-09-2014,00:02:11.270,1.29522,1.29518,2.44,1
08-09-2014,00:02:12.206,1.29521,1.29518,1,1
08-09-2014,00:02:12.712,1.29522,1.29518,1.25,1
08-09-2014,00:02:13.017,1.29524,1.2952,3.75,1
08-09-2014,00:02:13.529,1.29525,1.2952,2.25,4.69
08-09-2014,00:02:15.436,1.29524,1.2952,1,3.75
08-09-2014,00:02:16.813,1.29525,1.2952,4.87,3
08-09-2014,00:02:17.321,1.29524,1.2952,1.5,1.5
08-09-2014,00:02:20.512,1.29525,1.29521,4.5,1
08-09-2014,00:02:21.016,1.29524,1.29521,1,1
08-09-2014,00:02:22.140,1.29525,1.29521,4.69,1
08-09-2014,00:02:24.167,1.29525,1.29521,3.94,1
08-09-2014,00:02:24.706,1.29525,1.29521,3,1
08-09-2014,00:02:25.260,1.29524,1.2952,1.25,1.5
08-09-2014,00:02:25.792,1.29525,1.2952,4.5,1
08-09-2014,00:02:26.096,1.29525,1.29522,4.5,1
08-09-2014,00:02:28.849,1.29525,1.29523,3,1
08-09-2014,00:02:32.108,1.29525,1.29523,1.5,1
08-09-2014,00:02:38.393,1.29525,1.29523,1.69,1
08-09-2014,00:02:39.316,1.29525,1.29521,3.94,2.25
08-09-2014,00:02:41.272,1.29525,1.29521,4.31,2.25
08-09-2014,00:02:41.373,1.29525,1.29522,3.19,1.5
08-09-2014,00:02:41.831,1.29526,1.29524,1.31,1
08-09-2014,00:02:42.753,1.29526,1.29522,1.62,3
08-09-2014,00:02:43.313,1.29526,1.29524,1.31,1
08-09-2014,00:02:43.819,1.29527,1.29523,3.56,1
08-09-2014,00:02:44.324,1.29527,1.29524,5.06,1
08-09-2014,00:02:44.869,1.29527,1.29524,5.06,1
08-09-2014,00:02:45.727,1.29527,1.29524,5.06,1
08-09-2014,00:02:46.335,1.29527,1.29524,3.56,1
08-09-2014,00:02:46.841,1.29527,1.29524,3.56,1
08-09-2014,00:02:47.343,1.29527,1.29524,3.56,1
08-09-2014,00:02:48.102,1.29527,1.29524,3.56,1
08-09-2014,00:02:48.705,1.29527,1.29523,3.56,1
08-09-2014,00:02:49.211,1.29526,1.29522,1.12,3
08-09-2014,00:02:49.768,1.29526,1.29522,3.56,3
08-09-2014,00:02:50.286,1.29526,1.29522,3.56,1.5
08-09-2014,00:02:50.792,1.29526,1.29522,3.56,1.5
08-09-2014,00:02:51.510,1.29526,1.29522,3.56,1.5
08-09-2014,00:02:52.117,1.29526,1.29522,1.37,1.5
08-09-2014,00:02:52.636,1.29526,1.29522,1.12,1.5
08-09-2014,00:02:53.349,1.29526,1.29522,1.37,1.5
08-09-2014,00:02:53.874,1.29526,1.29522,1.12,1.5
08-09-2014,00:02:54.538,1.29526,1.29522,1.37,1.5
08-09-2014,00:02:55.047,1.29526,1.29522,1.12,1.5
08-09-2014,00:02:55.615,1.29526,1.29522,1.37,2.25
08-09-2014,00:02:56.124,1.29526,1.29522,1.12,1.5
08-09-2014,00:02:56.705,1.29526,1.29522,1.37,1.5
08-09-2014,00:02:57.214,1.29526,1.29522,1.12,1.5
08-09-2014,00:02:58.223,1.29526,1.29522,1.37,1.5
08-09-2014,00:02:59.450,1.29526,1.29522,1.12,1.5
08-09-2014,00:02:59.982,1.29526,1.29522,1.37,1
08-09-2014,00:03:00.597,1.29526,1.29522,3.56,1
08-09-2014,00:03:01.302,1.29526,1.29522,4.31,1
08-09-2014,00:03:01.832,1.29526,1.29522,5.44,1
08-09-2014,00:03:02.387,1.29526,1.29522,5.44,1
08-09-2014,00:03:03.218,1.29525,1.29523,1,2.25
08-09-2014,00:03:03.269,1.29527,1.29523,3.94,3
08-09-2014,00:03:03.421,1.29527,1.29526,1,1
08-09-2014,00:03:03.926,1.29528,1.29525,2.44,2.25
08-09-2014,00:03:04.459,1.29529,1.29525,2.44,2.25
08-09-2014,00:03:05.019,1.29529,1.29526,1.5,1
08-09-2014,00:03:05.324,1.29531,1.29528,2.06,1.5
08-09-2014,00:03:05.832,1.29531,1.29528,1.25,1
08-09-2014,00:03:06.417,1.29532,1.29527,2.44,3.75
08-09-2014,00:03:07.873,1.29532,1.29528,2.44,1.5
08-09-2014,00:03:08.178,1.29533,1.29532,1.25,1
08-09-2014,00:03:08.634,1.29533,1.2953,1.69,2.25
08-09-2014,00:03:08.887,1.29532,1.29527,1.5,5.25
08-09-2014,00:03:09.392,1.29532,1.29528,1,1
08-09-2014,00:03:09.898,1.29532,1.29529,1.25,1
08-09-2014,00:03:11.023,1.29532,1.2953,3.94,1
08-09-2014,00:03:11.124,1.29532,1.29528,3.94,2.25
08-09-2014,00:03:13.834,1.29532,1.29529,3.19,1
08-09-2014,00:03:14.339,1.29532,1.29529,1,1
08-09-2014,00:03:15.632,1.29531,1.29528,1.5,1
08-09-2014,00:03:16.137,1.29532,1.29528,3.19,1.5
08-09-2014,00:03:22.058,1.29532,1.29528,4.69,2.25
08-09-2014,00:03:23.699,1.29531,1.29527,1.25,2.25
08-09-2014,00:03:24.875,1.2953,1.29527,1,1.5
08-09-2014,00:03:25.383,1.29529,1.29526,1.69,1
08-09-2014,00:03:25.890,1.29528,1.29525,1,2.62
08-09-2014,00:03:26.346,1.29525,1.29523,3.75,1
08-09-2014,00:03:26.397,1.29524,1.29522,2.25,1
08-09-2014,00:03:26.549,1.29523,1.29521,2.44,1
08-09-2014,00:03:26.810,1.29522,1.29519,1.25,2.25
08-09-2014,00:03:26.963,1.29521,1.29517,2.44,2.25
08-09-2014,00:03:27.722,1.2952,1.29516,1,3
08-09-2014,00:03:28.506,1.29521,1.29517,4.31,1
08-09-2014,00:03:29.022,1.29519,1.29516,1,1.5
08-09-2014,00:03:29.227,1.29517,1.29515,1,1
08-09-2014,00:03:29.429,1.29517,1.29513,1.69,3
08-09-2014,00:03:35.403,1.29516,1.29513,1.25,3
08-09-2014,00:03:39.403,1.29517,1.29513,1.25,2.25
08-09-2014,00:03:40.426,1.29516,1.29513,1.25,3
08-09-2014,00:03:49.503,1.29517,1.29513,1.25,2.25
08-09-2014,00:03:51.557,1.29517,1.29513,3.19,2.25
08-09-2014,00:03:53.528,1.29517,1.29513,1.69,2.25
08-09-2014,00:04:14.612,1.29517,1.29513,3.94,3
08-09-2014,00:04:15.941,1.29517,1.29514,3.94,1.5
08-09-2014,00:04:16.960,1.29517,1.29513,3.94,3
08-09-2014,00:04:17.630,1.29517,1.29513,1.69,3
08-09-2014,00:04:18.557,1.29517,1.29515,1.69,1.5
08-09-2014,00:04:19.074,1.29517,1.29514,1.69,1
08-09-2014,00:04:20.043,1.29517,1.29515,1.69,1
08-09-2014,00:04:20.147,1.29517,1.29513,1.69,2.25
08-09-2014,00:04:20.197,1.29515,1.29513,1.25,2.25
08-09-2014,00:04:20.602,1.29514,1.29511,1.25,1.5
08-09-2014,00:04:21.009,1.29512,1.2951,1.25,2.25
08-09-2014,00:04:21.263,1.29512,1.29507,1.69,4.5
08-09-2014,00:04:21.668,1.2951,1.29507,1,1
08-09-2014,00:04:22.174,1.29511,1.29507,2.44,3
08-09-2014,00:04:23.136,1.29511,1.29506,1.25,2.25
08-09-2014,00:04:23.642,1.2951,1.29506,2.06,1.5
08-09-2014,00:04:23.945,1.2951,1.29508,1.69,1
08-09-2014,00:04:24.654,1.29511,1.29509,5.44,1
08-09-2014,00:04:25.160,1.29512,1.2951,1,1
08-09-2014,00:04:25.463,1.29516,1.29514,2.25,1
08-09-2014,00:04:25.666,1.29516,1.29513,1.5,1
08-09-2014,00:04:26.172,1.29515,1.29512,3.94,1
08-09-2014,00:04:26.829,1.29514,1.29512,1.25,1
08-09-2014,00:04:27.342,1.29514,1.29512,1.25,1
08-09-2014,00:04:27.883,1.29515,1.29513,1.69,1
08-09-2014,00:04:28.049,1.29515,1.29512,1.69,1.5
08-09-2014,00:04:29.299,1.29514,1.29512,1,1
08-09-2014,00:04:31.386,1.29515,1.29512,2.44,1
08-09-2014,00:04:31.893,1.29514,1.29512,1,1
08-09-2014,00:04:34.863,1.29514,1.29512,3.19,1.5
08-09-2014,00:04:35.890,1.29514,1.29512,1.69,1.5
08-09-2014,00:04:40.962,1.29513,1.29512,1,1
08-09-2014,00:04:41.063,1.29513,1.2951,2.25,1.5
08-09-2014,00:04:41.620,1.29513,1.29511,2.25,1
08-09-2014,00:04:42.127,1.29513,1.2951,5.44,1.5
08-09-2014,00:04:43.041,1.29512,1.2951,1,1.5
08-09-2014,00:04:43.548,1.29513,1.2951,6.19,1.5
08-09-2014,00:04:44.055,1.29513,1.29511,6.19,1
08-09-2014,00:04:44.563,1.29513,1.2951,5.44,1.5
08-09-2014,00:04:45.485,1.29513,1.29511,5.44,1
08-09-2014,00:04:45.991,1.29514,1.29512,3.19,1
08-09-2014,00:04:47.620,1.29514,1.29511,3.94,2.25
08-09-2014,00:04:52.069,1.29514,1.29512,1.69,1
08-09-2014,00:04:53.702,1.29514,1.29512,3.94,1
08-09-2014,00:04:57.736,1.29514,1.29512,1.5,1.5
08-09-2014,00:05:00.074,1.29515,1.29513,6.04,1
08-09-2014,00:05:00.951,1.29514,1.29513,1.69,1
08-09-2014,00:05:02.723,1.29513,1.29511,2.44,2.25
08-09-2014,00:05:03.228,1.29515,1.29513,4.5,1
08-09-2014,00:05:03.734,1.29514,1.29513,1.5,1.5
08-09-2014,00:05:03.987,1.29516,1.29513,4.69,1.5
08-09-2014,00:05:04.544,1.29515,1.29513,2.44,3
08-09-2014,00:05:05.049,1.29516,1.29513,3.94,2.25
08-09-2014,00:05:05.670,1.29516,1.29514,4.31,1
08-09-2014,00:05:06.192,1.29516,1.29514,3.94,1
08-09-2014,00:05:06.699,1.29516,1.29513,3.19,3
08-09-2014,00:05:07.208,1.29516,1.29513,3.19,3
08-09-2014,00:05:07.721,1.29516,1.29514,3.19,1
08-09-2014,00:05:08.230,1.29516,1.29513,2.25,3
08-09-2014,00:05:08.798,1.29516,1.29514,1,1
08-09-2014,00:05:09.374,1.29516,1.29513,1,3
08-09-2014,00:05:10.405,1.29516,1.29514,1.69,1
08-09-2014,00:05:11.026,1.29516,1.29514,3.94,1
08-09-2014,00:05:11.540,1.29516,1.29513,2.81,2.25
08-09-2014,00:05:12.203,1.29515,1.29513,1.12,2.25
08-09-2014,00:05:13.239,1.29515,1.29514,3.19,1
08-09-2014,00:05:13.744,1.29515,1.29513,2.44,1
08-09-2014,00:05:14.266,1.29515,1.29514,3.56,1
08-09-2014,00:05:14.985,1.29515,1.29513,3.56,1.5
08-09-2014,00:05:16.936,1.29516,1.29514,4.69,1
08-09-2014,00:05:17.448,1.29516,1.29515,2.25,1
08-09-2014,00:05:17.958,1.29516,1.29514,2.44,1.5
08-09-2014,00:05:18.062,1.29517,1.29514,3.19,1.5
08-09-2014,00:05:19.087,1.29516,1.29514,1.25,1.61
08-09-2014,00:05:19.601,1.29517,1.29514,1.25,1.5
08-09-2014,00:05:25.646,1.29518,1.29515,1.69,1.5
08-09-2014,00:05:26.152,1.29518,1.29515,1,1.5
08-09-2014,00:05:31.056,1.29519,1.29515,3.94,2.25
08-09-2014,00:05:31.158,1.2952,1.29517,2.25,1
08-09-2014,00:05:31.361,1.29522,1.29518,2.44,2.25
08-09-2014,00:05:31.464,1.29523,1.2952,6.56,1
08-09-2014,00:05:34.439,1.29523,1.2952,4.69,1
08-09-2014,00:05:50.455,1.29523,1.2952,3.19,1
08-09-2014,00:06:02.899,1.29523,1.29521,3.37,1
08-09-2014,00:06:09.611,1.29523,1.29521,5.44,1
08-09-2014,00:06:10.133,1.29523,1.2952,6.19,1.5
08-09-2014,00:06:10.640,1.29523,1.29521,3.94,1
08-09-2014,00:06:11.248,1.29524,1.29523,2.44,1
08-09-2014,00:06:11.653,1.29527,1.29523,5.81,1.5
08-09-2014,00:06:12.158,1.29527,1.29522,3.75,3.75
08-09-2014,00:06:12.667,1.29527,1.29523,6,1.5
08-09-2014,00:06:18.675,1.29526,1.29523,1,1.5
08-09-2014,00:06:19.187,1.29526,1.29522,1,2.44
08-09-2014,00:06:20.937,1.29526,1.29524,1.25,1
08-09-2014,00:06:27.216,1.29527,1.29524,3,1
08-09-2014,00:06:43.642,1.29527,1.29525,1.5,1
08-09-2014,00:06:43.946,1.29529,1.29526,3.75,1
08-09-2014,00:06:44.402,1.29531,1.29529,3.79,1
08-09-2014,00:06:45.452,1.29532,1.2953,1,1
08-09-2014,00:06:45.757,1.29535,1.29532,1,2.5
08-09-2014,00:06:46.263,1.29535,1.29533,1,1
08-09-2014,00:06:46.966,1.29535,1.29532,1,3
08-09-2014,00:06:47.656,1.29535,1.29533,1,1
08-09-2014,00:06:50.125,1.29536,1.29533,1,1.5
08-09-2014,00:06:52.066,1.29535,1.29533,1,1.5
08-09-2014,00:06:54.798,1.29536,1.29534,1,1
08-09-2014,00:07:00.521,1.29535,1.29533,1,3
08-09-2014,00:07:01.032,1.29536,1.29533,1.5,2.25
08-09-2014,00:07:01.541,1.29537,1.29533,2.25,1.5
08-09-2014,00:07:02.052,1.29537,1.29534,2.25,2.25
08-09-2014,00:07:05.215,1.29536,1.29534,1.5,1.5
08-09-2014,00:07:05.721,1.29537,1.29534,1,1.5
08-09-2014,00:07:06.843,1.29536,1.29534,1,1.5
08-09-2014,00:07:07.352,1.29537,1.29534,1.25,2.25
08-09-2014,00:07:08.201,1.29536,1.29534,1,3
08-09-2014,00:07:08.757,1.29537,1.29534,1.25,2.25
08-09-2014,00:07:14.127,1.29537,1.29534,2.06,1
08-09-2014,00:07:14.380,1.29537,1.29531,6.94,6.56
08-09-2014,00:07:14.953,1.29537,1.29531,6.94,5.81
08-09-2014,00:07:15.054,1.29537,1.29533,6.19,1
08-09-2014,00:07:15.613,1.29536,1.29534,1.31,1
08-09-2014,00:07:16.022,1.29539,1.29535,1.69,1
08-09-2014,00:07:16.528,1.29538,1.29534,1,3.75
08-09-2014,00:07:17.119,1.29539,1.29534,3,3.75
08-09-2014,00:07:17.813,1.29539,1.29535,3,1
08-09-2014,00:07:18.397,1.29538,1.29535,1,1
08-09-2014,00:07:20.551,1.29541,1.29536,9,1.87
08-09-2014,00:07:20.855,1.29543,1.2954,1.87,5.25
08-09-2014,00:07:21.461,1.29543,1.29539,1.12,3.37
08-09-2014,00:07:21.714,1.29543,1.29541,1.12,1
08-09-2014,00:07:22.854,1.29544,1.29541,4.31,2.25
08-09-2014,00:07:23.713,1.29544,1.2954,2.62,4.5
08-09-2014,00:07:24.660,1.29544,1.29541,6.56,1
08-09-2014,00:07:25.230,1.29544,1.2954,4.31,1
08-09-2014,00:07:25.885,1.29544,1.29541,4.31,1
08-09-2014,00:07:26.390,1.29544,1.2954,5.81,2.62
08-09-2014,00:07:28.624,1.29544,1.2954,4.31,1
08-09-2014,00:07:29.624,1.29544,1.2954,3.37,1.87
08-09-2014,00:07:33.870,1.29543,1.2954,1.12,1
08-09-2014,00:07:35.460,1.29543,1.29539,1.12,3
08-09-2014,00:07:35.977,1.29543,1.2954,1.12,1.87
08-09-2014,00:07:42.033,1.29543,1.29539,1.12,3
08-09-2014,00:07:42.548,1.29544,1.29539,5.06,3
08-09-2014,00:07:43.053,1.29543,1.29539,1.87,3.75
08-09-2014,00:07:43.408,1.29541,1.29538,1,1
08-09-2014,00:07:43.914,1.2954,1.29537,1.12,1.69
08-09-2014,00:07:44.460,1.29541,1.29537,5.06,1
08-09-2014,00:07:44.966,1.2954,1.29537,1.5,1
08-09-2014,00:07:45.471,1.2954,1.29536,1,4.5
08-09-2014,00:07:45.824,1.29542,1.29537,4.69,2.25
08-09-2014,00:07:46.329,1.29542,1.29538,1.69,1
08-09-2014,00:07:46.835,1.29541,1.29538,1,1
08-09-2014,00:07:47.342,1.29542,1.29538,1.69,1
08-09-2014,00:07:48.414,1.29541,1.29538,1,1.5
08-09-2014,00:07:49.122,1.29542,1.29538,1.5,1.5
08-09-2014,00:07:53.836,1.29542,1.29538,3.94,1.5
08-09-2014,00:07:56.808,1.29542,1.29538,3,1.5
08-09-2014,00:07:58.174,1.29541,1.29538,1,1.5
08-09-2014,00:07:58.697,1.29542,1.29538,1.5,1.5
08-09-2014,00:08:05.157,1.29541,1.29538,1,1
08-09-2014,00:08:05.663,1.29541,1.29537,3.37,1.5
08-09-2014,00:08:06.169,1.2954,1.29537,1,1.5
08-09-2014,00:08:06.745,1.29541,1.29537,3.19,1.5
08-09-2014,00:08:07.251,1.29542,1.29538,2.25,3
08-09-2014,00:08:08.656,1.29542,1.29539,1.5,1
08-09-2014,00:08:09.162,1.29543,1.29539,3.19,3
08-09-2014,00:08:10.189,1.29543,1.2954,3.19,1
08-09-2014,00:08:10.690,1.29543,1.29539,2.44,3
08-09-2014,00:08:11.196,1.29543,1.29539,1,7.87
08-09-2014,00:08:13.600,1.29543,1.29539,1.5,3.56
08-09-2014,00:08:14.106,1.29543,1.2954,3.19,1.12
08-09-2014,00:08:14.611,1.29543,1.29541,1.25,1
08-09-2014,00:08:16.080,1.29544,1.29541,3.56,1
08-09-2014,00:08:22.322,1.29545,1.29541,3,3
08-09-2014,00:08:22.373,1.29543,1.29541,1.5,3
08-09-2014,00:08:22.677,1.29548,1.29547,2.25,1
08-09-2014,00:08:22.930,1.2955,1.29547,2.25,1
08-09-2014,00:08:24.919,1.2955,1.29549,1,1
08-09-2014,00:08:25.020,1.29552,1.29549,1.5,1
08-09-2014,00:08:25.172,1.29553,1.29551,1,1
08-09-2014,00:08:26.505,1.29554,1.29551,2.62,1
08-09-2014,00:08:27.011,1.29553,1.29551,2.25,1
08-09-2014,00:08:27.517,1.29553,1.29552,1.12,1
08-09-2014,00:08:29.102,1.29553,1.2955,1.12,1.5
08-09-2014,00:08:29.506,1.29551,1.29548,1.5,6.19
08-09-2014,00:08:29.557,1.29551,1.29549,1.69,1
08-09-2014,00:08:29.659,1.2955,1.29547,2.25,2.25
08-09-2014,00:08:29.962,1.29548,1.29547,1,1.5
08-09-2014,00:08:30.974,1.29549,1.29547,2.25,1
08-09-2014,00:08:31.482,1.29549,1.29546,1.5,2.25
08-09-2014,00:08:32.090,1.29549,1.29547,1.5,1
08-09-2014,00:08:34.877,1.29549,1.29546,1.5,1
08-09-2014,00:08:36.868,1.29549,1.29547,1.5,1
08-09-2014,00:08:40.696,1.29549,1.29548,1,1
08-09-2014,00:08:40.798,1.29549,1.29545,1,1.69
08-09-2014,00:08:41.309,1.29549,1.29544,3,2.25
08-09-2014,00:08:41.815,1.29549,1.29545,1,1
08-09-2014,00:08:42.321,1.29549,1.29544,1.5,6.37
08-09-2014,00:08:42.914,1.29549,1.29544,1.5,8.06
08-09-2014,00:08:46.505,1.29549,1.29546,1,1
08-09-2014,00:08:49.135,1.29549,1.29546,1,1
08-09-2014,00:08:49.439,1.29544,1.2954,2.87,1.5
08-09-2014,00:08:49.945,1.29542,1.2954,1,1.5
08-09-2014,00:08:49.996,1.29543,1.2954,2.62,1.5
08-09-2014,00:08:55.771,1.29543,1.29541,1.5,1
08-09-2014,00:08:58.114,1.29544,1.29541,8.81,1
08-09-2014,00:08:58.418,1.2954,1.29538,1,1
08-09-2014,00:08:58.924,1.2954,1.29538,1,1
08-09-2014,00:08:59.228,1.2954,1.29537,1,1
08-09-2014,00:08:59.329,1.2954,1.29538,1.5,1
08-09-2014,00:08:59.852,1.29539,1.29538,1,1
08-09-2014,00:09:00.385,1.29539,1.29537,1,1.5
08-09-2014,00:09:01.395,1.2954,1.29537,2.25,1.5
08-09-2014,00:09:10.425,1.2954,1.29536,1.5,3.94
08-09-2014,00:09:12.314,1.29541,1.29536,1.25,5.44
08-09-2014,00:09:13.390,1.29539,1.29536,1,3.94
08-09-2014,00:09:18.706,1.29539,1.29537,1,1
08-09-2014,00:09:22.878,1.2954,1.29537,1.5,1
08-09-2014,00:09:37.937,1.2954,1.29536,1,4.5
08-09-2014,00:09:38.989,1.2954,1.29537,1,1
08-09-2014,00:09:40.445,1.2954,1.29536,1,5.25
08-09-2014,00:09:41.107,1.2954,1.29537,1,1
08-09-2014,00:09:41.692,1.29539,1.29537,1,1
08-09-2014,00:09:42.204,1.29539,1.29536,1,3
08-09-2014,00:09:42.719,1.29539,1.29537,1,1
08-09-2014,00:09:43.645,1.29539,1.29536,1,3.19
08-09-2014,00:09:44.147,1.29539,1.29537,1,1
08-09-2014,00:09:44.668,1.29539,1.29536,1,4.69
08-09-2014,00:09:55.781,1.29539,1.29537,1,1
08-09-2014,00:09:56.175,1.29541,1.29537,2.25,1
08-09-2014,00:10:12.068,1.29541,1.29538,1.5,1
08-09-2014,00:10:20.291,1.29539,1.29537,1,1.25
08-09-2014,00:10:20.821,1.29539,1.29536,1,3
08-09-2014,00:10:21.327,1.29538,1.29535,1.5,5.25
08-09-2014,00:10:22.189,1.29538,1.29536,1,1
08-09-2014,00:10:22.696,1.29538,1.29537,1,1
08-09-2014,00:10:23.279,1.29538,1.29535,1.5,6.37
08-09-2014,00:10:23.785,1.29537,1.29536,1,1
08-09-2014,00:10:28.954,1.29539,1.29536,2.25,1
08-09-2014,00:10:29.308,1.29537,1.29536,1,1
08-09-2014,00:10:29.815,1.29538,1.29536,1,1
08-09-2014,00:10:32.426,1.29538,1.29535,1,6.37
08-09-2014,00:10:32.629,1.2954,1.29536,4.12,2.25
08-09-2014,00:10:32.730,1.29538,1.29536,1,1.5
08-09-2014,00:10:33.387,1.29539,1.29536,2.25,1
08-09-2014,00:10:33.691,1.29537,1.29536,1,1
08-09-2014,00:10:33.944,1.29539,1.29536,2.25,1
08-09-2014,00:10:34.601,1.29537,1.29536,1,1
08-09-2014,00:10:34.905,1.29539,1.29536,2.25,1
08-09-2014,00:10:35.428,1.29538,1.29536,1,1
08-09-2014,00:10:36.893,1.29537,1.29535,1,2.62
08-09-2014,00:10:41.427,1.29537,1.29533,1,5.44
08-09-2014,00:10:41.731,1.29531,1.29528,3.56,1
08-09-2014,00:10:41.934,1.29529,1.29527,1,1
08-09-2014,00:10:42.247,1.29528,1.29525,1.5,2.25
08-09-2014,00:10:42.752,1.29524,1.29522,5.5,1.5
08-09-2014,00:10:42.905,1.29523,1.29521,1.12,1
08-09-2014,00:10:42.955,1.29523,1.29519,1.12,8.17
08-09-2014,00:10:43.158,1.29521,1.29518,1,2.25
08-09-2014,00:10:43.462,1.2952,1.29516,2.44,1.5
08-09-2014,00:10:43.513,1.2952,1.29518,1,1
08-09-2014,00:10:43.817,1.29522,1.2952,1,1
08-09-2014,00:10:44.323,1.29523,1.2952,1,1
08-09-2014,00:10:44.855,1.29523,1.29521,1.5,1
08-09-2014,00:10:45.159,1.29526,1.29523,1,4.12
08-09-2014,00:10:45.260,1.29528,1.29525,3.75,1
08-09-2014,00:10:45.564,1.2953,1.29527,1,1
08-09-2014,00:10:45.767,1.29532,1.29528,3.19,1.5
08-09-2014,00:10:46.273,1.29532,1.29529,1.69,1
08-09-2014,00:10:46.784,1.29532,1.29528,1,1
08-09-2014,00:10:47.819,1.29532,1.29529,1,1
08-09-2014,00:10:48.699,1.29532,1.29529,1,4.5
08-09-2014,00:10:49.204,1.29533,1.2953,3,1.12
08-09-2014,00:10:49.712,1.29533,1.29529,2.62,1.87
08-09-2014,00:10:50.217,1.29533,1.2953,3.75,1
08-09-2014,00:10:50.733,1.29533,1.29529,2.25,2.62
08-09-2014,00:10:51.295,1.29533,1.29529,1.5,1.87
08-09-2014,00:10:51.804,1.29533,1.29529,1.5,1.87
08-09-2014,00:10:52.834,1.29533,1.2953,1,1
08-09-2014,00:10:53.340,1.29533,1.29529,3.75,2.62
08-09-2014,00:10:54.858,1.29533,1.29529,2.44,1.87
08-09-2014,00:10:55.382,1.29533,1.29529,2.44,1.87
08-09-2014,00:10:56.182,1.29533,1.29529,3.94,2.62
08-09-2014,00:10:56.701,1.29533,1.29529,2.44,1.87
08-09-2014,00:10:57.409,1.29533,1.29529,1.69,1.87
08-09-2014,00:10:57.924,1.29533,1.29529,1.25,1.87
08-09-2014,00:10:59.701,1.29533,1.29529,1.25,1.87
08-09-2014,00:11:00.231,1.29532,1.29529,1,1.87
08-09-2014,00:11:01.203,1.29532,1.29529,1,2.62
08-09-2014,00:11:01.765,1.29532,1.29529,1,1.12
08-09-2014,00:11:02.312,1.29532,1.29529,1,1.37
08-09-2014,00:11:03.074,1.29532,1.29529,1,1.12
08-09-2014,00:11:03.631,1.29532,1.29529,1,2.62
08-09-2014,00:11:04.187,1.29532,1.29529,1,2.62
08-09-2014,00:11:04.854,1.29533,1.29529,1.5,3.75
08-09-2014,00:11:05.359,1.29533,1.29529,3,1.12
08-09-2014,00:11:05.870,1.29533,1.29529,3.19,1.37
08-09-2014,00:11:06.404,1.29533,1.29529,3.19,1.12
08-09-2014,00:11:07.042,1.29533,1.29529,5.44,1.87
08-09-2014,00:11:07.647,1.29533,1.29529,5.44,1.87
08-09-2014,00:11:08.251,1.29533,1.29529,3.19,1.37
08-09-2014,00:11:08.870,1.29533,1.29529,3.19,1.12
08-09-2014,00:11:09.523,1.29533,1.29529,3.19,1.37
08-09-2014,00:11:10.045,1.29533,1.29529,3.19,1.12
08-09-2014,00:11:10.690,1.29533,1.29529,5.44,1.87
08-09-2014,00:11:11.193,1.29533,1.29529,5.25,1.87
08-09-2014,00:11:12.711,1.29533,1.29529,3.19,1.37
08-09-2014,00:11:13.217,1.29532,1.29529,1,1.37
08-09-2014,00:11:13.722,1.29532,1.29529,1,1.12
08-09-2014,00:11:14.537,1.29532,1.29529,1,1.87
08-09-2014,00:11:15.080,1.29532,1.29529,1,1.12
08-09-2014,00:11:15.712,1.29533,1.29529,1.5,1.37
08-09-2014,00:11:16.222,1.29533,1.29529,1.5,1.12
08-09-2014,00:11:16.730,1.29533,1.29529,3,1.87
08-09-2014,00:11:17.343,1.29533,1.29529,3.6,1.87
08-09-2014,00:11:17.852,1.29533,1.29529,1.5,1.37
08-09-2014,00:11:18.361,1.29533,1.29529,1.5,1.12
08-09-2014,00:11:19.631,1.29533,1.29528,1.69,3.19
08-09-2014,00:11:19.732,1.29533,1.29528,1.69,3.56
08-09-2014,00:11:20.440,1.29533,1.29529,3,1.12
08-09-2014,00:11:20.949,1.29533,1.2953,2.25,1.12
08-09-2014,00:11:21.454,1.29533,1.29529,1.5,1.12
08-09-2014,00:11:21.997,1.29533,1.29529,1.69,1.37
08-09-2014,00:11:22.793,1.29533,1.29529,1.69,1.12
08-09-2014,00:11:24.725,1.29533,1.29529,1.69,1.37
08-09-2014,00:11:25.282,1.29533,1.29529,1.5,1.12
08-09-2014,00:11:26.355,1.29533,1.29529,1.69,1.37
08-09-2014,00:11:26.856,1.29533,1.29529,1.5,1.31
08-09-2014,00:11:27.381,1.29532,1.29528,1,4.31
08-09-2014,00:11:28.088,1.29532,1.29528,1,4.31
08-09-2014,00:11:28.600,1.29533,1.29529,3,2.06
08-09-2014,00:11:29.105,1.29533,1.29529,3,4.31
08-09-2014,00:11:29.623,1.29532,1.29529,1.5,1.31
08-09-2014,00:11:30.129,1.29532,1.29528,1.5,4.31
08-09-2014,00:11:30.831,1.29532,1.29529,1,1.12
08-09-2014,00:11:31.355,1.29532,1.29528,1,3.56
08-09-2014,00:11:31.867,1.29532,1.29529,1,1.12
08-09-2014,00:11:32.808,1.29532,1.29529,1,1.37
08-09-2014,00:11:33.345,1.29532,1.29528,1,3.56
08-09-2014,00:11:34.118,1.29532,1.29528,1,3.56
08-09-2014,00:11:34.666,1.29532,1.29528,1,3.56
08-09-2014,00:11:35.233,1.29532,1.29529,1,1.37
08-09-2014,00:11:35.843,1.29532,1.29528,1,3.56
08-09-2014,00:11:36.773,1.29532,1.29529,1,3
08-09-2014,00:11:37.282,1.29532,1.29528,1.5,2.06
08-09-2014,00:11:37.788,1.29532,1.29528,1.5,2.06
08-09-2014,00:11:38.312,1.29532,1.29528,1.5,1.87
08-09-2014,00:11:39.178,1.29532,1.29529,1.5,1.37
08-09-2014,00:11:39.717,1.29532,1.29528,1.5,1.87
08-09-2014,00:11:40.238,1.29532,1.29528,1.5,1.87
08-09-2014,00:11:40.897,1.29532,1.29528,1.5,1.87
08-09-2014,00:11:41.597,1.29532,1.29529,1.5,1.37
08-09-2014,00:11:42.282,1.29532,1.29529,1.5,1.12
08-09-2014,00:11:42.977,1.29532,1.29528,1.5,1.87
08-09-2014,00:11:43.503,1.29532,1.29528,1.5,1.87
08-09-2014,00:11:44.803,1.29532,1.2953,1.5,1
08-09-2014,00:11:44.906,1.29534,1.2953,5.81,1.5
08-09-2014,00:11:45.412,1.29533,1.29528,2.25,3.56
08-09-2014,00:11:45.918,1.29533,1.29529,3.75,2.62
08-09-2014,00:11:47.956,1.29533,1.29528,1.5,4.12
08-09-2014,00:11:48.529,1.29533,1.29528,2.25,3.37
08-09-2014,00:11:49.078,1.29533,1.29529,2.25,1.62
08-09-2014,00:11:49.894,1.29533,1.29529,1.5,1.12
08-09-2014,00:11:50.407,1.29532,1.29528,1,1.87
08-09-2014,00:11:51.170,1.29533,1.29529,3.75,1.12
08-09-2014,00:11:52.551,1.29532,1.29528,1,1.87
08-09-2014,00:11:53.430,1.29532,1.29528,1,5.81
08-09-2014,00:11:53.964,1.29533,1.29528,1,5.81
08-09-2014,00:11:54.583,1.29533,1.29528,1,5.06
08-09-2014,00:11:55.097,1.29533,1.29528,1.5,4.31
08-09-2014,00:11:55.605,1.29532,1.29529,1,1.87
08-09-2014,00:11:57.133,1.29532,1.29528,1,3.56
08-09-2014,00:11:57.642,1.29532,1.29529,1,1.87
08-09-2014,00:11:58.872,1.29532,1.29529,1,3.37
08-09-2014,00:11:59.423,1.29532,1.29529,1,1.12
08-09-2014,00:11:59.982,1.29533,1.29529,2.25,1.12
08-09-2014,00:12:00.544,1.29532,1.29529,1,3.37
08-09-2014,00:12:00.847,1.29534,1.29529,6.37,3.75
08-09-2014,00:12:01.150,1.29532,1.29529,1,4.12
08-09-2014,00:12:01.656,1.29533,1.29529,3,4.12
08-09-2014,00:12:02.287,1.29533,1.29529,2.25,1.87
08-09-2014,00:12:02.817,1.29533,1.29529,2.25,1.12
08-09-2014,00:12:03.425,1.29533,1.29529,3.75,1.87
08-09-2014,00:12:03.937,1.29533,1.29528,2.25,2.81
08-09-2014,00:12:04.855,1.29533,1.29528,2.25,2.81
08-09-2014,00:12:05.661,1.29533,1.29528,2.25,2.81
08-09-2014,00:12:06.474,1.29533,1.29528,2.25,2.81
08-09-2014,00:12:07.084,1.29533,1.29529,3.75,1.87
08-09-2014,00:12:07.800,1.29533,1.29529,3.75,1.87
08-09-2014,00:12:08.336,1.29533,1.29528,2.25,2.81
08-09-2014,00:12:08.868,1.29533,1.2953,2.62,1
08-09-2014,00:12:09.483,1.29533,1.29529,1.5,4.5
08-09-2014,00:12:10.253,1.29533,1.2953,1.5,1.87
08-09-2014,00:12:10.867,1.29533,1.29529,1.5,4.5
08-09-2014,00:12:11.730,1.29533,1.2953,1.5,1.87
08-09-2014,00:12:12.291,1.29533,1.29529,1.5,4.5
08-09-2014,00:12:12.797,1.29533,1.2953,1.5,1.87
08-09-2014,00:12:13.506,1.29533,1.29529,1.5,4.5
08-09-2014,00:12:14.025,1.29533,1.2953,1.5,1.87
08-09-2014,00:12:14.873,1.29533,1.29529,1.5,3.75
08-09-2014,00:12:15.382,1.29533,1.2953,1.5,1.87
08-09-2014,00:12:15.890,1.29533,1.29529,1.5,3.75
08-09-2014,00:12:16.483,1.29533,1.2953,1.5,1.87
08-09-2014,00:12:17.023,1.29533,1.29529,1,4.5
08-09-2014,00:12:18.116,1.29533,1.2953,1.5,1.87
08-09-2014,00:12:19.048,1.29533,1.29529,1.5,3.75
08-09-2014,00:12:19.557,1.29533,1.2953,3,2.62
08-09-2014,00:12:20.808,1.29533,1.29529,1.5,3.75
08-09-2014,00:12:21.601,1.29533,1.2953,3,1
08-09-2014,00:12:22.122,1.29533,1.29529,1.5,3.75
08-09-2014,00:12:23.061,1.29533,1.2953,3,1
08-09-2014,00:12:24.204,1.29533,1.29529,1.5,3.75
08-09-2014,00:12:24.735,1.29533,1.2953,3,1
08-09-2014,00:12:25.880,1.29533,1.29529,1,4.5
08-09-2014,00:12:26.594,1.29533,1.2953,2.25,1
08-09-2014,00:12:27.509,1.29533,1.29529,1,4.5
08-09-2014,00:12:28.633,1.29533,1.2953,2.25,1
08-09-2014,00:12:29.374,1.29533,1.29529,1,4.5
08-09-2014,00:12:30.060,1.29533,1.2953,2.25,2.62
08-09-2014,00:12:30.575,1.29533,1.29529,1,2.62
08-09-2014,00:12:31.187,1.29533,1.2953,2.25,1
08-09-2014,00:12:32.106,1.29533,1.29529,1,4.5
08-09-2014,00:12:32.711,1.29533,1.2953,1,1.87
08-09-2014,00:12:33.221,1.29533,1.29529,1,4.5
08-09-2014,00:12:33.853,1.29533,1.2953,2.25,1
08-09-2014,00:12:34.385,1.29533,1.29529,1,4.5
08-09-2014,00:12:34.891,1.29534,1.2953,4.87,1.87
08-09-2014,00:12:35.396,1.29534,1.29529,4.87,3.75
08-09-2014,00:12:35.699,1.29532,1.2953,1,1.87
08-09-2014,00:12:36.220,1.29533,1.2953,1,1.87
08-09-2014,00:12:36.855,1.29532,1.2953,1,2.62
08-09-2014,00:12:37.213,1.29534,1.29529,4.87,3.75
08-09-2014,00:12:37.416,1.29533,1.29531,1.5,1
08-09-2014,00:12:37.965,1.29534,1.2953,4.87,3.75
08-09-2014,00:12:38.478,1.29533,1.29531,1.5,1
08-09-2014,00:12:38.907,1.29536,1.29533,1,3.75
08-09-2014,00:12:39.009,1.29538,1.29536,5.25,1
08-09-2014,00:12:39.161,1.2954,1.29536,1.87,2.44
08-09-2014,00:12:39.313,1.29541,1.29538,1.69,1
08-09-2014,00:12:39.567,1.29542,1.29536,3.94,4.69
08-09-2014,00:12:39.920,1.29543,1.29537,6.19,4.5
08-09-2014,00:12:40.174,1.29543,1.29539,2.25,1.87
08-09-2014,00:12:40.679,1.29544,1.29539,6.37,1.5
08-09-2014,00:12:40.983,1.29543,1.29541,1,1
08-09-2014,00:12:41.504,1.29544,1.29541,5.62,1
08-09-2014,00:12:42.009,1.29544,1.2954,5.62,2.25
08-09-2014,00:12:42.838,1.29543,1.29541,1.5,1
08-09-2014,00:12:43.454,1.29544,1.2954,5.62,2.25
08-09-2014,00:12:43.962,1.29543,1.29541,3,1
08-09-2014,00:12:44.463,1.29543,1.2954,1.5,1.5
08-09-2014,00:12:45.386,1.29543,1.29541,3,1
08-09-2014,00:12:45.992,1.29543,1.2954,1.5,3
08-09-2014,00:12:47.134,1.29543,1.29541,3,1
08-09-2014,00:12:47.684,1.29543,1.2954,1.5,1.5
08-09-2014,00:12:48.192,1.29543,1.29541,3,1
08-09-2014,00:12:48.763,1.29543,1.2954,1.5,3
08-09-2014,00:12:51.348,1.29543,1.29541,3,1
08-09-2014,00:12:51.858,1.29543,1.2954,1.5,3
08-09-2014,00:12:52.672,1.29543,1.29541,3,1
08-09-2014,00:12:53.229,1.29543,1.2954,1.5,1.5
08-09-2014,00:12:55.107,1.29543,1.29541,3,1
08-09-2014,00:12:55.610,1.29543,1.2954,1.5,3
08-09-2014,00:12:56.128,1.29544,1.2954,5.06,1.5
08-09-2014,00:12:57.224,1.29543,1.2954,1.5,3.37
08-09-2014,00:12:57.865,1.29544,1.2954,5.81,1.5
08-09-2014,00:12:58.370,1.29544,1.29541,5.06,1
08-09-2014,00:12:58.993,1.29543,1.29541,1.5,1
08-09-2014,00:12:59.707,1.29544,1.29541,5.06,1
08-09-2014,00:13:00.218,1.29543,1.29541,1,1
08-09-2014,00:13:02.428,1.29543,1.2954,1,2.62
08-09-2014,00:13:02.949,1.29543,1.29541,3,1
08-09-2014,00:13:04.367,1.29544,1.29541,4.87,1
08-09-2014,00:13:04.874,1.29543,1.2954,3,2.25
08-09-2014,00:13:07.037,1.29543,1.29539,4.12,3.75
08-09-2014,00:13:07.341,1.29541,1.29537,1,2.25
08-09-2014,00:13:07.645,1.29539,1.29537,1,1
08-09-2014,00:13:09.115,1.2954,1.29537,1,1
08-09-2014,00:13:09.625,1.2954,1.29536,1.5,1.5
08-09-2014,00:13:16.925,1.29539,1.29536,1,1.5
08-09-2014,00:13:30.379,1.2954,1.29536,1,1.5
08-09-2014,00:13:40.698,1.29539,1.29535,1,3.19
08-09-2014,00:13:41.204,1.29538,1.29534,1.5,3.56
08-09-2014,00:13:41.962,1.29538,1.29534,3.75,1.37
08-09-2014,00:13:42.510,1.29538,1.29534,3.75,1.12
08-09-2014,00:13:43.591,1.29538,1.29534,3.75,1.37
08-09-2014,00:13:44.096,1.29538,1.29534,3.75,1.12
08-09-2014,00:13:44.603,1.29538,1.29534,3.75,1.37
08-09-2014,00:13:45.109,1.29538,1.29534,3.75,2.62
08-09-2014,00:13:45.625,1.29538,1.29534,3.75,2.62
08-09-2014,00:13:46.131,1.29538,1.29534,2.25,1.87
08-09-2014,00:13:46.655,1.29538,1.29535,2.25,1
08-09-2014,00:13:48.961,1.29538,1.29534,2.25,2.06
08-09-2014,00:13:51.910,1.29538,1.29534,2.25,1.37
08-09-2014,00:13:52.468,1.29538,1.29534,2.25,1.12
08-09-2014,00:13:53.175,1.29538,1.29534,1.5,1.37
08-09-2014,00:13:53.680,1.29539,1.29534,3.75,1.87
08-09-2014,00:13:54.260,1.29539,1.29534,3.94,2.06
08-09-2014,00:13:54.771,1.29539,1.29534,2.44,2.06
08-09-2014,00:13:55.277,1.29539,1.29534,3.19,2.06
08-09-2014,00:13:55.833,1.29539,1.29534,3.19,2.06
08-09-2014,00:13:56.439,1.29539,1.29535,2.44,1
08-09-2014,00:13:57.934,1.29539,1.29534,3.19,1.31
08-09-2014,00:13:58.676,1.29539,1.29535,3.94,1
08-09-2014,00:14:02.577,1.29538,1.29534,1,1.12
08-09-2014,00:14:03.082,1.29539,1.29534,1.5,1.87
08-09-2014,00:14:03.588,1.29539,1.29534,1.5,1.87
08-09-2014,00:14:04.368,1.29539,1.29534,1.5,1.87
08-09-2014,00:14:04.880,1.29539,1.29534,1.5,1.87
08-09-2014,00:14:05.389,1.29539,1.29534,3,1.87
08-09-2014,00:14:05.901,1.29539,1.29534,1.5,1.87
08-09-2014,00:14:06.556,1.29539,1.29534,1.5,1.87
08-09-2014,00:14:07.073,1.29539,1.29534,3,1.87
08-09-2014,00:14:07.638,1.29539,1.29534,1.5,1.87
08-09-2014,00:14:08.299,1.29539,1.29534,1.5,1.87
08-09-2014,00:14:08.917,1.29539,1.29534,1.5,1.87
08-09-2014,00:14:09.530,1.29539,1.29534,2.44,2.06
08-09-2014,00:14:10.350,1.29539,1.29534,2.44,2.06
08-09-2014,00:14:10.862,1.29538,1.29534,1,1.62
08-09-2014,00:14:11.475,1.29538,1.29534,1,1.31
08-09-2014,00:14:12.390,1.29538,1.29534,1,1.62
08-09-2014,00:14:12.920,1.29539,1.29534,3.75,2.06
08-09-2014,00:14:13.425,1.29539,1.29533,4.5,4.31
08-09-2014,00:14:14.554,1.29539,1.29533,3.75,5.06
08-09-2014,00:14:15.094,1.29539,1.29533,3.75,5.06
08-09-2014,00:14:15.887,1.29539,1.29535,3,1
08-09-2014,00:14:19.272,1.29539,1.29533,2.25,2.81
08-09-2014,00:14:19.799,1.29539,1.29533,3.75,3.56
08-09-2014,00:14:20.520,1.29539,1.29533,2.25,2.81
08-09-2014,00:14:21.645,1.29539,1.29533,3.19,3.56
08-09-2014,00:14:22.561,1.29539,1.29533,3.75,2.81
08-09-2014,00:14:23.117,1.29539,1.29533,3.75,2.81
08-09-2014,00:14:23.626,1.29539,1.29533,3.75,2.81
08-09-2014,00:14:24.215,1.29539,1.29533,5.25,3.56
08-09-2014,00:14:24.731,1.29539,1.29536,1,1.25
08-09-2014,00:14:25.237,1.2954,1.29536,1,1.69
08-09-2014,00:14:25.743,1.29539,1.29536,1.5,1
08-09-2014,00:14:26.303,1.29539,1.29535,1.5,2.44
08-09-2014,00:14:28.895,1.29539,1.29536,1,1
08-09-2014,00:14:29.200,1.2954,1.29538,1.5,1
08-09-2014,00:14:29.453,1.29542,1.29536,6.94,6.94
08-09-2014,00:14:30.111,1.29542,1.29536,4.5,4.69
08-09-2014,00:14:30.617,1.29541,1.29536,1.5,3.94
08-09-2014,00:14:31.122,1.2954,1.29536,1,3.94
08-09-2014,00:14:31.632,1.29541,1.29536,2.25,3.94
08-09-2014,00:14:32.472,1.2954,1.29536,1,3.94
08-09-2014,00:14:32.978,1.29541,1.29536,2.25,3.94
08-09-2014,00:14:33.497,1.2954,1.29536,1.5,3.94
08-09-2014,00:15:02.209,1.29539,1.29536,1,1.69
08-09-2014,00:15:02.722,1.2954,1.29536,1.12,1.69
08-09-2014,00:15:05.284,1.29539,1.29536,1,1.69
08-09-2014,00:15:05.790,1.2954,1.29536,1.5,2.25
08-09-2014,00:15:07.088,1.2954,1.29535,1.5,2.25
08-09-2014,00:15:07.617,1.29539,1.29535,1,3
08-09-2014,00:15:08.619,1.29539,1.29536,1,1
08-09-2014,00:15:09.130,1.29538,1.29535,1,1.69
08-09-2014,00:15:11.888,1.29538,1.29536,1,1
08-09-2014,00:15:25.953,1.29539,1.29536,1,1
08-09-2014,00:15:26.560,1.2954,1.29536,3,1
08-09-2014,00:15:26.933,1.29538,1.29536,1,1
08-09-2014,00:15:27.436,1.29539,1.29536,1.5,1
08-09-2014,00:15:28.835,1.29538,1.29536,1,1
08-09-2014,00:15:28.987,1.29538,1.29534,1.5,5.06
08-09-2014,00:15:29.039,1.29536,1.29533,1.12,3.75
08-09-2014,00:15:29.343,1.29533,1.29531,4.62,2.25
08-09-2014,00:15:29.511,1.29529,1.29527,1,1
08-09-2014,00:15:30.023,1.2953,1.29527,1,3
08-09-2014,00:15:31.196,1.29529,1.29527,1,1
08-09-2014,00:15:31.701,1.29529,1.29526,1.5,1
08-09-2014,00:15:32.482,1.29529,1.29525,1.5,10.31
08-09-2014,00:15:32.990,1.29529,1.29526,1.5,1.5
08-09-2014,00:15:36.391,1.29529,1.29525,2.25,6.19
08-09-2014,00:15:36.897,1.29529,1.29526,3,1.69
08-09-2014,00:15:38.706,1.29529,1.29525,2.25,3.19
08-09-2014,00:15:50.651,1.29528,1.29525,1,2.25
08-09-2014,00:15:51.378,1.29529,1.29525,3,2.25
08-09-2014,00:15:51.885,1.29526,1.29523,1,3.37
08-09-2014,00:15:52.191,1.29522,1.29519,3.25,2.25
08-09-2014,00:15:52.343,1.2952,1.29517,2.25,2.25
08-09-2014,00:15:52.880,1.29519,1.29516,1,1
08-09-2014,00:15:59.040,1.29519,1.29515,1,3
08-09-2014,00:15:59.807,1.29517,1.29515,1,1.5
08-09-2014,00:16:00.060,1.29516,1.29513,1,2.25
08-09-2014,00:16:01.000,1.29515,1.29513,1,1.5
08-09-2014,00:16:02.437,1.29515,1.29512,1,5.44
08-09-2014,00:16:09.111,1.29515,1.29513,1,1
08-09-2014,00:16:09.616,1.29515,1.29512,1,1.5
08-09-2014,00:16:10.122,1.29514,1.29511,1,3.75
08-09-2014,00:16:10.274,1.29516,1.29513,1.61,1
08-09-2014,00:16:10.729,1.29517,1.29514,1.5,1.37
08-09-2014,00:16:11.235,1.29517,1.29514,1,1
08-09-2014,00:16:11.539,1.29517,1.29513,1.5,1.37
08-09-2014,00:16:12.075,1.29517,1.29515,1.21,1
08-09-2014,00:16:12.583,1.29517,1.29513,1.5,1.87
08-09-2014,00:16:12.995,1.29517,1.29513,1.77,1.87
08-09-2014,00:16:13.552,1.29518,1.29513,2.8,1.37
08-09-2014,00:16:14.061,1.29518,1.29513,2.8,1.37
08-09-2014,00:16:14.653,1.29518,1.29514,3.55,1.37
08-09-2014,00:16:15.159,1.29518,1.29512,3.55,4.87
08-09-2014,00:16:15.707,1.29517,1.29512,1.27,5.44
08-09-2014,00:16:15.979,1.29518,1.29512,3.55,4.69
08-09-2014,00:16:16.082,1.29517,1.29512,1.27,5.44
08-09-2014,00:16:16.595,1.29518,1.29514,1.77,1.12
08-09-2014,00:16:16.697,1.29517,1.29512,1.77,3.75
08-09-2014,00:16:17.202,1.29515,1.29511,1.18,2.44
08-09-2014,00:16:17.354,1.29516,1.29513,1.32,1
08-09-2014,00:16:17.906,1.29516,1.29513,1.02,1.5
08-09-2014,00:16:18.417,1.29516,1.29513,1.32,1.5
08-09-2014,00:16:18.727,1.29517,1.29513,1.27,1.5
08-09-2014,00:16:19.238,1.29516,1.29513,1.27,1.37
08-09-2014,00:16:19.750,1.29516,1.29513,1.02,1.37
08-09-2014,00:16:20.256,1.29516,1.29513,1.32,1.37
08-09-2014,00:16:20.797,1.29516,1.29513,1.32,1.25
08-09-2014,00:16:21.353,1.29516,1.29513,1.32,1.62
08-09-2014,00:16:21.897,1.29517,1.29513,1.14,1.62
08-09-2014,00:16:22.398,1.29515,1.29513,1,1.62
08-09-2014,00:16:23.101,1.29517,1.29513,1.27,1.62
08-09-2014,00:16:23.666,1.29515,1.29513,1.18,1.62
08-09-2014,00:16:24.190,1.29517,1.29513,1.32,1.62
08-09-2014,00:16:24.753,1.29515,1.29513,1.18,1.62
08-09-2014,00:16:25.464,1.29517,1.29513,1.27,1.62
08-09-2014,00:16:25.966,1.29515,1.29513,1.02,1.62
08-09-2014,00:16:26.726,1.29518,1.29514,4.02,1
08-09-2014,00:16:27.483,1.29518,1.29514,2.52,1
08-09-2014,00:16:28.142,1.29518,1.29514,1.27,1.37
08-09-2014,00:16:28.656,1.29518,1.29514,1.27,1.62
08-09-2014,00:16:29.223,1.29518,1.29514,1.27,1.62
08-09-2014,00:16:29.737,1.29518,1.29514,1.27,1.31
08-09-2014,00:16:30.351,1.29518,1.29514,1.27,1.31
08-09-2014,00:16:30.965,1.29518,1.29514,1.27,1.31
08-09-2014,00:16:31.474,1.29518,1.29514,1.27,1.62
08-09-2014,00:16:32.345,1.29518,1.29514,1.27,1.31
08-09-2014,00:16:32.908,1.29518,1.29514,1.27,1.31
08-09-2014,00:16:33.419,1.29518,1.29514,1.27,1.62
08-09-2014,00:16:34.089,1.29518,1.29514,1.27,1.31
08-09-2014,00:16:34.592,1.29518,1.29514,1.27,1.62
08-09-2014,00:16:35.107,1.29518,1.29514,1.3,1.31
08-09-2014,00:16:35.622,1.29517,1.29513,4.02,1.69
08-09-2014,00:16:36.349,1.29517,1.29513,4.02,1.5
08-09-2014,00:16:36.951,1.29516,1.29513,1.02,1.5
08-09-2014,00:16:37.355,1.29517,1.29514,1.27,1
08-09-2014,00:16:37.557,1.29517,1.29513,1.77,1.25
08-09-2014,00:16:38.078,1.29517,1.29513,1.27,1.69
08-09-2014,00:16:38.584,1.29516,1.29513,1.27,1.25
08-09-2014,00:16:39.113,1.29516,1.29513,1.02,1.25
08-09-2014,00:16:39.632,1.29516,1.29512,2.52,4.69
08-09-2014,00:16:40.160,1.29516,1.29512,1.02,4.69
08-09-2014,00:16:40.713,1.29516,1.29512,1.02,3.94
08-09-2014,00:16:41.235,1.29516,1.29512,1.27,3.94
08-09-2014,00:16:41.426,1.29516,1.29512,1.32,6.94
08-09-2014,00:16:41.579,1.29516,1.29512,3.27,3
08-09-2014,00:16:42.317,1.29516,1.29512,1.77,2.25
08-09-2014,00:16:42.830,1.29516,1.29512,1.77,2.25
08-09-2014,00:16:43.335,1.29516,1.29512,1.32,1.5
08-09-2014,00:16:44.158,1.29516,1.29512,1.77,2.25
08-09-2014,00:16:44.917,1.29516,1.29512,1.32,3.19
08-09-2014,00:16:45.483,1.29516,1.29512,1.02,2.44
08-09-2014,00:16:46.000,1.29516,1.29513,1.32,1.5
08-09-2014,00:16:46.619,1.29516,1.29513,1.02,1.5
08-09-2014,00:16:47.164,1.29517,1.29513,3.27,2.25
08-09-2014,00:16:47.745,1.29517,1.29513,3.27,2.25
08-09-2014,00:16:48.461,1.29517,1.29513,3.27,3
08-09-2014,00:16:48.972,1.29517,1.29513,3.27,2.25
08-09-2014,00:16:49.487,1.29516,1.29513,1.32,1.5
08-09-2014,00:16:50.000,1.29517,1.29513,4.77,1.5
08-09-2014,00:16:50.507,1.29516,1.29513,1.32,1.5
08-09-2014,00:16:51.025,1.29517,1.29513,4.77,1.5
08-09-2014,00:16:51.746,1.29517,1.29513,2.52,1.5
08-09-2014,00:16:52.259,1.29517,1.29513,2.25,1.5
08-09-2014,00:16:52.771,1.29518,1.29515,1.5,1.12
08-09-2014,00:16:53.447,1.29518,1.29514,1,1.12
08-09-2014,00:16:53.961,1.29519,1.29514,3.75,1.87
08-09-2014,00:16:54.632,1.29519,1.29514,1.5,1.87
08-09-2014,00:16:55.145,1.29519,1.29514,2.25,1.87
08-09-2014,00:16:55.710,1.29519,1.29514,1.5,1.87
08-09-2014,00:16:56.514,1.29519,1.29515,2.25,1
08-09-2014,00:16:57.020,1.29518,1.29515,1,1.12
08-09-2014,00:16:57.552,1.29519,1.29515,1,1
08-09-2014,00:16:58.402,1.2952,1.29516,1.5,1.5
08-09-2014,00:16:59.015,1.29519,1.29516,1,4.5
08-09-2014,00:16:59.521,1.2952,1.29516,3.75,3.75
08-09-2014,00:17:00.027,1.2952,1.29517,2.25,1
08-09-2014,00:17:00.534,1.2952,1.29518,1.5,1
08-09-2014,00:17:00.787,1.2952,1.29516,2.25,1.12
08-09-2014,00:17:01.452,1.2952,1.29515,1.5,5.44
08-09-2014,00:17:03.432,1.29521,1.29515,5.25,4.69
08-09-2014,00:17:04.402,1.2952,1.29515,1,6.94
08-09-2014,00:17:05.015,1.29521,1.29515,5.25,4.69
08-09-2014,00:17:05.519,1.2952,1.29516,1,1
08-09-2014,00:17:06.135,1.29521,1.29515,5.25,4.69
08-09-2014,00:17:06.642,1.29521,1.29515,6.56,4.69
08-09-2014,00:17:07.306,1.2952,1.29516,1.25,1
08-09-2014,00:17:08.030,1.2952,1.29515,2.44,3.94
08-09-2014,00:17:08.887,1.2952,1.29516,3,1
08-09-2014,00:17:09.443,1.2952,1.29515,1.5,3
08-09-2014,00:17:09.960,1.2952,1.29516,2.25,1
08-09-2014,00:17:13.145,1.29521,1.29516,2.25,2.25
08-09-2014,00:17:13.651,1.2952,1.29516,1,1
08-09-2014,00:17:14.161,1.29521,1.29517,3,1
08-09-2014,00:17:14.327,1.29521,1.29515,4.12,4.69
08-09-2014,00:17:14.831,1.29521,1.29515,4.12,8.06
08-09-2014,00:17:15.338,1.29521,1.29516,3.94,1.25
08-09-2014,00:17:16.155,1.2952,1.29516,1,1.25
08-09-2014,00:17:17.364,1.29521,1.29516,2.44,1.69
08-09-2014,00:17:17.869,1.2952,1.29516,1.5,1.69
08-09-2014,00:17:18.390,1.29521,1.29515,3.94,5.44
08-09-2014,00:17:19.299,1.29521,1.29515,3.75,4.69
08-09-2014,00:17:20.097,1.29521,1.29516,3.75,1
08-09-2014,00:17:20.598,1.29521,1.29515,3.75,5.44
08-09-2014,00:17:21.003,1.29521,1.29517,4.5,1
08-09-2014,00:17:25.057,1.29521,1.29516,4.5,1.5
08-09-2014,00:17:25.563,1.2952,1.29516,1,1
08-09-2014,00:17:27.480,1.29521,1.29516,3,1.5
08-09-2014,00:17:27.992,1.29521,1.29517,3.75,1
08-09-2014,00:17:28.194,1.29521,1.29515,4.5,4.69
08-09-2014,00:17:28.756,1.29521,1.29516,3,1.5
08-09-2014,00:17:37.622,1.29521,1.29517,1.5,1.25
08-09-2014,00:17:38.162,1.29522,1.29518,3.94,1.5
08-09-2014,00:17:39.127,1.29521,1.29518,1,1.5
08-09-2014,00:18:08.880,1.29522,1.29518,1.5,1
08-09-2014,00:18:09.400,1.29521,1.29518,1.5,1
08-09-2014,00:18:09.911,1.29522,1.29518,3,1
08-09-2014,00:18:10.766,1.29522,1.29517,3,1.5
08-09-2014,00:18:11.575,1.29522,1.29518,4.5,1
08-09-2014,00:18:17.315,1.29521,1.29518,1,1
08-09-2014,00:18:19.088,1.29522,1.29518,3.94,1
08-09-2014,00:18:27.107,1.29522,1.29517,3.19,3.94
08-09-2014,00:18:34.558,1.29522,1.29518,2.25,1
08-09-2014,00:18:40.375,1.29522,1.29519,1,1.12
08-09-2014,00:18:40.894,1.29523,1.29519,2.25,4.5
08-09-2014,00:18:41.436,1.29523,1.2952,2.25,1.12
08-09-2014,00:18:42.220,1.29523,1.29519,3.37,3.37
08-09-2014,00:18:42.826,1.29523,1.29519,3.37,1.87
08-09-2014,00:18:43.345,1.29523,1.29518,2.62,4.31
08-09-2014,00:18:43.850,1.29523,1.29519,2.25,1.37
08-09-2014,00:18:44.353,1.29523,1.29519,2.25,1.12
08-09-2014,00:18:45.426,1.29523,1.2952,1.5,1
08-09-2014,00:18:46.059,1.29523,1.29519,3,1.12
08-09-2014,00:18:47.386,1.29523,1.29519,3.75,2.62
08-09-2014,00:18:48.438,1.29523,1.29519,3,1.12
08-09-2014,00:18:49.027,1.29523,1.29519,3,1.37
08-09-2014,00:18:49.601,1.29524,1.29519,5.62,2.62
08-09-2014,00:18:50.130,1.29523,1.29519,2.25,1.12
08-09-2014,00:18:50.995,1.29523,1.29519,3,2.62
08-09-2014,00:18:51.542,1.29523,1.29519,3,2.62
08-09-2014,00:18:52.877,1.29523,1.29519,2.25,2.62
08-09-2014,00:18:53.545,1.29523,1.29519,2.25,2.62
08-09-2014,00:18:55.977,1.29522,1.29519,1,1.87
08-09-2014,00:18:56.506,1.29523,1.29519,2.25,4.87
08-09-2014,00:18:57.047,1.29522,1.29519,1,1.87
08-09-2014,00:18:57.581,1.29524,1.2952,4.31,1.5
08-09-2014,00:18:57.632,1.29524,1.29523,3.37,1.5
08-09-2014,00:18:57.784,1.29526,1.29524,1,2.62
08-09-2014,00:18:57.987,1.29529,1.29525,1.69,2.25
08-09-2014,00:18:58.139,1.2953,1.29528,2.25,1.5
08-09-2014,00:18:58.443,1.29532,1.2953,1,2.5
08-09-2014,00:18:58.596,1.29534,1.29532,1,1.5
08-09-2014,00:18:58.648,1.29536,1.29533,1.87,4
08-09-2014,00:18:58.750,1.29539,1.29536,2.25,1.69
08-09-2014,00:18:58.902,1.29539,1.29538,1,1
08-09-2014,00:18:58.953,1.29541,1.29538,2.25,1.5
08-09-2014,00:18:59.160,1.29539,1.29537,1,1
08-09-2014,00:18:59.312,1.29541,1.29538,1.5,1
08-09-2014,00:18:59.615,1.29539,1.29536,1,1.69
08-09-2014,00:19:00.121,1.2954,1.29536,1,1.69
08-09-2014,00:19:01.674,1.2954,1.29537,1,1.5
08-09-2014,00:19:01.877,1.29542,1.29538,2.25,1
08-09-2014,00:19:05.256,1.29541,1.29537,1,3
08-09-2014,00:19:05.788,1.29541,1.29538,1,1
08-09-2014,00:19:06.311,1.29541,1.29537,1,1.5
08-09-2014,00:19:07.345,1.29541,1.29538,1,1
08-09-2014,00:19:07.962,1.29541,1.29537,1,1.5
08-09-2014,00:19:08.516,1.29541,1.29539,1.5,1
08-09-2014,00:19:08.832,1.29541,1.29537,1.5,3
08-09-2014,00:19:09.449,1.29541,1.29538,1,1
08-09-2014,00:19:09.956,1.29542,1.29538,3,1
08-09-2014,00:19:12.003,1.2954,1.29537,1,3.75
08-09-2014,00:19:12.633,1.29541,1.29537,1,1.5
08-09-2014,00:19:18.231,1.2954,1.29537,1,2.25
08-09-2014,00:19:24.323,1.29538,1.29537,1,1
08-09-2014,00:19:24.848,1.29539,1.29536,1,1
08-09-2014,00:19:25.352,1.29538,1.29536,1,1
08-09-2014,00:19:26.126,1.29538,1.29535,1,3.75
08-09-2014,00:19:26.692,1.29539,1.29535,2.25,1.69
08-09-2014,00:19:27.253,1.29538,1.29535,1.5,1.5
08-09-2014,00:19:27.878,1.29539,1.29535,2.25,4.5
08-09-2014,00:19:29.969,1.29539,1.29536,1.5,1.5
08-09-2014,00:19:30.475,1.2954,1.29535,3.75,1.5
08-09-2014,00:19:30.980,1.29539,1.29535,1,1
08-09-2014,00:19:32.076,1.29539,1.29536,1,1.5
08-09-2014,00:19:32.624,1.2954,1.29535,4.5,1
08-09-2014,00:19:33.130,1.29539,1.29535,1,2.25
08-09-2014,00:19:33.637,1.2954,1.29535,4.5,1
08-09-2014,00:19:34.039,1.2954,1.29537,2.25,1
08-09-2014,00:19:34.242,1.29539,1.29535,1,3
08-09-2014,00:19:36.026,1.29539,1.29536,3,1.5
08-09-2014,00:19:36.532,1.29539,1.29535,2.25,3.75
08-09-2014,00:19:37.999,1.29539,1.29537,1,1
08-09-2014,00:19:38.354,1.29539,1.29535,1,1.5
08-09-2014,00:19:39.965,1.29539,1.29534,4.5,2.81
08-09-2014,00:19:40.485,1.29538,1.29534,1,1
08-09-2014,00:19:41.389,1.29538,1.29534,1,2.62
08-09-2014,00:19:44.862,1.29539,1.29536,1.5,1
08-09-2014,00:19:45.370,1.29539,1.29535,2.25,1.25
08-09-2014,00:19:46.187,1.29539,1.29534,4.5,2.62
08-09-2014,00:19:46.949,1.29539,1.29534,3,4.12
08-09-2014,00:19:47.455,1.29539,1.29536,1.5,1
08-09-2014,00:19:48.674,1.2954,1.29536,3,1
08-09-2014,00:19:49.180,1.29539,1.29535,3.75,1.87
08-09-2014,00:19:49.685,1.29539,1.29534,6,1.12
08-09-2014,00:19:50.190,1.29538,1.29535,1,1.87
08-09-2014,00:19:50.706,1.29539,1.29535,3.75,1.5
08-09-2014,00:19:51.463,1.29538,1.29535,1,1.87
08-09-2014,00:19:52.002,1.29539,1.29535,3.94,2.62
08-09-2014,00:19:52.575,1.29538,1.29535,1,1.87
08-09-2014,00:19:53.121,1.29539,1.29535,3.19,1.87
08-09-2014,00:19:53.808,1.29539,1.29536,1.69,1
08-09-2014,00:20:03.510,1.29539,1.29535,3,3.37
08-09-2014,00:20:04.327,1.29538,1.29535,1,2.25
08-09-2014,00:20:04.838,1.29539,1.29535,3,1.5
08-09-2014,00:20:05.343,1.29538,1.29535,1,1.5
08-09-2014,00:20:05.848,1.29539,1.29535,1,1.5
08-09-2014,00:20:07.112,1.2954,1.29536,4.5,1.5
08-09-2014,00:20:07.618,1.29539,1.29535,5.25,4.12
08-09-2014,00:20:08.155,1.29538,1.29535,1,2.25
08-09-2014,00:20:09.318,1.29538,1.29534,1,6.75
08-09-2014,00:20:10.025,1.29539,1.29535,1,1
08-09-2014,00:20:10.530,1.29538,1.29535,1,1
08-09-2014,00:20:11.137,1.29538,1.29534,2.25,6.19
08-09-2014,00:20:11.643,1.29538,1.29534,1,4.31
08-09-2014,00:20:12.149,1.29539,1.29535,3.75,1.25
08-09-2014,00:20:12.654,1.29538,1.29535,1,1.69
08-09-2014,00:20:13.323,1.29539,1.29535,3,1.69
08-09-2014,00:20:13.474,1.29537,1.29535,1,2.81
08-09-2014,00:20:13.778,1.29539,1.29535,2.25,3.19
08-09-2014,00:20:14.435,1.29538,1.29535,1,2.44
08-09-2014,00:20:15.546,1.29537,1.29534,1,3.19
08-09-2014,00:20:16.479,1.29537,1.29534,1,4.12
08-09-2014,00:20:17.025,1.29537,1.29534,1,1.87
08-09-2014,00:20:17.549,1.29537,1.29534,1,1.87
08-09-2014,00:20:17.600,1.29535,1.29533,1,5.06
08-09-2014,00:20:17.904,1.29532,1.29529,4.5,1
08-09-2014,00:20:18.006,1.2953,1.29528,1,1
08-09-2014,00:20:18.159,1.29529,1.29526,1,1.5
08-09-2014,00:20:18.463,1.29527,1.29524,1,1
08-09-2014,00:20:18.514,1.29525,1.29523,1,4.5
08-09-2014,00:20:19.020,1.29524,1.29521,1,2.44
08-09-2014,00:20:19.477,1.29523,1.29519,4.2,4.87
08-09-2014,00:20:19.528,1.2952,1.29519,1,3.37
08-09-2014,00:20:19.730,1.2952,1.29517,1,2.25
08-09-2014,00:20:20.237,1.29519,1.29518,1,1
08-09-2014,00:20:20.843,1.29521,1.29518,3,1
08-09-2014,00:20:34.025,1.29521,1.29517,1.5,7.31
08-09-2014,00:20:35.643,1.29521,1.29518,1.5,1
08-09-2014,00:20:36.048,1.2952,1.29516,5.25,2.81
08-09-2014,00:20:37.400,1.2952,1.29517,1.87,1.5
08-09-2014,00:20:38.118,1.29521,1.29517,1,3.94
08-09-2014,00:20:38.219,1.29522,1.29519,1,1
08-09-2014,00:20:38.725,1.29522,1.29519,1,4.12
08-09-2014,00:20:39.526,1.29522,1.29519,1,4.5
08-09-2014,00:20:40.115,1.29522,1.29517,1.5,5.44
08-09-2014,00:20:40.423,1.29523,1.2952,5.06,1.87
08-09-2014,00:20:42.072,1.29523,1.29519,2.25,1.5
08-09-2014,00:20:42.376,1.29524,1.29523,1.5,1
08-09-2014,00:20:42.528,1.29527,1.29522,3.19,5.44
08-09-2014,00:20:42.680,1.29528,1.29524,6.19,1
08-09-2014,00:20:43.546,1.29528,1.29524,4.5,2.25
08-09-2014,00:20:45.319,1.29528,1.29525,1,1
08-09-2014,00:20:47.238,1.29529,1.29524,4.5,2.62
08-09-2014,00:20:48.055,1.29529,1.29524,4.5,2.62
08-09-2014,00:20:48.358,1.29527,1.29524,1,2.62
08-09-2014,00:20:48.964,1.29527,1.29524,1,2.62
08-09-2014,00:20:49.470,1.29528,1.29524,1,2.62
08-09-2014,00:20:49.975,1.29529,1.29524,3,2.62
08-09-2014,00:20:50.485,1.29529,1.29526,1.5,1
08-09-2014,00:20:50.839,1.29528,1.29526,1,1.5
08-09-2014,00:20:51.446,1.29527,1.29526,1,1.5
08-09-2014,00:20:53.284,1.29528,1.29527,1,1
08-09-2014,00:20:53.566,1.29528,1.29525,1,1.87
08-09-2014,00:20:54.236,1.29529,1.29525,1.5,1.87
08-09-2014,00:20:55.028,1.29529,1.29526,1.5,1
08-09-2014,00:20:55.534,1.29528,1.29526,1,1
08-09-2014,00:20:57.200,1.29528,1.29527,1,1
08-09-2014,00:20:57.409,1.29528,1.29525,1,1.5
08-09-2014,00:20:58.452,1.29528,1.29527,1,1
08-09-2014,00:20:58.603,1.29528,1.29525,1,1.5
08-09-2014,00:20:59.109,1.29528,1.29526,1,1.5
08-09-2014,00:20:59.621,1.29528,1.29525,1,1.5
08-09-2014,00:21:00.937,1.29528,1.29527,1,1
08-09-2014,00:21:01.606,1.29528,1.29526,1,1
08-09-2014,00:21:02.477,1.29528,1.29527,1,1
08-09-2014,00:21:02.982,1.29528,1.29526,1,1.5
08-09-2014,00:21:03.598,1.29529,1.29526,1.5,1.5
08-09-2014,00:21:04.105,1.29529,1.29527,1.5,1
08-09-2014,00:21:04.156,1.29529,1.29525,1.5,1.5
08-09-2014,00:21:04.914,1.29529,1.29526,1.5,1
08-09-2014,00:21:05.420,1.29529,1.29525,1.5,1.69
08-09-2014,00:21:06.042,1.29529,1.29526,1.5,1.5
08-09-2014,00:21:06.245,1.2953,1.29528,1.25,1
08-09-2014,00:21:08.160,1.2953,1.29526,2.25,3
08-09-2014,00:21:08.666,1.29529,1.29526,1.5,2.25
08-09-2014,00:21:15.403,1.29528,1.29526,1,1.5
08-09-2014,00:21:16.279,1.29529,1.29526,1,1.5
08-09-2014,00:21:17.501,1.29528,1.29526,1,1.5
08-09-2014,00:21:18.011,1.29529,1.29526,1,2.25
08-09-2014,00:21:18.787,1.29528,1.29526,1,1.5
08-09-2014,00:21:19.459,1.29529,1.29526,1,2.25
08-09-2014,00:21:21.855,1.29528,1.29526,1,1.5
08-09-2014,00:21:22.368,1.29529,1.29526,1,1.5
08-09-2014,00:21:24.761,1.29528,1.29526,1,1.5
08-09-2014,00:21:27.147,1.29528,1.29526,1,1.5
08-09-2014,00:21:33.295,1.29527,1.29526,1,1.5
08-09-2014,00:21:45.740,1.29527,1.29525,1,2.62
08-09-2014,00:21:47.733,1.29529,1.29525,1,2.25
08-09-2014,00:21:48.243,1.29529,1.29526,1.5,1
08-09-2014,00:21:48.782,1.29529,1.29525,1.5,2.25
08-09-2014,00:21:49.313,1.29528,1.29526,1,1
08-09-2014,00:21:50.451,1.29528,1.29525,1,1.5
08-09-2014,00:21:50.969,1.29529,1.29526,1,1.5
08-09-2014,00:21:52.147,1.29528,1.29526,1,1
08-09-2014,00:21:52.652,1.29529,1.29526,1,1.5
08-09-2014,00:21:56.695,1.29529,1.29525,1,1.5
08-09-2014,00:21:57.522,1.29529,1.29526,1,1
08-09-2014,00:21:58.145,1.29529,1.29525,1,3
08-09-2014,00:21:58.751,1.29529,1.29526,1,1
08-09-2014,00:21:59.263,1.29529,1.29525,1,3
08-09-2014,00:22:00.785,1.29529,1.29526,1.5,1
08-09-2014,00:22:01.338,1.29529,1.29525,1.5,3.75
08-09-2014,00:22:01.879,1.29529,1.29526,1.5,1
08-09-2014,00:22:02.386,1.29529,1.29525,1.5,3.75
08-09-2014,00:22:02.944,1.29529,1.29526,1.5,1
08-09-2014,00:22:03.452,1.29529,1.29525,1.5,4.12
08-09-2014,00:22:03.970,1.29529,1.29526,1.5,1
08-09-2014,00:22:04.476,1.29529,1.29525,1.5,3.75
08-09-2014,00:22:05.551,1.29529,1.29526,1.5,1
08-09-2014,00:22:06.058,1.29529,1.29525,1.5,3.75
08-09-2014,00:22:06.617,1.29529,1.29526,1.5,1
08-09-2014,00:22:07.127,1.29529,1.29525,1.5,3.75
08-09-2014,00:22:09.467,1.29529,1.29526,1.5,1
08-09-2014,00:22:10.041,1.29529,1.29525,1.5,1.87
08-09-2014,00:22:12.705,1.29529,1.29526,1.5,1
08-09-2014,00:22:13.234,1.29529,1.29525,1.5,1.5
08-09-2014,00:22:15.173,1.29529,1.29526,1.5,1
08-09-2014,00:22:15.680,1.29529,1.29525,1.5,1.5
08-09-2014,00:22:16.845,1.29529,1.29526,1,1
08-09-2014,00:22:17.047,1.29531,1.29526,4.31,2.44
08-09-2014,00:22:18.618,1.2953,1.29526,1,2.44
08-09-2014,00:22:19.124,1.29531,1.29527,1.69,1.5
08-09-2014,00:22:19.574,1.29532,1.29529,1,1
08-09-2014,00:22:19.879,1.29535,1.29533,1,4
08-09-2014,00:22:20.031,1.29539,1.29535,3.75,1.5
08-09-2014,00:22:22.032,1.29538,1.29535,1,1
08-09-2014,00:22:22.548,1.29537,1.29534,1,1.5
08-09-2014,00:22:23.832,1.29539,1.29534,3.75,2.25
08-09-2014,00:22:23.984,1.29537,1.29534,1,2.25
08-09-2014,00:22:28.522,1.29538,1.29534,1,2.44
08-09-2014,00:22:29.633,1.29537,1.29534,1,2.44
08-09-2014,00:22:30.173,1.29538,1.29534,1.5,3.19
08-09-2014,00:22:38.830,1.29538,1.29535,1,1
08-09-2014,00:22:44.822,1.29539,1.29535,3.75,1
08-09-2014,00:22:45.327,1.29539,1.29534,2.25,1.5
08-09-2014,00:22:45.832,1.29538,1.29534,1,1.5
08-09-2014,00:22:46.590,1.29539,1.29534,3.94,2.44
08-09-2014,00:22:51.511,1.29538,1.29534,1,2.25
08-09-2014,00:22:53.172,1.29539,1.29534,6,2.25
08-09-2014,00:23:02.109,1.29539,1.29535,5.25,1.5
08-09-2014,00:23:07.940,1.29539,1.29534,4.5,2.25
08-09-2014,00:23:08.648,1.29538,1.29534,1,1.5
08-09-2014,00:23:09.184,1.29537,1.29534,1,1.5
08-09-2014,00:23:18.650,1.29538,1.29534,1,1.69
08-09-2014,00:23:18.983,1.29542,1.29539,1.5,3.37
08-09-2014,00:23:19.494,1.29542,1.29539,1,3.37
08-09-2014,00:23:20.006,1.29543,1.29539,4.12,4.87
08-09-2014,00:23:20.519,1.29543,1.29539,2.62,3.37
08-09-2014,00:23:21.134,1.29543,1.29539,1,4.12
08-09-2014,00:23:21.649,1.29543,1.29539,3,5.62
08-09-2014,00:23:22.212,1.29543,1.29539,1.5,4.12
08-09-2014,00:23:23.527,1.29543,1.29539,1.5,4.12
08-09-2014,00:23:24.102,1.29543,1.29539,1.5,4.12
08-09-2014,00:23:24.617,1.29543,1.2954,1,1
08-09-2014,00:23:28.904,1.29542,1.2954,1,1.5
08-09-2014,00:23:30.443,1.29544,1.2954,9.37,1
08-09-2014,00:23:30.897,1.29541,1.29539,1,1.87
08-09-2014,00:23:31.404,1.29541,1.29538,1.5,1
08-09-2014,00:23:31.455,1.2954,1.29536,1.5,2.44
08-09-2014,00:23:31.992,1.2954,1.29537,2.25,1.5
08-09-2014,00:23:32.498,1.2954,1.29538,1,1
08-09-2014,00:23:33.003,1.2954,1.29537,1.5,2.25
08-09-2014,00:23:33.752,1.2954,1.29536,2.25,3.19
08-09-2014,00:23:34.257,1.29539,1.29536,1.5,1
08-09-2014,00:23:35.186,1.2954,1.29536,3.94,3
08-09-2014,00:23:35.590,1.2954,1.29538,1.12,1
08-09-2014,00:23:35.742,1.29542,1.29539,4.5,1.5
08-09-2014,00:23:37.928,1.29542,1.29539,1,4.12
08-09-2014,00:23:38.470,1.29542,1.29539,1,4.12
08-09-2014,00:23:39.069,1.29543,1.29539,3.75,4.12
08-09-2014,00:23:39.661,1.29542,1.29539,1,4.87
08-09-2014,00:23:40.178,1.29543,1.29539,3.75,4.12
08-09-2014,00:23:40.723,1.29542,1.29539,1,4.87
08-09-2014,00:23:41.255,1.29543,1.29539,3.75,3.37
08-09-2014,00:23:41.765,1.29543,1.29539,3.75,3.37
08-09-2014,00:23:42.375,1.29542,1.29539,1,2.62
08-09-2014,00:23:43.034,1.29542,1.29539,1,2.62
08-09-2014,00:23:43.653,1.29542,1.29539,1,2.62
08-09-2014,00:23:44.159,1.29542,1.29539,1.5,3.37
08-09-2014,00:23:44.671,1.29542,1.29539,1.5,3.37
08-09-2014,00:23:45.292,1.29542,1.29539,1.5,3.37
08-09-2014,00:23:46.059,1.29542,1.29539,2.25,3.37
08-09-2014,00:23:46.575,1.29542,1.29539,1.5,2.62
08-09-2014,00:23:47.649,1.29542,1.29539,1.5,2.62
08-09-2014,00:23:48.196,1.29542,1.29539,2.25,3.37
08-09-2014,00:23:48.703,1.29542,1.29539,1.5,2.62
08-09-2014,00:23:49.208,1.29542,1.29539,1,2.62
08-09-2014,00:23:50.210,1.29542,1.29539,1,2.62
08-09-2014,00:23:50.928,1.29542,1.29539,1,2.62
08-09-2014,00:23:51.747,1.29542,1.29539,1.5,3.37
08-09-2014,00:23:52.255,1.29542,1.29539,1,2.62
08-09-2014,00:23:52.812,1.29542,1.29539,1,2.62
08-09-2014,00:23:53.624,1.29542,1.29539,1.5,3.37
08-09-2014,00:23:54.475,1.29543,1.29539,3.75,3.37
08-09-2014,00:23:54.981,1.29542,1.29539,1.5,3.37
08-09-2014,00:23:56.188,1.29542,1.29539,1,2.62
08-09-2014,00:23:56.698,1.29542,1.29539,1,2.62
08-09-2014,00:23:57.305,1.29542,1.29539,1,2.62
08-09-2014,00:23:57.875,1.29542,1.29539,1,3.37
08-09-2014,00:23:58.384,1.29542,1.29539,1,3.37
08-09-2014,00:23:58.913,1.29542,1.29539,1,3.37
08-09-2014,00:23:59.430,1.29543,1.29539,4.69,2.62
08-09-2014,00:24:00.168,1.29542,1.29539,1,4.12
08-09-2014,00:24:00.688,1.29543,1.29539,2.44,2.62
08-09-2014,00:24:01.465,1.29543,1.29539,3.75,2.62
08-09-2014,00:24:02.122,1.29543,1.29539,1.5,4.87
08-09-2014,00:24:02.683,1.29543,1.29539,1,1.87
08-09-2014,00:24:03.205,1.29542,1.29539,1.5,1.12
08-09-2014,00:24:03.749,1.29542,1.29539,1.5,1.37
08-09-2014,00:24:04.004,1.29544,1.29539,6.37,5.25
08-09-2014,00:24:04.525,1.29543,1.29539,3,1.12
08-09-2014,00:24:05.030,1.29542,1.29539,1,2.62
08-09-2014,00:24:05.822,1.29543,1.29539,3,1.31
08-09-2014,00:24:06.861,1.29543,1.29539,3,1.62
08-09-2014,00:24:07.381,1.29543,1.29539,3,1.31
08-09-2014,00:24:07.921,1.29542,1.29539,1,4.69
08-09-2014,00:24:08.427,1.29543,1.29539,3.75,2.06
08-09-2014,00:24:09.019,1.29542,1.29539,1,3.56
08-09-2014,00:24:09.525,1.29543,1.29539,3.75,2.06
08-09-2014,00:24:10.031,1.29542,1.29539,1.5,3.56
08-09-2014,00:24:10.692,1.29542,1.29538,3,3.19
08-09-2014,00:24:11.198,1.29542,1.29539,1,4.5
08-09-2014,00:24:11.811,1.29543,1.29539,3.94,3.75
08-09-2014,00:24:12.843,1.29542,1.29539,1,4.5
08-09-2014,00:24:13.361,1.29543,1.29539,3.94,3.75
08-09-2014,00:24:14.423,1.29542,1.29539,1,4.5
08-09-2014,00:24:14.928,1.29543,1.29539,3.94,3.75
08-09-2014,00:24:15.880,1.29542,1.29539,1,5.25
08-09-2014,00:24:16.385,1.29543,1.29539,2.44,2.62
08-09-2014,00:24:16.889,1.29542,1.29539,1,3.75
08-09-2014,00:24:17.397,1.29543,1.29539,2.25,2.25
08-09-2014,00:24:18.105,1.29542,1.29539,1,3.75
08-09-2014,00:24:18.656,1.29543,1.29539,2.44,2.25
08-09-2014,00:24:19.235,1.29543,1.2954,2.44,1
08-09-2014,00:24:20.043,1.29542,1.2954,1,3.37
08-09-2014,00:24:20.850,1.29543,1.2954,2.25,1.87
08-09-2014,00:24:21.839,1.29542,1.2954,1,2.62
08-09-2014,00:24:22.901,1.29543,1.2954,2.25,1
08-09-2014,00:24:23.406,1.29543,1.29539,1.5,1.87
08-09-2014,00:24:23.918,1.29542,1.29539,1,3.56
08-09-2014,00:24:24.556,1.29542,1.29539,1,3.56
08-09-2014,00:24:25.090,1.29542,1.29539,1,1.31
08-09-2014,00:24:25.705,1.29543,1.29539,1.5,2.06
08-09-2014,00:24:26.219,1.29542,1.29539,1.5,1.31
08-09-2014,00:24:27.023,1.29542,1.29539,1.5,1.62
08-09-2014,00:24:27.613,1.29542,1.29539,2.25,2.81
08-09-2014,00:24:28.170,1.29542,1.29539,1.5,1.62
08-09-2014,00:24:28.675,1.29542,1.29539,2.25,2.81
08-09-2014,00:24:29.186,1.29542,1.29538,1.5,9.94
08-09-2014,00:24:29.699,1.29542,1.29539,2.25,1.12
08-09-2014,00:24:30.215,1.29542,1.29538,3,5.25
08-09-2014,00:24:31.034,1.29541,1.29539,1,1
08-09-2014,00:24:31.547,1.29542,1.29538,2.25,3.75
08-09-2014,00:24:32.107,1.29541,1.29539,1,1
08-09-2014,00:24:32.617,1.29542,1.29538,1.5,6
08-09-2014,00:24:32.871,1.29542,1.29538,1,5.62
08-09-2014,00:24:33.494,1.29542,1.29538,1,8.25
08-09-2014,00:24:33.999,1.29543,1.29539,1.5,1.62
08-09-2014,00:24:34.505,1.29543,1.29539,1.5,2.06
08-09-2014,00:24:35.252,1.29543,1.29539,1.5,2.06
08-09-2014,00:24:35.866,1.29543,1.29538,2.25,8.44
08-09-2014,00:24:36.371,1.29543,1.29539,4.5,2.06
08-09-2014,00:24:36.877,1.29543,1.29538,2.25,8.44
08-09-2014,00:24:37.462,1.29543,1.29539,4.5,2.06
08-09-2014,00:24:38.003,1.29543,1.29539,1.5,1.31
08-09-2014,00:24:38.523,1.29543,1.29538,2.25,9.19
08-09-2014,00:24:39.049,1.29543,1.29538,1,9.94
08-09-2014,00:24:40.068,1.29543,1.29538,2.25,8.44
08-09-2014,00:24:41.091,1.29543,1.29539,1.5,1.12
08-09-2014,00:24:41.599,1.29542,1.29538,1,8.44
08-09-2014,00:24:42.618,1.29542,1.29539,1,1.87
08-09-2014,00:24:43.334,1.29542,1.29538,1,8.44
08-09-2014,00:24:44.152,1.29542,1.29539,1,1.87
08-09-2014,00:24:44.665,1.29542,1.29538,1,8.25
08-09-2014,00:24:45.275,1.29542,1.29538,1,8.44
08-09-2014,00:24:45.785,1.29542,1.29539,1,1.87
08-09-2014,00:24:46.906,1.29542,1.29539,1,1.37
08-09-2014,00:24:47.488,1.29542,1.29538,1,6.94
08-09-2014,00:24:48.099,1.29542,1.29538,1,6.94
08-09-2014,00:24:48.660,1.29542,1.29539,1,1.12
08-09-2014,00:24:49.204,1.29543,1.29539,1.5,1.12
08-09-2014,00:24:49.747,1.29543,1.29539,1.5,1.37
08-09-2014,00:24:50.253,1.29543,1.29539,3.75,1.87
08-09-2014,00:24:50.814,1.29543,1.29538,1,7.69
08-09-2014,00:24:51.384,1.29543,1.29539,1.5,1.12
08-09-2014,00:24:51.929,1.29543,1.29539,3.75,1.87
08-09-2014,00:24:52.605,1.29543,1.29539,3.75,1.87
08-09-2014,00:24:53.129,1.29543,1.29539,1.5,1.37
08-09-2014,00:24:53.708,1.29542,1.2954,1,1
08-09-2014,00:24:54.255,1.29543,1.2954,1,1.12
08-09-2014,00:24:55.142,1.29544,1.2954,7.12,1
08-09-2014,00:24:55.705,1.29542,1.2954,1,1.12
08-09-2014,00:24:56.287,1.29543,1.2954,2.25,1
08-09-2014,00:24:56.923,1.29544,1.2954,7.31,1
08-09-2014,00:24:57.669,1.29543,1.2954,2.25,1
08-09-2014,00:24:58.243,1.29544,1.2954,7.31,1
08-09-2014,00:24:59.562,1.29543,1.2954,2.25,1.12
08-09-2014,00:25:00.073,1.29544,1.2954,7.12,1.12
08-09-2014,00:25:00.640,1.29543,1.2954,1,1
08-09-2014,00:25:03.822,1.29542,1.2954,1,1
08-09-2014,00:25:07.505,1.29543,1.2954,1.5,1
08-09-2014,00:25:08.013,1.29542,1.2954,1,1
08-09-2014,00:25:18.257,1.29541,1.29539,1,5.44
08-09-2014,00:25:18.409,1.2954,1.29538,1,1
08-09-2014,00:25:18.712,1.29539,1.29536,1,3.75
08-09-2014,00:25:19.230,1.2954,1.29536,1.5,2.25
08-09-2014,00:25:19.790,1.29539,1.29536,1.5,1
08-09-2014,00:25:21.480,1.2954,1.29536,4.5,2.25
08-09-2014,00:25:23.450,1.2954,1.29538,1.5,1
08-09-2014,00:25:23.551,1.2954,1.29536,1.5,1
08-09-2014,00:25:24.542,1.2954,1.29537,1.5,1
08-09-2014,00:25:25.515,1.2954,1.29536,1.5,3
08-09-2014,00:25:26.979,1.2954,1.29538,1.5,1.5
08-09-2014,00:25:27.486,1.29541,1.29537,1.5,3
08-09-2014,00:25:38.277,1.29541,1.29538,1,1.5
08-09-2014,00:25:38.582,1.29543,1.2954,2.44,1.12
08-09-2014,00:25:39.089,1.29543,1.29539,1.25,3.37
08-09-2014,00:25:39.746,1.29543,1.29539,1.5,1.87
08-09-2014,00:25:40.281,1.29543,1.29541,2.25,1
08-09-2014,00:25:40.868,1.29543,1.2954,3,1
08-09-2014,00:25:41.407,1.29543,1.29539,1.5,1.87
08-09-2014,00:25:41.918,1.29543,1.29539,1.5,1.87
08-09-2014,00:25:42.523,1.29543,1.29539,1,4.12
08-09-2014,00:25:43.028,1.29543,1.2954,2.25,1.12
08-09-2014,00:25:43.551,1.29543,1.29539,2.25,5.62
08-09-2014,00:25:44.160,1.29543,1.2954,2.62,1.12
08-09-2014,00:25:44.667,1.29543,1.29539,1,4.12
08-09-2014,00:25:45.275,1.29543,1.2954,1,1.12
08-09-2014,00:25:45.938,1.29543,1.29539,1,4.12
08-09-2014,00:25:50.612,1.29543,1.2954,1,1.12
08-09-2014,00:25:51.163,1.29543,1.29539,1,4.12
08-09-2014,00:25:51.721,1.29543,1.2954,1,1.12
08-09-2014,00:25:52.499,1.29543,1.29539,1,4.12
08-09-2014,00:25:53.539,1.29543,1.2954,1,1.12
08-09-2014,00:25:54.142,1.29543,1.29539,2.25,5.62
08-09-2014,00:25:55.462,1.29543,1.2954,1,1.12
08-09-2014,00:25:55.968,1.29543,1.29539,2.25,5.62
08-09-2014,00:25:56.692,1.29543,1.2954,1,1.12
08-09-2014,00:25:57.398,1.29543,1.29539,2.25,5.62
08-09-2014,00:25:57.997,1.29543,1.2954,1,1.12
08-09-2014,00:25:58.524,1.29543,1.29539,2.62,4.12
08-09-2014,00:25:59.064,1.29543,1.2954,1.5,1.12
08-09-2014,00:25:59.699,1.29542,1.2954,1.5,1.87
08-09-2014,00:26:00.204,1.29542,1.29539,1,4.12
08-09-2014,00:26:00.780,1.29542,1.2954,1.5,1
08-09-2014,00:26:01.494,1.29542,1.29539,1.5,5.62
08-09-2014,00:26:02.078,1.29542,1.2954,1.5,1
08-09-2014,00:26:02.672,1.29542,1.29539,1,4.12
08-09-2014,00:26:03.536,1.29542,1.2954,1.5,1
08-09-2014,00:26:04.045,1.29542,1.29539,1,4.12
08-09-2014,00:26:05.020,1.29542,1.2954,1.5,1
08-09-2014,00:26:05.531,1.29542,1.29539,1,4.5
08-09-2014,00:26:06.129,1.29543,1.29539,4.12,4.5
08-09-2014,00:26:06.640,1.29542,1.29539,1,6
08-09-2014,00:26:07.170,1.29543,1.29539,2.25,4.69
08-09-2014,00:26:07.679,1.29543,1.2954,1.69,1.12
08-09-2014,00:26:08.292,1.29543,1.29539,2.44,5.25
08-09-2014,00:26:08.822,1.29542,1.2954,1,1
08-09-2014,00:26:09.332,1.29543,1.29539,2.44,5.25
08-09-2014,00:26:10.103,1.29543,1.2954,2.25,1.12
08-09-2014,00:26:10.624,1.29542,1.2954,1,1
08-09-2014,00:26:11.132,1.29543,1.2954,3.19,1.12
08-09-2014,00:26:11.638,1.2954,1.29539,1,1
08-09-2014,00:26:12.144,1.2954,1.29537,3.19,1.5
08-09-2014,00:26:12.246,1.29539,1.29535,1,2.62
08-09-2014,00:26:12.751,1.29538,1.29535,1,2.25
08-09-2014,00:26:13.265,1.29539,1.29536,3.19,1
08-09-2014,00:26:13.951,1.29538,1.29535,1.5,2.25
08-09-2014,00:26:14.458,1.29539,1.29535,6.94,3.37
08-09-2014,00:26:14.976,1.29538,1.29535,1,3.37
08-09-2014,00:26:15.705,1.29538,1.29536,2.25,1
08-09-2014,00:26:16.386,1.29538,1.29535,1,3.37
08-09-2014,00:26:16.898,1.29538,1.29536,2.25,1
08-09-2014,00:26:17.511,1.29538,1.29535,1,3.37
08-09-2014,00:26:18.625,1.29538,1.29536,2.25,1
08-09-2014,00:26:19.342,1.29538,1.29535,1,3.37
08-09-2014,00:26:19.852,1.29538,1.29536,2.25,1
08-09-2014,00:26:20.369,1.29538,1.29535,1,2.62
08-09-2014,00:26:20.873,1.29538,1.29536,1.5,1
08-09-2014,00:26:21.484,1.29538,1.29535,1,2.62
08-09-2014,00:26:22.005,1.29538,1.29536,1,1
08-09-2014,00:26:22.533,1.29539,1.29535,4.5,3.75
08-09-2014,00:26:23.478,1.29538,1.29536,1,1
08-09-2014,00:26:24.007,1.29539,1.29535,4.5,4.12
08-09-2014,00:26:24.160,1.29539,1.29537,3.75,1
08-09-2014,00:26:26.390,1.29539,1.29536,1,1.5
08-09-2014,00:26:27.965,1.29539,1.29535,1,5.62
08-09-2014,00:26:30.092,1.29539,1.29536,1,1
08-09-2014,00:26:30.663,1.29539,1.29535,1,5.62
08-09-2014,00:26:31.283,1.29539,1.29536,1,1
08-09-2014,00:26:31.796,1.29539,1.29535,1,5.62
08-09-2014,00:26:32.715,1.29539,1.29536,1,1
08-09-2014,00:26:33.300,1.29539,1.29535,1,4.87
08-09-2014,00:26:34.041,1.29539,1.29536,1,1
08-09-2014,00:26:34.700,1.29539,1.29535,1,6.37
08-09-2014,00:26:37.295,1.29539,1.29536,1,1
08-09-2014,00:26:37.803,1.29539,1.29535,1,4.87
08-09-2014,00:26:38.424,1.29539,1.29536,1,1
08-09-2014,00:26:38.945,1.29539,1.29535,1,4.12
08-09-2014,00:27:13.624,1.29538,1.29535,1,1
08-09-2014,00:27:16.250,1.29539,1.29535,1.25,1
08-09-2014,00:27:33.107,1.29538,1.29535,1,1
08-09-2014,00:27:37.423,1.29539,1.29535,2.25,2.62
08-09-2014,00:27:42.857,1.29538,1.29535,1,1.12
08-09-2014,00:27:43.409,1.29539,1.29535,4.5,1.87
08-09-2014,00:27:47.272,1.29538,1.29535,1,1.12
08-09-2014,00:27:47.910,1.29539,1.29535,3.75,2.62
08-09-2014,00:27:53.483,1.29538,1.29535,1,1.5
08-09-2014,00:27:54.025,1.29539,1.29535,3.19,1.5
08-09-2014,00:27:54.329,1.29535,1.29532,9.56,4.12
08-09-2014,00:27:54.431,1.29533,1.2953,1.25,3.75
08-09-2014,00:27:54.684,1.29531,1.2953,1,1
08-09-2014,00:27:55.190,1.29532,1.2953,1,1
08-09-2014,00:27:55.241,1.29531,1.29529,1,1.5
08-09-2014,00:27:57.092,1.29531,1.29528,1.25,3.75
08-09-2014,00:27:57.219,1.29529,1.29528,1,1
08-09-2014,00:27:57.270,1.29529,1.29526,1,2.25
08-09-2014,00:27:57.321,1.29527,1.29526,1,1.5
08-09-2014,00:27:57.731,1.29527,1.29524,1,3.37
08-09-2014,00:27:57.883,1.29527,1.29526,1,1
08-09-2014,00:27:58.186,1.29529,1.29526,1.69,1
08-09-2014,00:28:00.312,1.2953,1.29526,4.69,1.5
08-09-2014,00:28:08.333,1.29529,1.29526,2.44,2.25
08-09-2014,00:28:10.342,1.2953,1.29526,3.94,2.25
08-09-2014,00:28:11.328,1.29529,1.29526,1.25,2.25
08-09-2014,00:28:16.304,1.29528,1.29526,1,1.5
08-09-2014,00:28:16.759,1.29527,1.29524,1,2.25
08-09-2014,00:28:17.694,1.29527,1.29525,1,1
08-09-2014,00:28:21.019,1.29527,1.29524,1,2.25
08-09-2014,00:28:22.395,1.29527,1.29525,1,1
08-09-2014,00:28:23.615,1.29527,1.29524,1,3
08-09-2014,00:28:24.121,1.29527,1.29525,1,1
08-09-2014,00:28:24.626,1.29527,1.29524,1,2.25
08-09-2014,00:28:25.203,1.29527,1.29525,1,1
08-09-2014,00:28:25.711,1.29527,1.29524,1,3
08-09-2014,00:28:28.513,1.29527,1.29525,1,1
08-09-2014,00:28:33.398,1.29527,1.29524,1,3
08-09-2014,00:28:33.904,1.29527,1.29525,1,1
08-09-2014,00:28:34.471,1.29527,1.29524,1.25,2.25
08-09-2014,00:28:38.529,1.29527,1.29525,1,1
08-09-2014,00:28:39.204,1.29527,1.29524,1,2.25
08-09-2014,00:28:39.760,1.29527,1.29525,1,1
08-09-2014,00:28:40.308,1.29527,1.29524,1,1.5
08-09-2014,00:28:46.453,1.29527,1.29524,3.19,1
08-09-2014,00:28:47.920,1.29527,1.29525,2.44,1
08-09-2014,00:28:48.418,1.29528,1.29525,4.01,1
08-09-2014,00:28:52.561,1.29527,1.29525,1,1.5
08-09-2014,00:28:54.765,1.29527,1.29524,2.44,1.5
08-09-2014,00:28:55.120,1.29524,1.29522,1,3.75
08-09-2014,00:28:55.373,1.29522,1.29519,1,5.62
08-09-2014,00:28:55.928,1.29522,1.29519,1,4.12
08-09-2014,00:28:56.299,1.29521,1.29519,1,3.75
08-09-2014,00:28:57.062,1.29522,1.29519,1.5,1
08-09-2014,00:28:58.284,1.29521,1.29519,1,2.25
08-09-2014,00:28:58.792,1.29522,1.29519,1.5,1
08-09-2014,00:29:00.622,1.29521,1.29519,1,2.25
08-09-2014,00:29:01.134,1.29522,1.29519,1.69,1
08-09-2014,00:29:03.474,1.29522,1.29521,1,1.87
08-09-2014,00:29:04.092,1.29523,1.29521,1.5,2.62
08-09-2014,00:29:04.294,1.29524,1.29519,8.06,4.5
08-09-2014,00:29:04.809,1.29524,1.2952,8.06,1
08-09-2014,00:29:05.523,1.29523,1.2952,1.5,2.25
08-09-2014,00:29:09.745,1.29523,1.29519,1.25,6.37
08-09-2014,00:29:10.258,1.29523,1.29519,3.19,1.87
08-09-2014,00:29:10.875,1.29523,1.29519,3.19,1.87
08-09-2014,00:29:11.641,1.29523,1.29519,3.19,3.37
08-09-2014,00:29:12.150,1.29523,1.29519,3.19,3.37
08-09-2014,00:29:12.657,1.29523,1.29519,3.19,3.37
08-09-2014,00:29:13.180,1.29523,1.29519,5.44,5.62
08-09-2014,00:29:13.484,1.29521,1.29519,1,3.37
08-09-2014,00:29:14.001,1.29522,1.29519,2.25,1.87
08-09-2014,00:29:14.506,1.29521,1.29519,1.5,2.62
08-09-2014,00:29:14.608,1.29521,1.29517,2.25,2.25
08-09-2014,00:29:15.116,1.2952,1.29517,1,1.5
08-09-2014,00:29:15.712,1.2952,1.29516,2.81,1.12
08-09-2014,00:29:19.237,1.2952,1.29517,2.44,1
08-09-2014,00:29:29.556,1.2952,1.29516,1.69,2.25
08-09-2014,00:29:30.522,1.2952,1.29517,1.12,1
08-09-2014,00:29:31.090,1.29521,1.29517,2.81,1
08-09-2014,00:29:32.825,1.29521,1.29517,3.56,1
08-09-2014,00:29:33.657,1.29521,1.29517,4.31,1
08-09-2014,00:29:35.799,1.29521,1.29517,3.56,1
08-09-2014,00:29:36.440,1.29521,1.29517,3.56,1
08-09-2014,00:29:36.948,1.2952,1.29517,1.5,1
08-09-2014,00:29:37.504,1.2952,1.29518,1.12,1
08-09-2014,00:29:38.009,1.29521,1.29517,5.06,1
08-09-2014,00:29:38.515,1.2952,1.29516,1.25,2.25
08-09-2014,00:29:39.448,1.29519,1.29516,1,3.75
08-09-2014,00:29:39.939,1.29521,1.29517,1.69,1
08-09-2014,00:29:40.478,1.29521,1.29516,1.25,6
08-09-2014,00:29:40.995,1.2952,1.29516,1,5.25
08-09-2014,00:29:41.695,1.2952,1.29517,1.5,1
08-09-2014,00:29:42.241,1.2952,1.29516,1.69,6
08-09-2014,00:29:42.758,1.29521,1.29516,1.31,6
08-09-2014,00:29:43.266,1.2952,1.29517,1,1
08-09-2014,00:29:43.790,1.29521,1.29516,2.06,5.25
08-09-2014,00:29:44.298,1.2952,1.29517,1.87,1
08-09-2014,00:29:44.804,1.29521,1.29516,5.06,3
08-09-2014,00:29:45.310,1.29521,1.29516,5.06,3
08-09-2014,00:29:45.857,1.2952,1.29516,1.25,3
08-09-2014,00:29:46.755,1.29521,1.29516,5.06,3
08-09-2014,00:29:47.257,1.29521,1.29516,5.81,5.25
08-09-2014,00:29:50.210,1.2952,1.29518,1,1
08-09-2014,00:29:51.221,1.29521,1.29518,4.31,1
08-09-2014,00:29:51.747,1.2952,1.29518,1,1
08-09-2014,00:29:52.258,1.29521,1.29518,2.81,1
08-09-2014,00:29:52.769,1.2952,1.29518,1.12,1
08-09-2014,00:29:53.279,1.29521,1.29518,1.31,1
08-09-2014,00:29:54.042,1.29521,1.29518,1.62,1
08-09-2014,00:29:54.592,1.29521,1.29518,1.31,1
08-09-2014,00:29:55.010,1.29522,1.29519,8.32,1
08-09-2014,00:29:55.561,1.29522,1.29517,4.31,3
08-09-2014,00:29:56.084,1.29522,1.2952,6.82,1
08-09-2014,00:29:57.031,1.29522,1.29517,4.31,3
08-09-2014,00:29:57.638,1.29522,1.29517,7.39,3.75
08-09-2014,00:29:57.868,1.29522,1.29519,5.06,1
08-09-2014,00:29:58.653,1.29521,1.29519,1.31,1
08-09-2014,00:29:59.486,1.29521,1.29519,1.62,1
08-09-2014,00:29:59.992,1.29521,1.29519,1.25,1
08-09-2014,00:30:00.818,1.29521,1.29519,1.62,1
08-09-2014,00:30:01.590,1.29521,1.29519,1.31,1
08-09-2014,00:30:02.217,1.29521,1.29519,1.62,1
08-09-2014,00:30:02.782,1.29521,1.29519,1.25,1
08-09-2014,00:30:04.809,1.29521,1.29519,1.62,1
08-09-2014,00:30:05.346,1.29522,1.29519,3.56,1
08-09-2014,00:30:06.000,1.29522,1.29519,3.56,1
08-09-2014,00:30:06.542,1.29522,1.29519,3.56,1
08-09-2014,00:30:07.131,1.29522,1.29519,5.89,1
08-09-2014,00:30:07.813,1.29522,1.29519,7.39,1
08-09-2014,00:30:09.864,1.29522,1.29519,5.06,1
08-09-2014,00:30:10.366,1.29522,1.29519,5.06,1
08-09-2014,00:30:10.871,1.29522,1.29519,5.06,1
08-09-2014,00:30:11.400,1.29522,1.29519,5.06,1
08-09-2014,00:30:12.705,1.29522,1.29519,5.06,1
08-09-2014,00:30:13.293,1.29522,1.29519,5.06,1
08-09-2014,00:30:14.142,1.29522,1.29519,5.06,1
08-09-2014,00:30:14.685,1.29522,1.29519,5.06,1
08-09-2014,00:30:15.196,1.29522,1.29519,5.06,1
08-09-2014,00:30:15.706,1.29522,1.29519,8.14,1
08-09-2014,00:30:16.264,1.29522,1.29519,8.14,1
08-09-2014,00:30:16.876,1.29522,1.29519,5.06,1
08-09-2014,00:30:17.791,1.29522,1.29519,5.06,1
08-09-2014,00:30:17.894,1.29522,1.29517,5.81,2.25
08-09-2014,00:30:18.439,1.29521,1.29517,1.31,1
08-09-2014,00:30:20.587,1.29522,1.29517,7.31,1
08-09-2014,00:30:21.099,1.29522,1.29517,10.39,1
08-09-2014,00:30:21.759,1.29522,1.29517,10.39,1
08-09-2014,00:30:22.518,1.29522,1.29518,6.56,1
08-09-2014,00:30:23.023,1.29522,1.29517,5.81,2.25
08-09-2014,00:30:23.326,1.29523,1.29519,8.89,1
08-09-2014,00:30:24.364,1.29523,1.29519,7.31,1.5
08-09-2014,00:30:24.976,1.29523,1.29519,6.56,1.87
08-09-2014,00:30:25.561,1.29523,1.29519,8.51,4.12
08-09-2014,00:30:26.385,1.29523,1.29519,5.44,1.87
08-09-2014,00:30:27.064,1.29523,1.29519,5.44,1.87
08-09-2014,00:30:27.573,1.29523,1.2952,2.44,1.5
08-09-2014,00:30:28.284,1.29523,1.29521,7.39,1
08-09-2014,00:30:28.816,1.29523,1.2952,1.87,2.25
08-09-2014,00:30:29.352,1.29523,1.29521,5.14,1
08-09-2014,00:30:30.089,1.29523,1.2952,2.06,2.25
08-09-2014,00:30:30.712,1.29523,1.29521,5.14,1
08-09-2014,00:30:31.016,1.29523,1.29522,1.12,1
08-09-2014,00:30:31.068,1.29525,1.29523,1,1
08-09-2014,00:30:31.221,1.29528,1.29525,2.44,1.5
08-09-2014,00:30:31.272,1.29528,1.29525,1,3
08-09-2014,00:30:31.474,1.29529,1.29527,1.5,1
08-09-2014,00:30:31.677,1.29531,1.29528,3,3
08-09-2014,00:30:32.182,1.29532,1.29528,3.94,1.5
08-09-2014,00:30:32.337,1.2953,1.29528,1,1.5
08-09-2014,00:30:32.647,1.29532,1.29528,5.44,1.5
08-09-2014,00:30:33.159,1.29531,1.29528,1,1.5
08-09-2014,00:30:33.773,1.29532,1.29528,5.44,1.5
08-09-2014,00:30:34.286,1.29531,1.29528,1,1.5
08-09-2014,00:30:34.905,1.29532,1.29528,3.94,1.5
08-09-2014,00:30:35.806,1.29531,1.29528,1,1.5
08-09-2014,00:30:36.437,1.29532,1.29528,3.94,1.5
08-09-2014,00:30:37.068,1.29531,1.29528,1.5,1.5
08-09-2014,00:30:38.589,1.29531,1.29528,1.87,1.5
08-09-2014,00:30:39.294,1.29531,1.29528,1,1.5
08-09-2014,00:30:41.588,1.29531,1.29528,2.44,1.5
08-09-2014,00:30:42.628,1.29531,1.29528,2.62,1.5
08-09-2014,00:30:43.134,1.29531,1.29527,2.25,1.5
08-09-2014,00:30:43.644,1.29531,1.29527,2.44,1
08-09-2014,00:30:46.021,1.29531,1.29527,2.06,1
08-09-2014,00:30:46.561,1.29531,1.29527,2.06,1
08-09-2014,00:30:47.216,1.29531,1.29527,2.06,1
08-09-2014,00:30:48.565,1.29531,1.29527,3.56,1.5
08-09-2014,00:30:49.077,1.29531,1.29527,2.06,1
08-09-2014,00:30:49.607,1.29531,1.29527,2.06,1
08-09-2014,00:30:50.200,1.29531,1.29527,3.56,1.5
08-09-2014,00:30:51.523,1.29531,1.29527,2.06,1
08-09-2014,00:30:57.628,1.29531,1.29527,5.06,3
08-09-2014,00:31:07.251,1.29531,1.29526,1,5.25
08-09-2014,00:31:07.763,1.29532,1.29526,6.19,3.75
08-09-2014,00:31:08.271,1.29531,1.29527,1.5,1.5
08-09-2014,00:31:10.856,1.29531,1.29526,1.5,2.25
08-09-2014,00:31:11.375,1.2953,1.29526,1,3
08-09-2014,00:31:13.435,1.29531,1.29527,1.25,1
08-09-2014,00:31:13.941,1.2953,1.29526,1.5,6.19
08-09-2014,00:31:14.625,1.2953,1.29527,1,1
08-09-2014,00:31:15.220,1.29531,1.29526,1.69,3.94
08-09-2014,00:31:15.901,1.2953,1.29526,1,4.69
08-09-2014,00:31:16.415,1.29531,1.29526,2.44,5.44
08-09-2014,00:31:16.920,1.2953,1.29526,1,6
08-09-2014,00:31:17.425,1.29531,1.29527,1.5,1
08-09-2014,00:31:17.931,1.29532,1.29526,3.94,6
08-09-2014,00:31:18.484,1.29532,1.29527,3.94,1
08-09-2014,00:31:19.213,1.29532,1.29526,3.94,6
08-09-2014,00:31:19.880,1.29532,1.29527,3.94,1
08-09-2014,00:31:21.254,1.29532,1.29528,1.5,1
08-09-2014,00:31:21.457,1.29533,1.2953,5.62,1
08-09-2014,00:31:21.962,1.29533,1.29529,1.87,7.5
08-09-2014,00:31:22.499,1.29533,1.2953,1.12,1.12
08-09-2014,00:31:23.010,1.29533,1.29531,1,1
08-09-2014,00:31:23.618,1.29534,1.29531,4.87,1
08-09-2014,00:31:24.130,1.29533,1.29531,1,1
08-09-2014,00:31:25.627,1.29534,1.29531,3.37,1
08-09-2014,00:31:27.469,1.29533,1.29531,1.5,1.5
08-09-2014,00:31:28.238,1.29534,1.29531,4.87,1
08-09-2014,00:31:28.793,1.29534,1.2953,4.87,4.87
08-09-2014,00:31:29.325,1.29533,1.2953,1,4.87
08-09-2014,00:31:30.370,1.29534,1.2953,4.12,4.87
08-09-2014,00:31:30.945,1.29533,1.29531,1.5,1
08-09-2014,00:31:31.489,1.29534,1.2953,4.12,3
08-09-2014,00:31:32.012,1.29533,1.29531,1.5,1
08-09-2014,00:31:32.556,1.29534,1.2953,4.12,3
08-09-2014,00:31:35.369,1.29533,1.29531,1.5,1
08-09-2014,00:31:35.878,1.29534,1.29532,1.5,3.25
08-09-2014,00:31:35.930,1.29535,1.29533,1.5,1
08-09-2014,00:31:36.031,1.29534,1.29533,2.25,1
08-09-2014,00:31:36.132,1.29536,1.29535,1,1
08-09-2014,00:31:36.234,1.29538,1.29534,2.25,5.25
08-09-2014,00:31:36.335,1.29536,1.29534,1,3.75
08-09-2014,00:31:36.641,1.29533,1.29531,1.12,1
08-09-2014,00:31:37.147,1.29533,1.2953,1,5.62
08-09-2014,00:31:38.666,1.29533,1.29531,2.62,1
08-09-2014,00:31:39.190,1.29533,1.2953,1.87,4.12
08-09-2014,00:31:48.453,1.29533,1.29531,1.5,1
08-09-2014,00:31:48.980,1.29533,1.2953,1,1.5
08-09-2014,00:31:49.283,1.29532,1.2953,1,3
08-09-2014,00:31:49.818,1.29532,1.2953,1,1.5
08-09-2014,00:31:58.963,1.29532,1.29531,1,1
08-09-2014,00:31:59.478,1.29533,1.29531,1.5,1
08-09-2014,00:32:06.321,1.29533,1.2953,1.87,2.25
08-09-2014,00:32:14.200,1.29533,1.29531,1.87,1
08-09-2014,00:32:14.760,1.29533,1.2953,1.87,1
08-09-2014,00:32:16.539,1.29532,1.2953,1,1.5
08-09-2014,00:32:16.938,1.29531,1.29528,3,1.5
08-09-2014,00:32:17.040,1.29529,1.29526,1,3.75
08-09-2014,00:32:17.192,1.29527,1.29525,2.25,1
08-09-2014,00:32:17.243,1.29526,1.29523,1,6.94
08-09-2014,00:32:17.396,1.29523,1.29522,1.87,2.25
08-09-2014,00:32:17.498,1.29522,1.2952,1,1
08-09-2014,00:32:17.549,1.29521,1.29518,1,1
08-09-2014,00:32:17.600,1.2952,1.29518,1,1
08-09-2014,00:32:17.803,1.29518,1.29516,1,1.5
08-09-2014,00:32:18.107,1.29517,1.29513,1,5.25
08-09-2014,00:32:18.796,1.29516,1.29514,1,1
08-09-2014,00:32:19.435,1.29517,1.29513,1.5,5.44
08-09-2014,00:32:19.942,1.29518,1.29514,1.5,1
08-09-2014,00:32:21.215,1.29518,1.29515,1,1
08-09-2014,00:32:21.468,1.29519,1.29516,2.25,1.87
08-09-2014,00:32:21.722,1.29522,1.29519,2.25,1
08-09-2014,00:32:22.228,1.29522,1.2952,1,1
08-09-2014,00:32:22.767,1.29522,1.29519,1,3
08-09-2014,00:32:23.480,1.29522,1.2952,1,1
08-09-2014,00:32:24.000,1.29522,1.29519,1,3
08-09-2014,00:32:24.510,1.29522,1.2952,1,1
08-09-2014,00:32:25.119,1.29522,1.29519,1,3
08-09-2014,00:32:25.627,1.29522,1.2952,1,1
08-09-2014,00:32:26.133,1.29522,1.29519,1.5,3
08-09-2014,00:32:26.675,1.29522,1.2952,1.5,1
08-09-2014,00:32:27.257,1.29522,1.29519,1.5,3
08-09-2014,00:32:27.814,1.29522,1.2952,1.5,1
08-09-2014,00:32:28.347,1.29522,1.29519,1.5,3
08-09-2014,00:32:29.055,1.29522,1.2952,1.5,1
08-09-2014,00:32:30.076,1.29522,1.29519,1.5,3
08-09-2014,00:32:31.983,1.29522,1.2952,1.5,1
08-09-2014,00:32:32.499,1.29522,1.29519,1.5,3
08-09-2014,00:32:33.492,1.29522,1.2952,1.5,1
08-09-2014,00:32:34.219,1.29522,1.29519,1.5,3
08-09-2014,00:32:36.176,1.29522,1.2952,1.5,1
08-09-2014,00:32:36.763,1.29522,1.29519,1.5,3.75
08-09-2014,00:32:38.054,1.29522,1.2952,1.5,1
08-09-2014,00:32:38.562,1.29522,1.29519,1.5,3
08-09-2014,00:32:39.147,1.29522,1.2952,1.5,1
08-09-2014,00:32:39.889,1.29522,1.29519,1.5,3
08-09-2014,00:32:41.718,1.29522,1.2952,1.5,1
08-09-2014,00:32:42.230,1.29522,1.29519,1.5,3
08-09-2014,00:32:42.966,1.29522,1.2952,1.5,1
08-09-2014,00:32:43.511,1.29522,1.29519,1.5,3.75
08-09-2014,00:32:45.078,1.29522,1.2952,1.5,1
08-09-2014,00:32:45.995,1.29522,1.29519,1.5,3.75
08-09-2014,00:32:46.909,1.29522,1.2952,1.5,1
08-09-2014,00:32:47.469,1.29522,1.29519,1.5,3.75
08-09-2014,00:32:48.842,1.29522,1.2952,1.5,1
08-09-2014,00:32:49.347,1.29522,1.29519,1.5,3
08-09-2014,00:32:50.262,1.29522,1.2952,1.5,1
08-09-2014,00:32:50.621,1.29524,1.29522,6.75,2.25
08-09-2014,00:32:50.672,1.29524,1.29523,5.25,1
08-09-2014,00:32:50.875,1.29527,1.29524,3,1
08-09-2014,00:32:50.976,1.29529,1.29524,3.75,2.25
08-09-2014,00:32:51.078,1.29529,1.29526,1.5,1
08-09-2014,00:32:51.382,1.29531,1.29528,1.5,1
08-09-2014,00:32:51.888,1.29532,1.29528,2.25,2.25
08-09-2014,00:32:52.499,1.29532,1.29529,2.25,1
08-09-2014,00:32:53.083,1.29532,1.29528,2.25,2.25
08-09-2014,00:32:53.586,1.29532,1.29529,1.5,1
08-09-2014,00:32:54.091,1.29532,1.29528,2.25,1.5
08-09-2014,00:32:54.761,1.29531,1.29528,1.5,1
08-09-2014,00:32:55.267,1.29532,1.29528,3,1
08-09-2014,00:33:00.466,1.29531,1.29527,1.5,1
08-09-2014,00:33:01.887,1.2953,1.29527,1,1.69
08-09-2014,00:33:02.504,1.2953,1.29526,3,3.75
08-09-2014,00:33:04.785,1.2953,1.29527,1.5,1
08-09-2014,00:33:08.902,1.29531,1.29527,2.25,1
08-09-2014,00:33:37.464,1.29531,1.29528,1,1
08-09-2014,00:33:37.971,1.29531,1.29529,1,1
08-09-2014,00:33:38.577,1.29531,1.29528,1,2.44
08-09-2014,00:33:39.673,1.29531,1.29529,1,1
08-09-2014,00:33:40.192,1.29531,1.29528,1,2.44
08-09-2014,00:33:40.942,1.29531,1.29529,1,1
08-09-2014,00:33:41.506,1.29531,1.29528,1,2.44
08-09-2014,00:33:42.144,1.29531,1.29529,1,1
08-09-2014,00:33:42.940,1.29531,1.29528,1,1.69
08-09-2014,00:33:44.781,1.29531,1.29527,1.5,2.25
08-09-2014,00:33:45.749,1.2953,1.29527,1,1.5
08-09-2014,00:33:46.275,1.2953,1.29526,1,3
08-09-2014,00:33:46.816,1.29529,1.29526,2.25,1.5
08-09-2014,00:33:47.169,1.29527,1.29523,1,4.69
08-09-2014,00:33:47.473,1.29522,1.29519,3,3
08-09-2014,00:33:47.524,1.29521,1.29518,3,1
08-09-2014,00:33:47.878,1.29521,1.29516,6.37,3
08-09-2014,00:33:53.301,1.2952,1.29517,1,1
08-09-2014,00:34:07.135,1.29521,1.29518,1.5,1.5
08-09-2014,00:34:07.237,1.29521,1.29518,2.25,3
08-09-2014,00:34:07.784,1.2952,1.29517,1.5,1.5
08-09-2014,00:34:12.987,1.2952,1.29516,2.25,1.25
08-09-2014,00:34:13.518,1.29519,1.29516,1,2.44
08-09-2014,00:34:14.023,1.29519,1.29517,1,1
08-09-2014,00:34:14.332,1.29521,1.29518,3,1
08-09-2014,00:34:14.857,1.29521,1.29517,2.25,3
08-09-2014,00:34:22.039,1.2952,1.29517,1,3
08-09-2014,00:34:22.494,1.29522,1.29518,1.5,1
08-09-2014,00:34:23.025,1.29521,1.29517,5.25,2.25
08-09-2014,00:34:23.717,1.29521,1.29517,3.82,1
08-09-2014,00:34:24.223,1.29521,1.29517,3.82,1
08-09-2014,00:34:24.751,1.29519,1.29517,1,1
08-09-2014,00:34:25.262,1.29519,1.29516,1,1.12
08-09-2014,00:34:26.147,1.2952,1.29517,1.5,1
08-09-2014,00:34:26.654,1.2952,1.29516,1.12,3
08-09-2014,00:34:27.061,1.29522,1.29516,8.44,3.75
08-09-2014,00:34:27.575,1.29522,1.29517,3,3
08-09-2014,00:34:27.777,1.29522,1.29519,1.5,1
08-09-2014,00:34:28.283,1.29522,1.29518,1,1.5
08-09-2014,00:34:28.790,1.29522,1.29519,1.5,1
08-09-2014,00:34:29.296,1.29522,1.29518,1,1
08-09-2014,00:34:29.802,1.29521,1.29517,1,2.25
08-09-2014,00:34:45.348,1.29521,1.2952,1,1.87
08-09-2014,00:34:45.550,1.29523,1.2952,1.25,2.62
08-09-2014,00:34:46.103,1.29523,1.29521,1.25,1
08-09-2014,00:34:47.456,1.29523,1.2952,1,2.25
08-09-2014,00:34:47.658,1.29522,1.2952,1.19,1.12
08-09-2014,00:34:47.759,1.29523,1.2952,1,1.12
08-09-2014,00:34:48.265,1.29522,1.29521,1,1
08-09-2014,00:34:48.792,1.29522,1.2952,1,1.87
08-09-2014,00:34:49.586,1.29524,1.2952,8.06,1.87
08-09-2014,00:34:49.889,1.29524,1.29522,1,1
08-09-2014,00:34:50.194,1.29526,1.29525,1,2.25
08-09-2014,00:34:50.295,1.29529,1.29526,1.5,1
08-09-2014,00:34:50.651,1.29528,1.29524,1.5,2.25
08-09-2014,00:34:52.705,1.29527,1.29524,1,1.5
08-09-2014,00:34:53.336,1.29527,1.29523,2.25,3.75
08-09-2014,00:34:53.488,1.29525,1.29522,1,1
08-09-2014,00:34:53.640,1.29524,1.29521,2.62,3
08-09-2014,00:34:53.792,1.29522,1.29521,1,1
08-09-2014,00:34:53.894,1.29522,1.29519,1,1
08-09-2014,00:34:54.146,1.29522,1.29517,1.5,5.44
08-09-2014,00:34:54.679,1.29521,1.29517,1,3.94
08-09-2014,00:35:01.829,1.29521,1.29518,1,1
08-09-2014,00:35:02.335,1.29522,1.29518,3.19,1
08-09-2014,00:35:04.835,1.29522,1.29518,3.19,1
08-09-2014,00:35:08.244,1.29522,1.29517,3.94,1.5
08-09-2014,00:35:09.314,1.29522,1.29517,6,1
08-09-2014,00:35:09.881,1.29521,1.29517,1,1
08-09-2014,00:35:10.596,1.29522,1.29517,6,1
08-09-2014,00:35:11.230,1.29521,1.29517,1,1
08-09-2014,00:35:11.836,1.29522,1.29517,6,1.12
08-09-2014,00:35:12.378,1.29521,1.29517,1,1.12
08-09-2014,00:35:12.900,1.29522,1.29517,9.75,1.87
08-09-2014,00:35:13.602,1.29521,1.29517,1.25,1.12
08-09-2014,00:35:14.259,1.29522,1.29518,2.44,1
08-09-2014,00:35:14.865,1.29522,1.29518,1,1
08-09-2014,00:35:18.103,1.29521,1.29518,1,1
08-09-2014,00:35:21.386,1.29521,1.29517,3,2.25
08-09-2014,00:35:24.152,1.29521,1.29518,1,1.5
08-09-2014,00:35:25.240,1.29521,1.29517,1,3
08-09-2014,00:35:28.763,1.2952,1.29518,1,1
08-09-2014,00:35:36.383,1.2952,1.29517,1,2.25
08-09-2014,00:35:47.603,1.2952,1.29518,1,1.5
08-09-2014,00:35:48.108,1.2952,1.29517,1,1.5
08-09-2014,00:35:48.680,1.2952,1.29518,1,1.5
08-09-2014,00:35:49.185,1.2952,1.29517,1,1.5
08-09-2014,00:35:55.057,1.2952,1.29518,1,1
08-09-2014,00:35:55.603,1.2952,1.29517,1,3
08-09-2014,00:35:55.906,1.2952,1.29519,1,1
08-09-2014,00:35:56.210,1.29523,1.29521,1,3.75
08-09-2014,00:35:56.464,1.29526,1.29524,1,1
08-09-2014,00:35:56.970,1.29527,1.29524,1,2.44
08-09-2014,00:35:57.475,1.29527,1.29525,1,1.87
08-09-2014,00:36:02.284,1.29526,1.29525,1,1.5
08-09-2014,00:36:02.824,1.29526,1.29523,1,6.19
08-09-2014,00:36:03.340,1.29526,1.29523,1,5.25
08-09-2014,00:36:08.815,1.29526,1.29524,1,1
08-09-2014,00:36:11.422,1.29526,1.29523,1,4.69
08-09-2014,00:36:11.929,1.29526,1.29524,1,1
08-09-2014,00:36:16.295,1.29526,1.29523,1,4.69
08-09-2014,00:36:25.260,1.29526,1.29524,1,1
08-09-2014,00:36:25.819,1.29526,1.29523,1,4.5
08-09-2014,00:36:26.411,1.29526,1.29524,1,1
08-09-2014,00:36:26.954,1.29526,1.29523,1,3.75
08-09-2014,00:36:29.241,1.29526,1.29524,1,1
08-09-2014,00:36:29.902,1.29526,1.29523,1,4.5
08-09-2014,00:36:30.422,1.29526,1.29524,1,1
08-09-2014,00:36:32.653,1.29526,1.29525,1,1
08-09-2014,00:36:36.081,1.29528,1.29525,1,3.75
08-09-2014,00:36:36.587,1.29528,1.29526,1,1
08-09-2014,00:36:37.092,1.29528,1.29525,1,3.75
08-09-2014,00:36:37.665,1.29528,1.29526,1,1
08-09-2014,00:36:37.766,1.2953,1.29526,5.44,1.5
08-09-2014,00:36:38.020,1.29531,1.29529,1.25,1
08-09-2014,00:36:38.274,1.29531,1.29527,1.25,3.75
08-09-2014,00:36:38.375,1.29531,1.29529,1.69,1
08-09-2014,00:36:38.880,1.29531,1.29529,1.25,1.5
08-09-2014,00:36:39.386,1.29531,1.29528,1,3
08-09-2014,00:36:40.145,1.2953,1.29528,1,1.5
08-09-2014,00:36:40.408,1.29529,1.29526,1.5,1
08-09-2014,00:36:40.611,1.29527,1.29525,1,1.12
08-09-2014,00:36:40.814,1.29525,1.29523,1.5,3.75
08-09-2014,00:36:40.916,1.29524,1.29522,1,1.5
08-09-2014,00:36:41.068,1.29523,1.2952,7.72,1.5
08-09-2014,00:36:41.583,1.29523,1.29521,1.5,1.5
08-09-2014,00:36:42.292,1.29523,1.2952,1.5,1.12
08-09-2014,00:36:42.798,1.29523,1.29521,1,1.5
08-09-2014,00:36:48.106,1.29523,1.29519,1.5,5.25
08-09-2014,00:36:48.725,1.29523,1.29519,1,6
08-09-2014,00:36:49.230,1.29523,1.29519,1,6
08-09-2014,00:36:49.823,1.29523,1.29519,2.25,8.25
08-09-2014,00:36:50.348,1.29523,1.29519,1,6
08-09-2014,00:36:50.960,1.29523,1.29519,1,6
08-09-2014,00:36:51.604,1.29523,1.29519,1,6
08-09-2014,00:36:52.794,1.29523,1.29519,1,6
08-09-2014,00:36:53.385,1.29523,1.29519,1,6
08-09-2014,00:36:54.118,1.29523,1.29519,1,6
08-09-2014,00:36:54.803,1.29523,1.29519,1,4.87
08-09-2014,00:36:55.202,1.29523,1.29521,1,1
08-09-2014,00:36:55.708,1.29523,1.2952,1.5,1
08-09-2014,00:36:56.263,1.29524,1.2952,5.81,1
08-09-2014,00:36:56.922,1.29523,1.2952,1.5,1
08-09-2014,00:36:57.446,1.29524,1.2952,5.81,1.12
08-09-2014,00:36:58.041,1.29523,1.2952,1.5,1.12
08-09-2014,00:36:58.648,1.29524,1.2952,5.81,1
08-09-2014,00:36:59.202,1.29523,1.2952,1.5,1.12
08-09-2014,00:36:59.757,1.29524,1.2952,5.81,1
08-09-2014,00:37:00.275,1.29523,1.2952,1.5,1.12
08-09-2014,00:37:03.643,1.29524,1.2952,7.87,3.37
08-09-2014,00:37:04.258,1.29523,1.2952,1.5,2.25
08-09-2014,00:37:04.823,1.29524,1.2952,7.87,1
08-09-2014,00:37:05.335,1.29523,1.2952,1.5,1.5
08-09-2014,00:37:06.008,1.29524,1.2952,7.87,1
08-09-2014,00:37:06.791,1.29523,1.2952,1.5,1.5
08-09-2014,00:37:07.351,1.29524,1.2952,7.87,1
08-09-2014,00:37:07.984,1.29523,1.2952,1.5,1.87
08-09-2014,00:37:08.847,1.29524,1.29519,7.12,5.25
08-09-2014,00:37:09.368,1.29524,1.2952,7.12,1.5
08-09-2014,00:37:09.993,1.29524,1.29519,7.12,4.87
08-09-2014,00:37:10.593,1.29524,1.2952,7.12,1.12
08-09-2014,00:37:11.134,1.29524,1.29519,7.12,4.87
08-09-2014,00:37:11.644,1.29524,1.2952,7.12,1.12
08-09-2014,00:37:12.304,1.29524,1.29519,7.12,4.87
08-09-2014,00:37:13.010,1.29524,1.29519,7.87,3.37
08-09-2014,00:37:13.536,1.29524,1.29519,7.87,3.37
08-09-2014,00:37:14.495,1.29523,1.29519,1.5,6.37
08-09-2014,00:37:15.117,1.29523,1.29519,1.12,4.12
08-09-2014,00:37:15.656,1.29523,1.29519,2.62,6.37
08-09-2014,00:37:16.540,1.29523,1.29519,2.62,6.37
08-09-2014,00:37:17.052,1.29523,1.29519,1.12,4.12
08-09-2014,00:37:17.763,1.29523,1.29519,1.12,4.12
08-09-2014,00:37:18.482,1.29523,1.29519,1.12,4.12
08-09-2014,00:37:20.134,1.29523,1.29519,1.12,4.12
08-09-2014,00:37:20.765,1.29523,1.29519,2.62,6.56
08-09-2014,00:37:22.036,1.29523,1.29519,1.12,4.31
08-09-2014,00:37:22.587,1.29523,1.29519,1.12,4.31
08-09-2014,00:37:23.111,1.29523,1.29519,1.12,4.31
08-09-2014,00:37:23.670,1.29523,1.29519,1.12,4.31
08-09-2014,00:37:25.002,1.29523,1.29519,1.87,5.06
08-09-2014,00:37:25.936,1.29523,1.29519,1.87,5.06
08-09-2014,00:37:27.690,1.29523,1.29519,3.37,7.31
08-09-2014,00:37:28.297,1.29523,1.29519,1.87,6.56
08-09-2014,00:37:28.809,1.29523,1.2952,3.37,1
08-09-2014,00:37:29.344,1.29523,1.29519,1.87,6.56
08-09-2014,00:37:29.854,1.29523,1.2952,2.25,1
08-09-2014,00:37:30.519,1.29523,1.29519,1,6.56
08-09-2014,00:37:31.054,1.29523,1.2952,2.25,1
08-09-2014,00:37:31.660,1.29523,1.29519,3.37,9.94
08-09-2014,00:37:33.008,1.29523,1.2952,1.87,1
08-09-2014,00:37:33.515,1.29523,1.29519,1.87,6.94
08-09-2014,00:37:34.032,1.29523,1.2952,3.37,3
08-09-2014,00:37:40.730,1.29523,1.29519,1,6.56
08-09-2014,00:37:41.353,1.29523,1.2952,2.25,1.12
08-09-2014,00:37:41.981,1.29523,1.29519,1,8.44
08-09-2014,00:37:42.691,1.29523,1.2952,2.25,1.12
08-09-2014,00:37:43.197,1.29523,1.29519,1,7.69
08-09-2014,00:37:43.912,1.29523,1.2952,1,1.87
08-09-2014,00:37:44.475,1.29523,1.29519,2.25,9.75
08-09-2014,00:37:45.176,1.29523,1.2952,1,1.87
08-09-2014,00:37:46.154,1.29523,1.29519,1,8.25
08-09-2014,00:37:46.662,1.29523,1.2952,1,1.87
08-09-2014,00:37:47.396,1.29523,1.29519,1,6.75
08-09-2014,00:37:48.841,1.29523,1.2952,2.25,1
08-09-2014,00:37:49.349,1.29523,1.29519,1,6.75
08-09-2014,00:37:50.023,1.29523,1.2952,2.25,2.62
08-09-2014,00:38:04.491,1.29523,1.29521,2.25,1
08-09-2014,00:38:04.996,1.29523,1.2952,1,1.87
08-09-2014,00:38:15.394,1.29522,1.29519,3,3
08-09-2014,00:38:15.899,1.29523,1.29518,2.25,3
08-09-2014,00:38:16.420,1.29523,1.29519,2.44,1
08-09-2014,00:38:17.279,1.2952,1.29519,1,1
08-09-2014,00:38:17.380,1.2952,1.29517,4.12,2.25
08-09-2014,00:38:35.952,1.2952,1.29518,4.87,1
08-09-2014,00:38:36.111,1.29522,1.29518,2.25,1
08-09-2014,00:38:36.616,1.29523,1.29517,6.19,3.75
08-09-2014,00:38:37.845,1.29522,1.29517,1.5,4.5
08-09-2014,00:38:38.536,1.29523,1.29517,4.69,3.75
08-09-2014,00:38:39.075,1.29522,1.29517,1,5.25
08-09-2014,00:38:39.585,1.29523,1.29517,6.56,4.5
08-09-2014,00:38:40.457,1.29522,1.29517,1,6
08-09-2014,00:38:40.903,1.29523,1.29519,4.31,1
08-09-2014,00:38:41.407,1.29523,1.29518,4.31,1.5
08-09-2014,00:38:42.071,1.29522,1.29518,1,1.5
08-09-2014,00:38:42.686,1.29523,1.29518,5.06,1.5
08-09-2014,00:38:43.594,1.29522,1.29518,1,1.5
08-09-2014,00:38:44.421,1.29523,1.29518,5.06,1.5
08-09-2014,00:38:45.050,1.29522,1.29518,1,1
08-09-2014,00:39:12.431,1.29521,1.29518,1,1.5
08-09-2014,00:39:23.621,1.2952,1.29518,1,1.5
08-09-2014,00:39:32.781,1.2952,1.29517,1,2.25
08-09-2014,00:39:46.943,1.2952,1.29519,1,1
08-09-2014,00:39:47.152,1.2952,1.29517,1,3
08-09-2014,00:39:47.254,1.2952,1.29519,1,1
08-09-2014,00:39:47.758,1.29521,1.29519,1.5,1
08-09-2014,00:39:47.860,1.29521,1.29517,1.5,3
08-09-2014,00:39:49.052,1.29521,1.29518,1.5,1
08-09-2014,00:39:49.575,1.29521,1.29517,2.25,2.25
08-09-2014,00:39:50.577,1.29521,1.29516,1.5,6.94
08-09-2014,00:39:52.159,1.2952,1.29517,1,1
08-09-2014,00:39:52.679,1.29521,1.29517,4.5,1
08-09-2014,00:39:53.558,1.2952,1.29517,1,1
08-09-2014,00:39:53.660,1.29518,1.29515,1,14.25
08-09-2014,00:39:54.166,1.29516,1.29515,1,1.5
08-09-2014,00:39:54.369,1.29512,1.2951,1.5,1.5
08-09-2014,00:39:54.521,1.29511,1.29508,1,3
08-09-2014,00:39:55.027,1.29512,1.29508,3.75,3
08-09-2014,00:39:55.536,1.29511,1.29509,1,1
08-09-2014,00:39:56.051,1.29511,1.29508,1,1.5
08-09-2014,00:39:56.831,1.29511,1.29509,1,1
08-09-2014,00:39:57.343,1.29511,1.29508,1,1.5
08-09-2014,00:39:57.856,1.29511,1.29509,1.5,1.5
08-09-2014,00:39:58.368,1.29511,1.29508,1,3
08-09-2014,00:39:58.772,1.29512,1.2951,2.25,1
08-09-2014,00:39:58.975,1.29514,1.29511,3.37,1
08-09-2014,00:39:59.137,1.29514,1.29513,1.5,1
08-09-2014,00:39:59.189,1.29517,1.29513,3.75,1
08-09-2014,00:39:59.898,1.29517,1.29514,1,1
08-09-2014,00:40:00.404,1.29517,1.29515,1,1
08-09-2014,00:40:01.061,1.29517,1.29514,1,1
08-09-2014,00:40:01.567,1.29518,1.29514,1,1.12
08-09-2014,00:40:02.075,1.29518,1.29515,1,1
08-09-2014,00:40:02.380,1.29517,1.29513,1.5,3.19
08-09-2014,00:40:02.886,1.29516,1.29514,1,1
08-09-2014,00:40:05.321,1.29517,1.29514,1.25,1
08-09-2014,00:40:06.049,1.29517,1.29514,1,1.37
08-09-2014,00:40:06.554,1.29518,1.29514,1.5,1.12
08-09-2014,00:40:07.294,1.29518,1.29515,1.5,1.12
08-09-2014,00:40:08.484,1.29518,1.29514,1.5,4.31
08-09-2014,00:40:09.187,1.29518,1.29515,1.5,1.12
08-09-2014,00:40:10.443,1.29518,1.29514,1.5,3.56
08-09-2014,00:40:11.943,1.29518,1.29515,1.5,1.12
08-09-2014,00:40:12.482,1.29518,1.29514,1,5.81
08-09-2014,00:40:12.987,1.29518,1.29515,1,1.12
08-09-2014,00:40:13.798,1.29518,1.29514,1,4.31
08-09-2014,00:40:15.021,1.29518,1.29515,1,1.12
08-09-2014,00:40:15.534,1.29518,1.29514,1,4.31
08-09-2014,00:40:16.439,1.29518,1.29515,1,1.12
08-09-2014,00:40:16.980,1.29518,1.29514,1,4.31
08-09-2014,00:40:18.976,1.29518,1.29515,1.5,1.12
08-09-2014,00:40:19.518,1.29518,1.29514,1.5,5.81
08-09-2014,00:40:20.624,1.29518,1.29515,1.5,1.12
08-09-2014,00:40:21.554,1.29518,1.29514,1.5,3.56
08-09-2014,00:40:22.975,1.29518,1.29515,1.5,1.12
08-09-2014,00:40:23.898,1.29518,1.29514,1.5,3.56
08-09-2014,00:40:24.533,1.29518,1.29515,1.5,1.12
08-09-2014,00:40:25.172,1.29518,1.29514,1.5,3.56
08-09-2014,00:40:25.906,1.29518,1.29515,1.5,1.12
08-09-2014,00:40:26.446,1.29518,1.29514,1.5,5.06
08-09-2014,00:40:27.056,1.29518,1.29515,1.5,1.12
08-09-2014,00:40:27.584,1.29518,1.29514,1.5,2.81
08-09-2014,00:40:28.279,1.29518,1.29515,1.5,1.12
08-09-2014,00:40:29.200,1.29518,1.29514,1.5,3.56
08-09-2014,00:40:29.705,1.29518,1.29515,1.5,1.12
08-09-2014,00:40:30.261,1.29518,1.29514,1.5,3.56
08-09-2014,00:40:30.924,1.29518,1.29515,1.5,1.12
08-09-2014,00:40:31.473,1.29518,1.29514,1.5,5.06
08-09-2014,00:40:32.043,1.29518,1.29515,1.5,1.12
08-09-2014,00:40:32.959,1.29518,1.29514,1.5,3.56
08-09-2014,00:40:33.542,1.29518,1.29515,1.5,1.12
08-09-2014,00:40:34.109,1.29518,1.29514,1.5,3.56
08-09-2014,00:40:35.070,1.29518,1.29515,2.25,1.12
08-09-2014,00:40:35.582,1.29518,1.29514,2.25,4.31
08-09-2014,00:40:37.174,1.29518,1.29515,2.25,1.12
08-09-2014,00:40:53.821,1.29518,1.29514,1.5,5.06
08-09-2014,00:40:54.415,1.29518,1.29515,1.5,1.12
08-09-2014,00:40:54.924,1.29518,1.29514,1.5,5.06
08-09-2014,00:40:55.607,1.29518,1.29515,1.5,1.12
08-09-2014,00:40:56.147,1.29518,1.29514,1.5,5.81
08-09-2014,00:40:57.062,1.29518,1.29515,1.5,1.12
08-09-2014,00:41:01.356,1.29518,1.29514,2.25,8.06
08-09-2014,00:41:01.861,1.29518,1.29515,2.25,1.12
08-09-2014,00:41:02.362,1.29518,1.29514,2.25,6.56
08-09-2014,00:41:03.258,1.29518,1.29515,1.5,1.12
08-09-2014,00:41:03.764,1.29518,1.29514,1.5,5.81
08-09-2014,00:41:04.298,1.29517,1.29514,1,5.81
08-09-2014,00:41:04.847,1.29518,1.29514,1.5,5.81
08-09-2014,00:41:05.429,1.29518,1.29515,1.5,1.5
08-09-2014,00:41:05.844,1.29518,1.29517,1.5,1
08-09-2014,00:41:06.650,1.29518,1.29515,1.5,4.5
08-09-2014,00:41:08.458,1.29518,1.29514,2.25,5.06
08-09-2014,00:41:08.661,1.29516,1.29515,1,1
