Time,Ask,Bid,AskVolume,BidVolume,
2014.09.08,00:00:00.404,1.62144,1.62131,1.19,1
2014.09.08,00:00:00.923,1.62144,1.62128,1.19,2.89
2014.09.08,00:00:01.441,1.62145,1.62129,1.31,1.74
2014.09.08,00:00:02.364,1.62145,1.62131,1.19,1.76
2014.09.08,00:00:02.415,1.62148,1.62132,1.29,2.51
2014.09.08,00:00:02.567,1.62148,1.62136,1.19,1.12
2014.09.08,00:00:02.618,1.62149,1.62136,1,1.39
2014.09.08,00:00:02.669,1.6215,1.62138,1.5,3.19
2014.09.08,00:00:02.925,1.62162,1.62151,1.1,1.19
2014.09.08,00:00:03.026,1.62164,1.62151,1,1.36
2014.09.08,00:00:03.179,1.62166,1.62156,1.37,1.25
2014.09.08,00:00:03.584,1.62167,1.6216,1.87,1.19
2014.09.08,00:00:03.635,1.6217,1.6216,1.1,1.19
2014.09.08,00:00:03.787,1.62174,1.62161,1.95,1.94
2014.09.08,00:00:03.939,1.62177,1.62164,1,1
2014.09.08,00:00:03.990,1.62176,1.62164,1.19,1.57
2014.09.08,00:00:04.296,1.62174,1.62161,1.19,2.25
2014.09.08,00:00:04.904,1.62171,1.62162,1.25,1
2014.09.08,00:00:05.005,1.62176,1.62162,1.19,1.5
2014.09.08,00:00:05.411,1.62174,1.62161,1.76,1
2014.09.08,00:00:06.433,1.62174,1.62161,1.76,1
2014.09.08,00:00:07.403,1.62173,1.62161,1.39,1
2014.09.08,00:00:09.434,1.62173,1.62161,1.29,1
2014.09.08,00:00:11.534,1.62174,1.62161,1.76,1
2014.09.08,00:00:12.040,1.62173,1.62161,1.26,1
2014.09.08,00:00:14.204,1.62173,1.62161,1.01,1
2014.09.08,00:00:14.742,1.62173,1.62161,1.32,1
2014.09.08,00:00:16.916,1.62172,1.62159,1.01,1.69
2014.09.08,00:00:18.030,1.62169,1.62159,1.25,1
2014.09.08,00:00:19.327,1.62171,1.62159,1.29,1
2014.09.08,00:00:20.033,1.62173,1.62159,1.39,1.19
2014.09.08,00:00:20.743,1.62174,1.62159,3.64,1.19
2014.09.08,00:00:21.267,1.62173,1.62159,1.39,1.19
2014.09.08,00:00:21.773,1.62173,1.62159,2.14,1.25
2014.09.08,00:00:27.378,1.62171,1.62158,1.3,1.19
2014.09.08,00:00:28.258,1.62171,1.62158,1.76,1
2014.09.08,00:00:28.563,1.62168,1.62156,1.07,1.19
2014.09.08,00:00:28.975,1.62166,1.62153,1.2,1.19
2014.09.08,00:00:29.077,1.62164,1.62151,1.67,1.69
2014.09.08,00:00:29.381,1.6216,1.62148,1.07,3.19
2014.09.08,00:00:29.888,1.62161,1.62148,1.2,2.44
2014.09.08,00:00:30.396,1.62161,1.62148,1.2,1.69
2014.09.08,00:00:31.663,1.6216,1.62147,1.07,1.19
2014.09.08,00:00:32.490,1.62161,1.62147,1.2,1.19
2014.09.08,00:00:32.998,1.6216,1.62147,1.3,1.19
2014.09.08,00:00:33.605,1.62161,1.62147,2.44,1.25
2014.09.08,00:00:33.909,1.62161,1.62147,1.09,1.25
2014.09.08,00:00:35.853,1.62161,1.62147,2.51,1.25
2014.09.08,00:00:39.311,1.62161,1.62147,3.19,1.25
2014.09.08,00:00:39.412,1.62161,1.62147,1.84,1.25
2014.09.08,00:00:40.392,1.62161,1.62147,1.76,1.25
2014.09.08,00:00:40.494,1.62159,1.62147,1.07,1.25
2014.09.08,00:00:41.599,1.6216,1.62146,2.06,1.25
2014.09.08,00:00:42.436,1.62161,1.62146,2.89,1.25
2014.09.08,00:00:45.138,1.62159,1.62146,1.07,1.25
2014.09.08,00:00:45.709,1.6216,1.62146,1.32,1.25
2014.09.08,00:00:46.617,1.62161,1.62146,1.36,1.76
2014.09.08,00:00:47.166,1.62161,1.62147,1.36,1
2014.09.08,00:00:48.312,1.62161,1.62147,1.76,1
2014.09.08,00:00:48.827,1.62161,1.62147,2.14,1.19
2014.09.08,00:00:50.709,1.62161,1.62147,2.89,1.25
2014.09.08,00:00:53.859,1.6216,1.62147,1.3,1
2014.09.08,00:01:01.988,1.62161,1.6215,2.14,1
2014.09.08,00:01:02.140,1.62162,1.6215,1.31,1.57
2014.09.08,00:01:02.394,1.62163,1.62154,1.62,1
2014.09.08,00:01:02.900,1.62163,1.62154,1.25,1.5
2014.09.08,00:01:03.530,1.62165,1.62155,1.39,1
2014.09.08,00:01:03.734,1.62167,1.62156,1.32,1
2014.09.08,00:01:03.785,1.62167,1.62158,1.25,1
2014.09.08,00:01:03.835,1.62169,1.62158,1.25,1
2014.09.08,00:01:04.835,1.62171,1.62158,1.19,1.25
2014.09.08,00:01:06.480,1.62171,1.62165,1.26,1
2014.09.08,00:01:06.582,1.62172,1.62165,1,1
2014.09.08,00:01:06.685,1.62177,1.62171,1,1
2014.09.08,00:01:06.838,1.6218,1.62169,1,2.32
2014.09.08,00:01:06.889,1.62182,1.62169,1.5,2.51
2014.09.08,00:01:07.346,1.62183,1.62169,1.19,1.69
2014.09.08,00:01:10.442,1.62183,1.62173,1.39,1
2014.09.08,00:01:10.494,1.62185,1.62174,1.12,1
2014.09.08,00:01:10.697,1.62186,1.62172,2.06,1.09
2014.09.08,00:01:10.748,1.62186,1.62174,1.69,1
2014.09.08,00:01:11.002,1.62193,1.6218,1,1.17
2014.09.08,00:01:11.053,1.62193,1.62181,1,1.29
2014.09.08,00:01:11.104,1.62195,1.62182,2.7,1.19
2014.09.08,00:01:11.256,1.62197,1.62182,1.69,1.84
2014.09.08,00:01:11.459,1.62199,1.62184,1.01,1.19
2014.09.08,00:01:11.965,1.622,1.62186,1.19,1.2
2014.09.08,00:01:13.296,1.62199,1.62186,1.19,1.1
2014.09.08,00:01:14.463,1.622,1.62186,1.74,1
2014.09.08,00:01:16.168,1.62198,1.62186,1.19,1.1
2014.09.08,00:01:16.219,1.62198,1.62184,1.76,1.25
2014.09.08,00:01:16.371,1.62195,1.62183,1.49,2.25
2014.09.08,00:01:16.473,1.62195,1.62181,1.19,1.69
2014.09.08,00:01:17.173,1.62193,1.62181,1.32,1.25
2014.09.08,00:01:17.682,1.62193,1.62181,1.57,1
2014.09.08,00:01:18.191,1.62193,1.62179,1.47,1.29
2014.09.08,00:01:18.698,1.62192,1.62179,1.31,1.1
2014.09.08,00:01:20.603,1.62192,1.62183,1,1.37
2014.09.08,00:01:20.907,1.622,1.62191,1,1.01
2014.09.08,00:01:21.060,1.62205,1.62192,1.87,1.3
2014.09.08,00:01:21.163,1.62205,1.6219,2.62,1.84
2014.09.08,00:01:21.416,1.62205,1.6219,2.06,1.34
2014.09.08,00:01:24.034,1.62203,1.62188,1.25,1.76
2014.09.08,00:01:24.569,1.62203,1.62188,1.01,1.36
2014.09.08,00:01:25.075,1.62202,1.62188,1.25,1.84
2014.09.08,00:01:36.246,1.62203,1.62188,2.06,1.76
2014.09.08,00:01:38.039,1.62203,1.62188,1.31,1.01
2014.09.08,00:01:39.063,1.62203,1.62188,2.06,1.29
2014.09.08,00:01:41.247,1.62203,1.62189,1.07,1.19
2014.09.08,00:01:41.349,1.62204,1.62189,1.69,1.01
2014.09.08,00:01:41.552,1.62204,1.62189,1.56,1.76
2014.09.08,00:01:42.934,1.62204,1.62189,1.19,2.44
2014.09.08,00:01:43.347,1.62204,1.62189,1.25,1.36
2014.09.08,00:01:43.855,1.62205,1.6219,1.19,1.4
2014.09.08,00:01:44.467,1.62205,1.6219,1.56,1.76
2014.09.08,00:01:44.999,1.62205,1.6219,1.19,1.97
2014.09.08,00:01:45.534,1.62205,1.6219,1.19,1.76
2014.09.08,00:01:46.052,1.62205,1.6219,1.69,1.01
2014.09.08,00:01:46.553,1.62205,1.62191,1.19,1.32
2014.09.08,00:01:47.329,1.62205,1.62194,1.19,1
2014.09.08,00:01:48.098,1.62206,1.62194,1.84,1
2014.09.08,00:01:48.456,1.62206,1.62195,1,1
2014.09.08,00:01:48.508,1.6221,1.62195,4.01,1
2014.09.08,00:01:48.559,1.6221,1.62195,3,1.76
2014.09.08,00:01:48.863,1.62211,1.62201,1.25,1
2014.09.08,00:01:49.369,1.62213,1.622,1.84,1
2014.09.08,00:01:50.007,1.62213,1.622,1.84,1
2014.09.08,00:01:50.313,1.62215,1.62203,1.19,1
2014.09.08,00:01:50.618,1.62216,1.62205,1.19,1
2014.09.08,00:01:50.871,1.62217,1.62205,1.01,1.25
2014.09.08,00:01:51.381,1.62219,1.62205,1.29,1
2014.09.08,00:01:51.990,1.6222,1.62205,3.34,1
2014.09.08,00:01:52.041,1.6222,1.62205,2.59,2.01
2014.09.08,00:01:52.345,1.6222,1.62207,1,2.09
2014.09.08,00:01:52.852,1.6222,1.62208,1,1
2014.09.08,00:01:53.462,1.6222,1.62208,1,1
2014.09.08,00:01:53.972,1.62222,1.62212,1.19,1
2014.09.08,00:01:54.494,1.62222,1.62212,1.25,1
2014.09.08,00:01:56.893,1.62222,1.62211,1.25,1
2014.09.08,00:01:57.431,1.62222,1.62209,1.01,1.19
2014.09.08,00:01:58.216,1.62222,1.62209,1.01,1
2014.09.08,00:02:00.760,1.62223,1.62209,1.19,1.17
2014.09.08,00:02:01.295,1.62223,1.62209,1.29,1.1
2014.09.08,00:02:02.145,1.62224,1.6221,1.84,1
2014.09.08,00:02:02.568,1.62225,1.62211,2.14,1.1
2014.09.08,00:02:03.332,1.62225,1.62211,2.96,1.25
2014.09.08,00:02:04.340,1.62225,1.62211,2.06,1.19
2014.09.08,00:02:05.306,1.62225,1.6221,2.06,1.09
2014.09.08,00:02:06.887,1.62225,1.62209,2.89,1.29
2014.09.08,00:02:07.422,1.62225,1.62208,3.64,1.76
2014.09.08,00:02:07.877,1.62221,1.62208,1,1.19
2014.09.08,00:02:08.383,1.62221,1.62208,1.17,1.19
2014.09.08,00:02:09.102,1.62221,1.62208,1,1.19
2014.09.08,00:02:09.408,1.62221,1.62208,1.76,1.25
2014.09.08,00:02:09.914,1.62221,1.62206,1.36,1.29
2014.09.08,00:02:10.572,1.62219,1.62205,1.19,1.36
2014.09.08,00:02:10.876,1.62214,1.62201,1.1,1.19
2014.09.08,00:02:12.767,1.62214,1.62199,1,1.84
2014.09.08,00:02:16.740,1.62214,1.62199,1.19,1.84
2014.09.08,00:02:18.779,1.62214,1.622,1.25,1.19
2014.09.08,00:02:19.284,1.62214,1.62199,1.19,2.51
2014.09.08,00:02:21.888,1.62213,1.622,1.57,1.19
2014.09.08,00:02:22.394,1.62213,1.622,1.57,1.19
2014.09.08,00:02:23.897,1.62213,1.62198,1.57,1.84
2014.09.08,00:02:25.861,1.62213,1.62199,1.69,1.26
2014.09.08,00:02:27.878,1.62214,1.62198,1.84,1.69
2014.09.08,00:02:28.621,1.62214,1.62198,1.84,1.76
2014.09.08,00:02:29.889,1.62214,1.62199,1.1,1.69
2014.09.08,00:02:29.940,1.62216,1.622,1.1,1.26
2014.09.08,00:02:30.193,1.62217,1.62202,1,2.59
2014.09.08,00:02:30.704,1.62216,1.62202,1.5,2.44
2014.09.08,00:02:34.233,1.62216,1.62203,1.5,1.26
2014.09.08,00:02:35.224,1.62216,1.62202,1.5,1.76
2014.09.08,00:02:36.214,1.62216,1.62203,1.5,1.26
2014.09.08,00:02:37.635,1.62217,1.62203,1.25,1.76
2014.09.08,00:02:39.165,1.62219,1.62204,2.44,1.76
2014.09.08,00:02:39.217,1.62219,1.62205,1,1.34
2014.09.08,00:02:39.318,1.62219,1.62206,1,1.3
2014.09.08,00:02:39.832,1.62219,1.62205,1,1.76
2014.09.08,00:02:40.345,1.62219,1.62205,1.19,1.29
2014.09.08,00:02:40.955,1.62219,1.62205,1.19,1.76
2014.09.08,00:02:41.316,1.6222,1.62208,1,1.69
2014.09.08,00:02:41.620,1.62227,1.62214,1,1.09
2014.09.08,00:02:41.671,1.62229,1.62214,1.5,1.76
2014.09.08,00:02:41.976,1.62231,1.62218,1,1.01
2014.09.08,00:02:42.280,1.62233,1.62221,1,1.19
2014.09.08,00:02:42.635,1.62236,1.62224,1.5,1.19
2014.09.08,00:02:43.142,1.62237,1.62225,1,1.39
2014.09.08,00:02:46.340,1.62235,1.62224,1.12,1.32
2014.09.08,00:02:46.442,1.62234,1.62223,1,1.29
2014.09.08,00:02:46.948,1.62234,1.62221,1,1.26
2014.09.08,00:02:47.562,1.62234,1.62221,1.25,1.26
2014.09.08,00:02:49.361,1.62235,1.62221,1.1,1.29
2014.09.08,00:02:49.462,1.62237,1.62223,1.1,1.19
2014.09.08,00:02:49.767,1.62238,1.62225,1.25,2.25
2014.09.08,00:02:49.819,1.62238,1.62225,1.25,1.17
2014.09.08,00:02:50.328,1.62239,1.62225,1.19,1.2
2014.09.08,00:02:50.787,1.62239,1.62227,1,1
2014.09.08,00:02:51.303,1.62239,1.62228,1,1
2014.09.08,00:03:03.677,1.6224,1.62228,1.19,1
2014.09.08,00:03:05.274,1.6224,1.62229,1.19,1
2014.09.08,00:03:05.785,1.62241,1.6223,1.19,1.5
2014.09.08,00:03:07.782,1.62242,1.62237,1.57,1
2014.09.08,00:03:07.884,1.62245,1.62237,1.31,1
2014.09.08,00:03:08.087,1.62248,1.62241,1.95,1
2014.09.08,00:03:08.138,1.62249,1.62241,1.69,1
2014.09.08,00:03:08.189,1.62249,1.62244,1,1
2014.09.08,00:03:08.240,1.62254,1.62246,2.06,1
2014.09.08,00:03:08.292,1.62254,1.62246,1.12,1
2014.09.08,00:03:08.394,1.62255,1.62243,1,1.19
2014.09.08,00:03:09.008,1.62255,1.62242,1.25,1.19
2014.09.08,00:03:09.825,1.62254,1.62242,1,1.29
2014.09.08,00:03:10.331,1.62254,1.62242,1,1.1
2014.09.08,00:03:12.001,1.62256,1.62242,1.56,1
2014.09.08,00:03:12.546,1.62256,1.62242,1.74,1.25
2014.09.08,00:03:12.598,1.62256,1.62243,1.45,1.19
2014.09.08,00:03:12.701,1.62258,1.62245,1.69,1.19
2014.09.08,00:03:12.906,1.62258,1.62243,2.14,1.25
2014.09.08,00:03:13.007,1.62256,1.62243,1.2,1.25
2014.09.08,00:03:14.183,1.62254,1.62242,1.01,1.25
2014.09.08,00:03:14.335,1.62254,1.6224,1.39,1.5
2014.09.08,00:03:14.849,1.62254,1.6224,3.19,1.5
2014.09.08,00:03:16.018,1.62254,1.6224,1.39,1.5
2014.09.08,00:03:16.526,1.62253,1.6224,1.25,1.65
2014.09.08,00:03:17.095,1.62252,1.6224,1,1.5
2014.09.08,00:03:17.609,1.62251,1.6224,1,1.5
2014.09.08,00:03:21.339,1.62251,1.6224,1,2.51
2014.09.08,00:03:21.390,1.62254,1.6224,1.76,2.51
2014.09.08,00:03:21.907,1.62254,1.62242,1.5,1.19
2014.09.08,00:03:22.838,1.62255,1.62241,1.01,1.29
2014.09.08,00:03:24.863,1.62255,1.62242,1.76,1.19
2014.09.08,00:03:25.175,1.62253,1.62239,1.3,1.69
2014.09.08,00:03:25.582,1.62252,1.62237,1.09,1.69
2014.09.08,00:03:25.633,1.62248,1.62236,1,1.69
2014.09.08,00:03:25.887,1.62242,1.62228,1.01,1
2014.09.08,00:03:26.141,1.62238,1.62226,1,1
2014.09.08,00:03:26.445,1.62239,1.62225,1.97,1.25
2014.09.08,00:03:26.648,1.6224,1.62225,1.76,1.25
2014.09.08,00:03:27.165,1.62239,1.62225,1.3,1.25
2014.09.08,00:03:27.672,1.62238,1.62224,1.17,1.69
2014.09.08,00:03:28.382,1.62237,1.62223,1.22,1.69
2014.09.08,00:03:28.888,1.62237,1.62223,1.4,1.19
2014.09.08,00:03:29.395,1.62237,1.62222,1.34,1.19
2014.09.08,00:03:30.373,1.62237,1.62221,1.34,1.19
2014.09.08,00:03:34.364,1.62237,1.62221,1.76,1.76
2014.09.08,00:03:34.618,1.62235,1.62221,1.69,1.19
2014.09.08,00:03:34.875,1.62233,1.62219,1.17,1.69
2014.09.08,00:03:36.518,1.62233,1.62218,1.1,4.01
2014.09.08,00:03:42.674,1.62235,1.6222,1.34,1.25
2014.09.08,00:03:43.181,1.62235,1.6222,1.09,1.29
2014.09.08,00:03:43.908,1.62235,1.6222,1.01,1.19
2014.09.08,00:03:44.692,1.62235,1.6222,1.09,1.19
2014.09.08,00:03:45.197,1.62235,1.6222,1.69,1.19
2014.09.08,00:03:45.248,1.62235,1.6222,1.01,1.19
2014.09.08,00:03:46.528,1.62235,1.6222,1.29,1.69
2014.09.08,00:03:50.260,1.62234,1.6222,1.32,1.69
2014.09.08,00:03:50.778,1.62233,1.62219,1.32,1.19
2014.09.08,00:03:52.309,1.62233,1.62218,1.07,4.01
2014.09.08,00:03:56.557,1.62233,1.62219,1.32,1.19
2014.09.08,00:03:58.558,1.62233,1.6222,1.07,1.19
2014.09.08,00:03:59.558,1.62233,1.62219,1.32,1.19
2014.09.08,00:04:01.577,1.62233,1.62219,1.76,1.19
2014.09.08,00:04:01.679,1.62233,1.62219,1.09,1.19
2014.09.08,00:04:02.488,1.62233,1.62219,1.09,1.19
2014.09.08,00:04:03.579,1.62233,1.62218,1.36,1.76
2014.09.08,00:04:04.555,1.62233,1.62218,1.09,1.29
2014.09.08,00:04:06.894,1.62233,1.62217,1.76,1.29
2014.09.08,00:04:07.405,1.62233,1.62217,1.09,1.19
2014.09.08,00:04:08.591,1.62233,1.62219,1.76,1.19
2014.09.08,00:04:10.567,1.62232,1.62218,1.3,1.19
2014.09.08,00:04:10.617,1.62233,1.62218,1.34,1.19
2014.09.08,00:04:10.719,1.62232,1.62218,1.32,1.19
2014.09.08,00:04:11.767,1.62233,1.62218,1.15,1.19
2014.09.08,00:04:12.578,1.62233,1.62219,1.4,1.19
2014.09.08,00:04:13.608,1.62233,1.62217,1.4,1.19
2014.09.08,00:04:13.709,1.62233,1.62217,2.44,1.69
2014.09.08,00:04:14.412,1.62233,1.62217,1.76,1.76
2014.09.08,00:04:15.433,1.62233,1.62217,2.44,1.19
2014.09.08,00:04:15.686,1.62228,1.62215,1.19,1.01
2014.09.08,00:04:15.737,1.62227,1.62215,1.3,1.25
2014.09.08,00:04:15.890,1.62227,1.62212,3.19,2.44
2014.09.08,00:04:16.042,1.62225,1.62212,1.32,1.19
2014.09.08,00:04:16.560,1.62225,1.6221,1.26,1.19
2014.09.08,00:04:17.121,1.62225,1.62209,1.26,1.29
2014.09.08,00:04:17.635,1.62224,1.62209,1.3,1.19
2014.09.08,00:04:18.159,1.62225,1.62209,1.76,1.76
2014.09.08,00:04:18.711,1.62225,1.62209,2.04,1.69
2014.09.08,00:04:18.914,1.62218,1.62208,1.07,1
2014.09.08,00:04:19.219,1.62215,1.62204,2.25,1.69
2014.09.08,00:04:19.321,1.62217,1.62206,2.7,1.69
2014.09.08,00:04:19.828,1.62217,1.62204,1.17,1.69
2014.09.08,00:04:19.929,1.62219,1.62204,1.76,2.51
2014.09.08,00:04:20.132,1.6222,1.62212,1.19,1
2014.09.08,00:04:20.234,1.62223,1.62215,1,1.17
2014.09.08,00:04:20.336,1.62228,1.62216,1,1.09
2014.09.08,00:04:20.445,1.62233,1.62219,2.44,1.07
2014.09.08,00:04:20.650,1.62234,1.6222,1.69,1.84
2014.09.08,00:04:22.327,1.62234,1.6222,1.29,1.01
2014.09.08,00:04:22.630,1.62228,1.62216,1.29,1.5
2014.09.08,00:04:22.681,1.62226,1.62212,1.25,1.57
2014.09.08,00:04:22.732,1.62225,1.62212,1.19,1
2014.09.08,00:04:23.140,1.62226,1.62211,1.69,1.76
2014.09.08,00:04:23.546,1.62226,1.62211,1.84,1.01
2014.09.08,00:04:24.053,1.62226,1.62211,1.76,1.09
2014.09.08,00:04:24.458,1.62225,1.62211,1.19,1.32
2014.09.08,00:04:24.964,1.62224,1.62209,1.26,1.76
2014.09.08,00:04:25.420,1.62224,1.62209,1.36,1.25
2014.09.08,00:04:26.027,1.62223,1.62209,1.29,1.25
2014.09.08,00:04:26.331,1.62222,1.62206,2.21,1.09
2014.09.08,00:04:26.434,1.62219,1.62206,1.19,1.1
2014.09.08,00:04:26.535,1.62217,1.62203,1.36,1.19
2014.09.08,00:04:26.638,1.62215,1.62203,1.15,1
2014.09.08,00:04:26.688,1.62215,1.622,1.65,2.44
2014.09.08,00:04:26.739,1.62215,1.622,1.84,2.44
2014.09.08,00:04:27.731,1.62215,1.62203,1.76,1
2014.09.08,00:04:28.036,1.62221,1.62205,1.76,2.51
2014.09.08,00:04:31.843,1.62221,1.62205,1.84,1.84
2014.09.08,00:04:33.162,1.62221,1.62205,1.36,1.84
2014.09.08,00:04:37.794,1.62219,1.62205,1.19,1.84
2014.09.08,00:04:38.306,1.62219,1.62205,1.19,2.51
2014.09.08,00:04:39.078,1.62219,1.62205,1.19,1.76
2014.09.08,00:04:39.180,1.62219,1.62205,1.19,2.51
2014.09.08,00:04:40.610,1.62219,1.62205,1.19,1.84
2014.09.08,00:04:41.479,1.62219,1.62205,1.19,2.51
2014.09.08,00:04:41.992,1.6222,1.62205,1.19,2.51
2014.09.08,00:04:42.707,1.62223,1.6221,1.57,1
2014.09.08,00:04:42.911,1.6223,1.62215,2.44,1
2014.09.08,00:04:42.962,1.6223,1.62218,2.25,1
2014.09.08,00:04:43.013,1.62232,1.62218,1.76,1.5
2014.09.08,00:04:43.115,1.62234,1.62219,1.07,1.32
2014.09.08,00:04:43.166,1.62236,1.6222,1.76,1.76
2014.09.08,00:04:43.217,1.62237,1.62221,2.59,1.26
2014.09.08,00:04:43.319,1.62237,1.62224,1.84,1
2014.09.08,00:04:43.674,1.62239,1.62224,1.09,1.29
2014.09.08,00:04:44.180,1.6224,1.62224,1.19,1.36
2014.09.08,00:04:44.687,1.6224,1.62224,1.29,1.76
2014.09.08,00:04:45.301,1.6224,1.62224,1.29,1.39
2014.09.08,00:04:45.402,1.62239,1.62224,1.19,1.76
2014.09.08,00:04:46.367,1.62239,1.62232,1.19,1
2014.09.08,00:04:46.418,1.62242,1.62233,1,1
2014.09.08,00:04:46.672,1.62249,1.62233,1.84,1.39
2014.09.08,00:04:46.723,1.62249,1.62235,1.69,1.26
2014.09.08,00:04:47.189,1.62249,1.62233,1.19,2.04
2014.09.08,00:04:47.703,1.62249,1.62233,1.19,2.44
2014.09.08,00:04:52.228,1.62249,1.62234,1.19,1.26
2014.09.08,00:04:52.933,1.62249,1.62233,1.29,1.76
2014.09.08,00:04:53.702,1.6225,1.62233,1.26,1.26
2014.09.08,00:04:54.720,1.62249,1.62233,1.29,1.76
2014.09.08,00:04:59.522,1.62247,1.62232,1.19,1.17
2014.09.08,00:04:59.827,1.62241,1.62229,1.19,1
2014.09.08,00:05:00.081,1.62241,1.62227,1.19,1
2014.09.08,00:05:01.711,1.6224,1.62227,1.19,1
2014.09.08,00:05:03.240,1.62243,1.62227,1.36,1.01
2014.09.08,00:05:03.746,1.62243,1.62227,1.36,1.84
2014.09.08,00:05:04.557,1.6224,1.62227,1.19,1.01
2014.09.08,00:05:06.134,1.62242,1.62227,1.76,1
2014.09.08,00:05:08.274,1.62242,1.62227,1.19,2.25
2014.09.08,00:05:08.781,1.62242,1.62227,1.19,2.44
2014.09.08,00:05:09.382,1.62238,1.62226,1.31,1
2014.09.08,00:05:09.687,1.62233,1.62221,1.19,1.57
2014.09.08,00:05:10.193,1.62233,1.62221,1.19,1
2014.09.08,00:05:10.345,1.62233,1.62218,1.19,1.4
2014.09.08,00:05:10.851,1.62233,1.62218,1.19,1.34
2014.09.08,00:05:11.379,1.62236,1.6222,1.26,2.51
2014.09.08,00:05:11.582,1.62239,1.62221,2.51,1.76
2014.09.08,00:05:12.088,1.62239,1.62223,1.36,1.09
2014.09.08,00:05:12.843,1.62239,1.62223,1.19,1.84
2014.09.08,00:05:13.147,1.62236,1.62223,2.44,1.17
2014.09.08,00:05:13.649,1.62236,1.62223,2.51,1
2014.09.08,00:05:14.364,1.62232,1.62223,2.44,1
2014.09.08,00:05:14.466,1.62232,1.62221,2.44,1.5
2014.09.08,00:05:14.992,1.62232,1.6222,2.44,1.1
2014.09.08,00:05:15.503,1.62232,1.62219,1.19,1.57
2014.09.08,00:05:17.394,1.6223,1.62219,1.25,1.1
2014.09.08,00:05:17.786,1.62229,1.62219,1.19,1
2014.09.08,00:05:17.837,1.62229,1.62217,1.19,1.5
2014.09.08,00:05:18.884,1.62228,1.62217,2.44,1
2014.09.08,00:05:19.036,1.62224,1.62216,1,1
2014.09.08,00:05:19.241,1.62218,1.62207,1.19,1.5
2014.09.08,00:05:19.343,1.62217,1.62204,1.19,1.65
2014.09.08,00:05:19.394,1.62215,1.62201,1.19,1.65
2014.09.08,00:05:19.699,1.62208,1.62197,1.19,1
2014.09.08,00:05:19.953,1.62207,1.62195,2.44,1
2014.09.08,00:05:20.005,1.62205,1.62193,1.25,1.1
2014.09.08,00:05:22.011,1.62205,1.62193,1.19,1.1
2014.09.08,00:05:22.525,1.62205,1.62194,1.19,1.1
2014.09.08,00:05:22.778,1.62206,1.62194,1.25,1.01
2014.09.08,00:05:22.931,1.62206,1.62197,1.25,1
2014.09.08,00:05:23.451,1.62208,1.62197,2.44,1
2014.09.08,00:05:24.112,1.62209,1.62197,1.25,1
2014.09.08,00:05:24.624,1.62207,1.62194,1.19,1.1
2014.09.08,00:05:25.031,1.62207,1.62194,1.19,2.44
2014.09.08,00:05:25.544,1.62207,1.62196,1.19,1.57
2014.09.08,00:05:26.088,1.62207,1.62196,1.19,1.17
2014.09.08,00:05:26.595,1.62208,1.62196,1.19,1.17
2014.09.08,00:05:27.106,1.62208,1.62196,1.19,1.1
2014.09.08,00:05:27.633,1.62209,1.62196,1.36,1.25
2014.09.08,00:05:28.196,1.62208,1.62196,1.19,1
2014.09.08,00:05:29.217,1.62209,1.62196,1.36,1
2014.09.08,00:05:30.137,1.62206,1.62196,1.19,1
2014.09.08,00:05:30.188,1.62206,1.62193,1.19,2.59
2014.09.08,00:05:30.701,1.62206,1.62193,1.19,1.09
2014.09.08,00:05:30.804,1.62212,1.62196,2.25,1
2014.09.08,00:05:30.855,1.62213,1.62198,1.69,1.57
2014.09.08,00:05:31.160,1.62215,1.62204,1.19,1
2014.09.08,00:05:31.211,1.62216,1.62204,1.25,1.5
2014.09.08,00:05:32.329,1.62215,1.62203,1.25,2.4
2014.09.08,00:05:32.533,1.62215,1.62201,1.01,1.09
2014.09.08,00:05:32.837,1.62212,1.62201,1.25,1.57
2014.09.08,00:05:33.090,1.62211,1.62198,1.19,1.57
2014.09.08,00:05:33.597,1.62211,1.62198,1.19,1.07
2014.09.08,00:05:34.119,1.62209,1.62198,1.25,1.07
2014.09.08,00:05:34.524,1.62209,1.62197,1.25,2.59
2014.09.08,00:05:35.030,1.62209,1.62197,1.19,1
2014.09.08,00:05:35.637,1.62209,1.62194,1.19,3.26
2014.09.08,00:05:35.739,1.62206,1.62194,1.19,2.4
2014.09.08,00:05:36.245,1.62206,1.62193,1.19,1.09
2014.09.08,00:05:36.752,1.62204,1.62193,1.25,1
2014.09.08,00:05:37.737,1.62205,1.62193,1.25,1.25
2014.09.08,00:05:37.991,1.62205,1.62191,2.89,1.1
2014.09.08,00:05:38.042,1.62204,1.62191,1.29,1
2014.09.08,00:05:38.144,1.62202,1.62188,1.01,2.59
2014.09.08,00:05:38.246,1.62201,1.62188,1.19,2.32
2014.09.08,00:05:38.550,1.62198,1.62185,1.25,1.34
2014.09.08,00:05:39.375,1.62197,1.62185,1.25,1.09
2014.09.08,00:05:40.336,1.62197,1.62184,1.19,2.51
2014.09.08,00:05:41.370,1.62196,1.62184,1.25,1.01
2014.09.08,00:05:43.382,1.62196,1.62184,1.19,1.1
2014.09.08,00:05:44.431,1.62195,1.62183,1.25,4.01
2014.09.08,00:05:46.340,1.62195,1.62183,1.19,3.82
2014.09.08,00:05:48.147,1.62195,1.62182,1.19,1.1
2014.09.08,00:05:48.453,1.62197,1.62184,1.76,1
2014.09.08,00:05:48.554,1.62199,1.62184,2.59,1.19
2014.09.08,00:05:53.065,1.62199,1.62184,1.69,1.76
2014.09.08,00:05:53.591,1.62199,1.62184,1.25,1.76
2014.09.08,00:05:54.097,1.62199,1.62184,1.25,1.39
2014.09.08,00:05:54.618,1.62199,1.62184,1,1.84
2014.09.08,00:05:56.575,1.62199,1.62184,1,1.84
2014.09.08,00:05:57.599,1.62199,1.62185,1.25,1.19
2014.09.08,00:05:58.670,1.62199,1.62185,1.32,1.29
2014.09.08,00:05:59.195,1.62199,1.62185,1.25,1.39
2014.09.08,00:06:01.981,1.62199,1.62184,1.19,3.26
2014.09.08,00:06:04.600,1.62199,1.62185,1.19,1.01
2014.09.08,00:06:05.208,1.62201,1.62187,1.19,1.69
2014.09.08,00:06:05.361,1.62203,1.62189,1.25,1.76
2014.09.08,00:06:05.614,1.62204,1.62193,1,1.19
2014.09.08,00:06:05.716,1.62206,1.62193,1,1.19
2014.09.08,00:06:06.223,1.62209,1.62193,1.84,1.39
2014.09.08,00:06:07.597,1.62209,1.62193,1.84,1.09
2014.09.08,00:06:08.210,1.62209,1.62193,2.59,1.76
2014.09.08,00:06:08.939,1.62204,1.62193,1,1.1
2014.09.08,00:06:09.243,1.62203,1.62189,1.25,4.69
2014.09.08,00:06:09.764,1.62203,1.62189,1.25,4.69
2014.09.08,00:06:09.815,1.62203,1.62189,1.25,3.34
2014.09.08,00:06:10.118,1.62203,1.6219,1.25,1.07
2014.09.08,00:06:10.486,1.62203,1.62191,1.25,1.5
2014.09.08,00:06:10.998,1.62203,1.62191,1.25,1.5
2014.09.08,00:06:11.511,1.62205,1.62191,3.19,3.19
2014.09.08,00:06:11.816,1.62205,1.62194,2.44,1.07
2014.09.08,00:06:11.917,1.62208,1.62194,1.25,1.07
2014.09.08,00:06:12.426,1.6221,1.62197,1.5,1.09
2014.09.08,00:06:12.628,1.62214,1.62198,1.76,2.51
2014.09.08,00:06:12.730,1.62215,1.62199,3.94,2.44
2014.09.08,00:06:12.831,1.62216,1.62201,1,1.5
2014.09.08,00:06:12.933,1.62214,1.622,1,1.76
2014.09.08,00:06:13.086,1.62216,1.622,1.01,3.26
2014.09.08,00:06:13.442,1.62217,1.62202,2.44,2.44
2014.09.08,00:06:13.747,1.62217,1.62201,1.69,1.34
2014.09.08,00:06:14.152,1.62217,1.62203,1.5,1.19
2014.09.08,00:06:14.694,1.62218,1.62203,1.57,1.69
2014.09.08,00:06:17.137,1.62218,1.62204,1.25,1.19
2014.09.08,00:06:18.842,1.6222,1.62204,1.01,4.76
2014.09.08,00:06:19.750,1.6222,1.62205,1.25,1.01
2014.09.08,00:06:24.162,1.62221,1.62204,4.09,4.76
2014.09.08,00:06:25.772,1.62221,1.62206,1.65,1.69
2014.09.08,00:06:26.076,1.62226,1.62216,1,1.29
2014.09.08,00:06:26.127,1.6223,1.62216,1.76,1.29
2014.09.08,00:06:26.380,1.62232,1.62218,1.76,1.19
2014.09.08,00:06:26.684,1.62235,1.62224,1.5,1.25
2014.09.08,00:06:26.786,1.62238,1.62225,1,1.1
2014.09.08,00:06:26.887,1.62238,1.62226,1,1.19
2014.09.08,00:06:26.988,1.62241,1.62226,2.51,1.19
2014.09.08,00:06:27.472,1.62243,1.62234,1.3,1
2014.09.08,00:06:27.523,1.62244,1.62234,1.1,1
2014.09.08,00:06:27.574,1.62245,1.62235,1.07,1.19
2014.09.08,00:06:27.676,1.62246,1.62236,1.1,1.19
2014.09.08,00:06:27.778,1.62248,1.62236,1.1,1.19
2014.09.08,00:06:28.296,1.62249,1.62236,1.39,1
2014.09.08,00:06:29.053,1.62249,1.62234,1.84,1.19
2014.09.08,00:06:29.560,1.62248,1.62233,2.51,1.19
2014.09.08,00:06:29.611,1.62248,1.62232,2.51,1.1
2014.09.08,00:06:30.017,1.62245,1.62231,1.32,1.69
2014.09.08,00:06:30.538,1.62245,1.62231,1.25,1.69
2014.09.08,00:06:30.994,1.62245,1.62231,1.76,1.19
2014.09.08,00:06:31.197,1.62245,1.62229,1.76,1.76
2014.09.08,00:06:31.923,1.62245,1.62229,2.44,1.34
2014.09.08,00:06:32.025,1.62245,1.62229,3.26,1.29
2014.09.08,00:06:32.617,1.62245,1.62228,3.26,2.51
2014.09.08,00:06:33.206,1.62245,1.62228,2.59,3.26
2014.09.08,00:06:33.732,1.62245,1.62229,4.09,1.19
2014.09.08,00:06:34.615,1.62244,1.62228,1.29,2.51
2014.09.08,00:06:35.606,1.62245,1.62228,3.34,2.51
2014.09.08,00:06:35.809,1.62244,1.62228,1.22,2.51
2014.09.08,00:06:36.404,1.62245,1.62228,4.69,2.51
2014.09.08,00:06:36.939,1.62245,1.62231,1.26,1.07
2014.09.08,00:06:37.181,1.62245,1.62229,1.36,1.36
2014.09.08,00:06:37.282,1.62245,1.62231,1.17,1.19
2014.09.08,00:06:37.384,1.62246,1.62231,1,2.51
2014.09.08,00:06:37.536,1.62247,1.62233,1.5,3.26
2014.09.08,00:06:37.637,1.62247,1.62233,1.5,1.76
2014.09.08,00:06:38.144,1.62247,1.62233,1.5,1.19
2014.09.08,00:06:38.652,1.62247,1.62233,1.76,1.29
2014.09.08,00:06:44.047,1.62248,1.62233,3.19,1.69
2014.09.08,00:06:45.149,1.62248,1.62233,3.26,1.17
2014.09.08,00:06:45.403,1.62246,1.62231,1.01,1.84
2014.09.08,00:06:45.454,1.62246,1.62231,1.25,4.01
2014.09.08,00:06:45.759,1.62246,1.62231,1.25,2.51
2014.09.08,00:06:45.861,1.62246,1.62232,1.25,1.76
2014.09.08,00:06:46.114,1.62248,1.62235,1.25,1.36
2014.09.08,00:06:47.140,1.62249,1.62235,1.25,1.76
2014.09.08,00:06:48.110,1.6225,1.62235,1.25,1.76
2014.09.08,00:06:50.152,1.6225,1.62236,1.25,1.36
2014.09.08,00:06:50.665,1.6225,1.62235,1.01,1.84
2014.09.08,00:06:51.731,1.6225,1.62235,1.29,1.84
2014.09.08,00:06:55.196,1.62249,1.62235,1.25,1.25
2014.09.08,00:06:55.751,1.62249,1.62235,1.76,1.19
2014.09.08,00:06:56.637,1.62249,1.62235,1.01,1.01
2014.09.08,00:06:57.198,1.62249,1.62235,1.25,1.09
2014.09.08,00:06:59.679,1.62249,1.62234,1.25,1.84
2014.09.08,00:06:59.881,1.62249,1.62235,1.25,1.69
2014.09.08,00:07:00.389,1.62251,1.62236,1.76,1.84
2014.09.08,00:07:00.541,1.62249,1.62235,1.17,1
2014.09.08,00:07:00.643,1.6225,1.62235,2.51,1.57
2014.09.08,00:07:00.694,1.62246,1.62235,1.5,1
2014.09.08,00:07:00.998,1.62244,1.62231,1.07,1.69
2014.09.08,00:07:01.908,1.62244,1.62231,1.5,1.19
2014.09.08,00:07:02.562,1.62244,1.62231,1.5,1.19
2014.09.08,00:07:03.071,1.62244,1.62231,1.3,1.19
2014.09.08,00:07:04.074,1.62245,1.62231,1.07,1.39
2014.09.08,00:07:04.125,1.62247,1.62233,1.76,1.25
2014.09.08,00:07:04.479,1.62245,1.62231,1.07,1.19
2014.09.08,00:07:04.985,1.62247,1.62231,3.19,1.19
2014.09.08,00:07:05.876,1.62245,1.62231,1.32,1.69
2014.09.08,00:07:06.670,1.62244,1.62231,1.07,1.69
2014.09.08,00:07:08.065,1.62245,1.62231,1.5,1.19
2014.09.08,00:07:09.215,1.62245,1.62231,1.97,1.25
2014.09.08,00:07:10.195,1.62245,1.62231,1.3,1.25
2014.09.08,00:07:10.397,1.62247,1.62231,1.76,1.76
2014.09.08,00:07:11.084,1.62245,1.6223,1.19,1.17
2014.09.08,00:07:11.388,1.62241,1.62227,1.19,2.44
2014.09.08,00:07:12.219,1.6224,1.62226,1.69,1.34
2014.09.08,00:07:13.792,1.62238,1.62226,1.19,1.17
2014.09.08,00:07:13.945,1.62237,1.62224,2.89,1
2014.09.08,00:07:14.097,1.62234,1.6222,1,3.34
2014.09.08,00:07:14.199,1.62236,1.6222,1.09,4.01
2014.09.08,00:07:14.958,1.62237,1.62223,1.29,1
2014.09.08,00:07:15.060,1.62237,1.62225,1.19,1
2014.09.08,00:07:15.364,1.62238,1.62227,1.19,1.5
2014.09.08,00:07:15.885,1.62238,1.62228,1,1.07
2014.09.08,00:07:16.391,1.62241,1.62227,1.69,1.5
2014.09.08,00:07:16.918,1.62241,1.62227,1.19,1.5
2014.09.08,00:07:17.070,1.62241,1.62226,1.19,1.76
2014.09.08,00:07:17.725,1.62241,1.62226,1.19,1.09
2014.09.08,00:07:18.812,1.6224,1.62226,1.19,1.09
2014.09.08,00:07:19.818,1.6224,1.62226,1.69,1.09
2014.09.08,00:07:20.291,1.6224,1.62226,1.69,1.76
2014.09.08,00:07:20.797,1.62243,1.62227,1.69,1.3
2014.09.08,00:07:22.223,1.62243,1.62228,1.69,1.07
2014.09.08,00:07:22.527,1.62239,1.62227,1.87,1.97
2014.09.08,00:07:22.679,1.62237,1.62225,1.62,1.76
2014.09.08,00:07:22.983,1.6224,1.62224,2.59,1.39
2014.09.08,00:07:23.034,1.6224,1.62226,1.29,3
2014.09.08,00:07:24.007,1.62241,1.62227,1.69,1.3
2014.09.08,00:07:24.503,1.62241,1.62226,1.69,1.34
2014.09.08,00:07:25.031,1.62241,1.62226,1.19,1.4
2014.09.08,00:07:25.798,1.62241,1.62226,1.36,1.01
2014.09.08,00:07:26.307,1.6224,1.62226,2.44,1.25
2014.09.08,00:07:26.459,1.62235,1.62223,1,1.19
2014.09.08,00:07:26.914,1.62235,1.6222,1.39,1.69
2014.09.08,00:07:27.918,1.62235,1.6222,1.09,1.19
2014.09.08,00:07:28.917,1.62235,1.6222,1.39,1.69
2014.09.08,00:07:30.838,1.62235,1.62222,1.26,1.25
2014.09.08,00:07:31.358,1.62235,1.62222,1.32,1.19
2014.09.08,00:07:31.950,1.62235,1.62222,1.26,1.25
2014.09.08,00:07:32.154,1.62236,1.62223,1,1.25
2014.09.08,00:07:32.660,1.62239,1.62223,1.84,1.25
2014.09.08,00:07:33.065,1.62239,1.62226,1.84,1
2014.09.08,00:07:33.470,1.6224,1.6223,1.19,1
2014.09.08,00:07:33.571,1.62242,1.6223,1.39,1
2014.09.08,00:07:34.598,1.62242,1.62228,1.36,1
2014.09.08,00:07:34.649,1.6224,1.62228,1.19,1
2014.09.08,00:07:35.309,1.62237,1.62228,1.87,1
2014.09.08,00:07:35.360,1.62237,1.62224,2.06,1
2014.09.08,00:07:35.512,1.62235,1.62222,1.31,1
2014.09.08,00:07:35.563,1.62233,1.62222,1.19,1
2014.09.08,00:07:35.664,1.62233,1.62219,1.19,1.69
2014.09.08,00:07:35.969,1.62232,1.62217,1.19,1.84
2014.09.08,00:07:36.881,1.6223,1.62217,1.19,1.84
2014.09.08,00:07:42.652,1.62231,1.62217,1.19,2.51
2014.09.08,00:07:43.158,1.62231,1.62218,1.19,1.32
2014.09.08,00:07:43.664,1.62231,1.62218,1.19,1.01
2014.09.08,00:07:44.210,1.62231,1.62219,2.06,1
2014.09.08,00:07:44.515,1.62229,1.62216,1.19,1.5
2014.09.08,00:07:44.822,1.62222,1.62212,1.19,1.57
2014.09.08,00:07:45.328,1.62222,1.62214,1.19,1.15
2014.09.08,00:07:45.889,1.62225,1.62215,1.19,1.57
2014.09.08,00:07:45.991,1.62226,1.62216,1.25,1.57
2014.09.08,00:07:46.497,1.62229,1.62216,1.19,1.17
2014.09.08,00:07:47.011,1.62229,1.62218,1.19,1.1
2014.09.08,00:07:47.214,1.62229,1.6222,1.19,1.1
2014.09.08,00:07:47.316,1.62232,1.6222,1.69,1.1
2014.09.08,00:07:48.806,1.62232,1.6222,1.19,1.57
2014.09.08,00:07:49.317,1.62232,1.6222,1.19,1.1
2014.09.08,00:07:50.090,1.62232,1.6222,1.19,1.17
2014.09.08,00:07:50.711,1.62232,1.6222,1.19,1.2
2014.09.08,00:07:51.321,1.62233,1.6222,1.69,1.2
2014.09.08,00:07:52.747,1.62233,1.6222,1.69,1.57
2014.09.08,00:07:53.266,1.62233,1.6222,1.19,1.17
2014.09.08,00:07:53.776,1.62232,1.6222,1.19,1.17
2014.09.08,00:07:54.340,1.62232,1.6222,1.19,1.57
2014.09.08,00:07:54.850,1.62232,1.6222,1.19,1.17
2014.09.08,00:07:56.438,1.62232,1.6222,1.19,1.2
2014.09.08,00:07:56.743,1.62236,1.62224,2.44,1.1
2014.09.08,00:07:56.844,1.62236,1.62224,1.5,1.15
2014.09.08,00:07:56.896,1.62235,1.62225,1,1.07
2014.09.08,00:07:56.998,1.62238,1.62225,1.19,1.07
2014.09.08,00:07:57.504,1.62238,1.62225,1.19,2.44
2014.09.08,00:07:58.011,1.62239,1.62228,1.69,1.17
2014.09.08,00:07:58.426,1.62239,1.62228,1.69,1.17
2014.09.08,00:08:05.537,1.62241,1.62229,1.19,1.57
2014.09.08,00:08:06.453,1.6224,1.62229,1.19,1.85
2014.09.08,00:08:07.769,1.62243,1.62229,1.69,3.26
2014.09.08,00:08:07.978,1.62245,1.62232,1.19,1.07
2014.09.08,00:08:08.704,1.62245,1.62231,1.19,1.32
2014.09.08,00:08:09.265,1.62244,1.62231,1.19,1.5
2014.09.08,00:08:09.974,1.62245,1.6223,1.19,3
2014.09.08,00:08:11.071,1.62245,1.62232,1.19,1.07
2014.09.08,00:08:11.172,1.62248,1.62239,1.69,1
2014.09.08,00:08:11.477,1.62252,1.62237,1.76,1.69
2014.09.08,00:08:11.578,1.62252,1.6224,1,1.69
2014.09.08,00:08:12.290,1.62254,1.6224,1.69,1.76
2014.09.08,00:08:12.799,1.62254,1.62241,1.69,1.36
2014.09.08,00:08:15.611,1.62254,1.62241,1.69,1.09
2014.09.08,00:08:16.564,1.62254,1.62241,1.69,1.36
2014.09.08,00:08:17.613,1.62254,1.62242,1,1.29
2014.09.08,00:08:18.671,1.62254,1.62241,1.25,1.2
2014.09.08,00:08:20.576,1.62254,1.62239,1.19,2.51
2014.09.08,00:08:22.674,1.62254,1.62239,1.69,1.57
2014.09.08,00:08:23.648,1.62254,1.62239,2.44,2.25
2014.09.08,00:08:23.749,1.62254,1.62239,2.44,1.17
2014.09.08,00:08:23.851,1.62254,1.6224,2.44,1.07
2014.09.08,00:08:24.357,1.62254,1.62239,2.44,1.57
2014.09.08,00:08:24.869,1.62254,1.62239,1.76,1.07
2014.09.08,00:08:25.477,1.62254,1.62239,2.44,1.2
2014.09.08,00:08:25.998,1.62253,1.6224,1.19,1
2014.09.08,00:08:26.305,1.62253,1.62242,1.19,1
2014.09.08,00:08:26.864,1.62255,1.62242,1.09,1
2014.09.08,00:08:26.915,1.62255,1.62245,1.01,1
2014.09.08,00:08:27.422,1.62258,1.62245,1.76,1
2014.09.08,00:08:27.928,1.62257,1.62243,1.39,1.1
2014.09.08,00:08:28.080,1.62255,1.62243,1.19,1
2014.09.08,00:08:28.586,1.62255,1.62242,1.19,1
2014.09.08,00:08:29.357,1.62254,1.62242,1.19,1
2014.09.08,00:08:29.863,1.62254,1.62239,1.19,2.51
2014.09.08,00:08:30.369,1.62254,1.62239,1.76,1.76
2014.09.08,00:08:30.874,1.62253,1.62239,1.19,1.84
2014.09.08,00:08:31.378,1.62253,1.62239,1.29,1.76
2014.09.08,00:08:32.873,1.62252,1.62238,1.19,1.76
2014.09.08,00:08:34.765,1.62252,1.62238,1.19,2.51
2014.09.08,00:08:35.315,1.62253,1.62238,2.44,2.32
2014.09.08,00:08:35.871,1.62253,1.62238,1.69,2.51
2014.09.08,00:08:37.990,1.62253,1.62238,1.69,2.51
2014.09.08,00:08:38.294,1.62253,1.62238,2.44,2.32
2014.09.08,00:08:40.736,1.62253,1.62238,2.51,1.65
2014.09.08,00:08:42.006,1.62253,1.62238,1.76,1.84
2014.09.08,00:08:43.212,1.62253,1.62239,1.57,1.29
2014.09.08,00:08:46.236,1.62253,1.62241,1.01,1.25
2014.09.08,00:08:46.490,1.62253,1.62241,1.76,1.25
2014.09.08,00:08:47.006,1.62253,1.62241,1.09,1.25
2014.09.08,00:08:47.363,1.62255,1.6224,1.84,1.19
2014.09.08,00:08:48.540,1.62255,1.62241,2.51,1.25
2014.09.08,00:08:49.310,1.62255,1.6224,1.76,1
2014.09.08,00:08:49.614,1.6225,1.62236,2.51,1.69
2014.09.08,00:08:50.120,1.62249,1.62236,1.95,1.25
2014.09.08,00:08:51.288,1.62248,1.62235,1.07,1.19
2014.09.08,00:08:51.883,1.62248,1.62237,1.07,1.25
2014.09.08,00:08:52.448,1.62248,1.62236,1.32,1.25
2014.09.08,00:08:54.435,1.62248,1.62236,1.07,1.19
2014.09.08,00:08:54.941,1.62249,1.62236,3.64,1.19
2014.09.08,00:08:55.438,1.62249,1.62235,3.45,1.25
2014.09.08,00:08:58.080,1.62248,1.62235,1.2,1.25
2014.09.08,00:08:58.587,1.62248,1.62235,3.37,1.25
2014.09.08,00:08:59.105,1.62248,1.62234,2.14,1.69
2014.09.08,00:08:59.257,1.62248,1.62233,3.52,1
2014.09.08,00:08:59.308,1.62244,1.62232,1,1.25
2014.09.08,00:08:59.814,1.62244,1.62231,1.17,1.25
2014.09.08,00:09:00.320,1.62244,1.62231,1,1.25
2014.09.08,00:09:00.624,1.62244,1.62233,1,1.19
2014.09.08,00:09:00.979,1.62247,1.62233,1.5,1.69
2014.09.08,00:09:01.081,1.62247,1.62237,1,1.25
2014.09.08,00:09:01.385,1.62249,1.62237,2.44,1.25
2014.09.08,00:09:03.068,1.62249,1.62236,3.07,1.25
2014.09.08,00:09:05.257,1.62249,1.62236,1.5,1.29
2014.09.08,00:09:07.405,1.62251,1.62237,3.19,1.25
2014.09.08,00:09:08.113,1.62251,1.62237,2.51,1.25
2014.09.08,00:09:08.810,1.62251,1.62237,2.51,1.01
2014.09.08,00:09:09.064,1.62251,1.62238,2.51,1.19
2014.09.08,00:09:09.573,1.6225,1.62238,1,1.19
2014.09.08,00:09:10.288,1.62251,1.62238,2.51,1.19
2014.09.08,00:09:10.726,1.62251,1.62238,3.26,1.19
2014.09.08,00:09:12.066,1.62251,1.62238,3.07,1.25
2014.09.08,00:09:12.576,1.62251,1.62238,2.4,1.25
2014.09.08,00:09:14.186,1.62251,1.62238,2.4,1.19
2014.09.08,00:09:14.490,1.62252,1.62238,1.65,1.19
2014.09.08,00:09:15.423,1.62252,1.62239,1.65,1.19
2014.09.08,00:09:19.395,1.62252,1.62241,1.2,1.25
2014.09.08,00:09:20.418,1.62252,1.62241,1.2,1.19
2014.09.08,00:09:21.116,1.62252,1.62241,1.17,1.19
2014.09.08,00:09:21.661,1.62252,1.62241,1.1,1.25
2014.09.08,00:09:22.952,1.62252,1.6224,1.17,1.19
2014.09.08,00:09:23.464,1.62252,1.6224,1.57,1.19
2014.09.08,00:09:24.483,1.62252,1.6224,1.07,1.19
2014.09.08,00:09:28.840,1.62252,1.62242,1.07,1.19
2014.09.08,00:09:30.979,1.62252,1.62242,1.1,1.19
2014.09.08,00:09:31.610,1.62252,1.62241,1.1,1.25
2014.09.08,00:09:32.659,1.62252,1.6224,1.17,1.19
2014.09.08,00:09:33.183,1.62252,1.6224,1.1,1.19
2014.09.08,00:09:33.718,1.62252,1.6224,1.01,1.25
2014.09.08,00:09:34.627,1.62252,1.6224,1.1,1.19
2014.09.08,00:09:37.701,1.62252,1.6224,1.07,1.19
2014.09.08,00:09:38.238,1.62252,1.6224,1.1,1.19
2014.09.08,00:09:39.672,1.62252,1.62242,1.1,1.19
2014.09.08,00:09:41.575,1.62252,1.62237,1.01,1.76
2014.09.08,00:09:42.082,1.62251,1.62237,1.1,1.19
2014.09.08,00:09:42.588,1.62251,1.62237,1.29,1.19
2014.09.08,00:09:44.565,1.62251,1.62236,1.01,2.44
2014.09.08,00:09:45.198,1.62251,1.62236,1.25,3.19
2014.09.08,00:09:47.544,1.62252,1.62238,1.84,1.25
2014.09.08,00:09:52.387,1.62252,1.62238,2.51,1
2014.09.08,00:09:53.367,1.62252,1.62238,2.51,1.25
2014.09.08,00:09:55.458,1.62252,1.62238,2.51,1.25
2014.09.08,00:09:56.399,1.62251,1.62237,1.76,1.25
2014.09.08,00:09:56.956,1.6225,1.62237,1.01,1.25
2014.09.08,00:09:57.365,1.62252,1.62237,1.84,1.25
2014.09.08,00:09:57.922,1.62252,1.62237,2.51,1.25
2014.09.08,00:09:58.468,1.62252,1.62237,1.76,1.25
2014.09.08,00:10:02.090,1.62252,1.62237,2.59,1.19
2014.09.08,00:10:02.600,1.62252,1.62238,1.69,1.32
2014.09.08,00:10:03.133,1.62253,1.62238,2.59,1.01
2014.09.08,00:10:07.307,1.62251,1.62238,1.19,1
2014.09.08,00:10:08.274,1.62251,1.62236,1.76,1.26
2014.09.08,00:10:13.509,1.6225,1.62236,1.19,1.32
2014.09.08,00:10:19.659,1.6225,1.62236,1.25,1.07
2014.09.08,00:10:19.761,1.6225,1.62234,1.76,2.51
2014.09.08,00:10:20.912,1.6225,1.62235,2.44,1.01
2014.09.08,00:10:21.428,1.6225,1.62234,2.51,1.76
2014.09.08,00:10:21.938,1.62249,1.62234,1.19,1.26
2014.09.08,00:10:23.126,1.62249,1.62233,1.19,2.21
2014.09.08,00:10:25.344,1.6225,1.62235,3.26,1.56
2014.09.08,00:10:25.850,1.6225,1.62234,1.84,1.19
2014.09.08,00:10:26.380,1.62249,1.62233,1.29,1.76
2014.09.08,00:10:27.633,1.62245,1.62233,1,1.76
2014.09.08,00:10:27.684,1.62245,1.62232,1.12,1.95
2014.09.08,00:10:27.785,1.62245,1.6223,1.84,2.06
2014.09.08,00:10:28.140,1.62247,1.62232,1,3.45
2014.09.08,00:10:28.190,1.62249,1.62234,1.69,1.29
2014.09.08,00:10:33.162,1.6225,1.62235,1.29,2.59
2014.09.08,00:10:34.175,1.6225,1.62235,1.69,1.39
2014.09.08,00:10:34.757,1.6225,1.62238,1.19,1
2014.09.08,00:10:34.960,1.62249,1.62235,1.19,2.96
2014.09.08,00:10:40.227,1.62248,1.62235,1,1.69
2014.09.08,00:10:42.454,1.62248,1.62235,1,1.09
2014.09.08,00:10:42.758,1.62248,1.62233,1.84,2.51
2014.09.08,00:10:42.860,1.62246,1.62233,1.84,1.5
2014.09.08,00:10:43.368,1.62246,1.62233,2.51,1
2014.09.08,00:10:43.878,1.62246,1.62233,1.84,1.25
2014.09.08,00:10:44.841,1.62246,1.62233,2.59,1
2014.09.08,00:10:45.347,1.62246,1.62232,1.69,3.64
2014.09.08,00:10:45.805,1.62247,1.62232,1.29,3.71
2014.09.08,00:10:46.851,1.62247,1.62232,1.25,2.96
2014.09.08,00:10:50.876,1.62247,1.62232,1.19,3.71
2014.09.08,00:10:56.852,1.62247,1.62235,1.29,1
2014.09.08,00:10:57.007,1.62247,1.62235,1,1.76
2014.09.08,00:10:57.058,1.62249,1.62235,1.25,1.76
2014.09.08,00:11:04.697,1.6225,1.62237,1.36,1
2014.09.08,00:11:05.204,1.6225,1.62235,1.84,2.51
2014.09.08,00:11:05.712,1.62248,1.62235,1.17,1.69
2014.09.08,00:11:06.214,1.62248,1.62235,1,1.69
2014.09.08,00:11:06.741,1.62248,1.62235,1.19,1.69
2014.09.08,00:11:10.953,1.62248,1.62233,1.69,2.14
2014.09.08,00:11:11.459,1.62247,1.62232,2.32,1.69
2014.09.08,00:11:12.169,1.62247,1.62232,2.32,1.69
2014.09.08,00:11:12.726,1.62246,1.62232,1.5,1.19
2014.09.08,00:11:13.233,1.62247,1.62232,2.51,1.19
2014.09.08,00:11:14.741,1.62247,1.62232,2.51,1.69
2014.09.08,00:11:15.406,1.62247,1.62232,1.84,1.76
2014.09.08,00:11:15.916,1.62247,1.62232,1.76,1.29
2014.09.08,00:11:16.760,1.62247,1.62232,2.51,1.29
2014.09.08,00:11:17.520,1.62247,1.62232,1,2.89
2014.09.08,00:11:20.533,1.62247,1.62234,1.25,1.76
2014.09.08,00:11:23.591,1.62247,1.62234,1,1.84
2014.09.08,00:11:25.106,1.62247,1.62234,1.07,1.25
2014.09.08,00:11:25.627,1.62247,1.62234,1.2,1.25
2014.09.08,00:11:27.115,1.62247,1.62234,1.07,1.25
2014.09.08,00:11:35.484,1.62247,1.62234,1.25,1.19
2014.09.08,00:11:37.467,1.62249,1.62234,1.09,1.29
2014.09.08,00:11:49.494,1.62249,1.62234,1.36,1.76
2014.09.08,00:11:52.160,1.62247,1.62234,1,1.69
2014.09.08,00:11:52.703,1.62247,1.62234,1.25,1.29
2014.09.08,00:11:55.616,1.62247,1.62234,1,1.01
2014.09.08,00:11:58.948,1.62247,1.62234,1.25,1.29
2014.09.08,00:12:00.198,1.62247,1.62234,1.09,1.19
2014.09.08,00:12:01.058,1.62247,1.62234,1.4,1
2014.09.08,00:12:01.719,1.62245,1.62234,1,1
2014.09.08,00:12:02.249,1.62245,1.62233,1,1.25
2014.09.08,00:12:02.300,1.62245,1.62232,1.5,1.69
2014.09.08,00:12:02.809,1.62245,1.62232,1.07,1.19
2014.09.08,00:12:03.370,1.62245,1.62231,1.65,1.19
2014.09.08,00:12:04.346,1.62244,1.62231,1.1,1.25
2014.09.08,00:12:10.048,1.62244,1.62231,1.29,1.25
2014.09.08,00:12:15.078,1.62244,1.62231,1.4,1.19
2014.09.08,00:12:16.058,1.62244,1.62231,1.4,1
2014.09.08,00:12:16.362,1.62243,1.62231,1.07,1
2014.09.08,00:12:16.904,1.62244,1.62231,2.51,1
2014.09.08,00:12:18.245,1.62244,1.62231,1.76,1.25
2014.09.08,00:12:19.376,1.62246,1.62231,1.76,1.69
2014.09.08,00:12:19.527,1.62247,1.62231,1.34,1.69
2014.09.08,00:12:20.141,1.62246,1.62231,1.32,3.19
2014.09.08,00:12:20.646,1.62247,1.62231,1.34,3.26
2014.09.08,00:12:21.153,1.62247,1.62231,1.76,2.51
2014.09.08,00:12:21.702,1.62247,1.62234,1.36,1
2014.09.08,00:12:26.747,1.62247,1.62234,1.76,1
2014.09.08,00:12:27.738,1.62247,1.62232,2.51,1.25
2014.09.08,00:12:28.247,1.62244,1.62232,1.09,1.25
2014.09.08,00:12:29.892,1.62244,1.62232,1.19,1
2014.09.08,00:12:35.891,1.62244,1.62232,1.2,1
2014.09.08,00:12:39.199,1.62247,1.62232,1.76,2.51
2014.09.08,00:12:39.301,1.62248,1.62234,1.25,1.25
2014.09.08,00:12:39.757,1.6225,1.62236,1.84,1
2014.09.08,00:12:40.263,1.6225,1.62238,3.19,1
2014.09.08,00:12:40.517,1.62251,1.62238,1.19,1.25
2014.09.08,00:12:41.025,1.62251,1.62237,1.01,1.69
2014.09.08,00:12:41.619,1.62251,1.62237,1.76,1.69
2014.09.08,00:12:45.901,1.6225,1.62237,1.09,1.5
2014.09.08,00:12:46.408,1.6225,1.62237,1.09,1.5
2014.09.08,00:12:47.423,1.6225,1.62237,1.84,1.5
2014.09.08,00:12:47.972,1.62247,1.62237,3.19,1
2014.09.08,00:12:48.073,1.62246,1.62235,2.44,1.5
2014.09.08,00:12:48.124,1.62247,1.62235,1.84,1
2014.09.08,00:12:48.327,1.62249,1.62235,1.09,2.44
2014.09.08,00:12:48.429,1.62249,1.62237,1.09,1
2014.09.08,00:12:48.944,1.6225,1.62237,1.39,1
2014.09.08,00:12:49.481,1.6225,1.62237,1.76,1.25
2014.09.08,00:12:55.142,1.6225,1.62237,1.39,1.25
2014.09.08,00:12:55.446,1.6225,1.62239,1.39,1.5
2014.09.08,00:12:55.963,1.6225,1.62239,1.69,1.5
2014.09.08,00:12:56.065,1.6225,1.62239,1.25,1.5
2014.09.08,00:13:00.097,1.62253,1.62239,1.09,1.69
2014.09.08,00:13:00.199,1.62254,1.62242,1.76,1
2014.09.08,00:13:00.705,1.62255,1.62242,2.59,1
2014.09.08,00:13:01.217,1.62255,1.62242,1.84,1.25
2014.09.08,00:13:02.066,1.62255,1.62242,1.09,1.69
2014.09.08,00:13:03.994,1.62255,1.62243,1.17,1.19
2014.09.08,00:13:04.299,1.62269,1.62256,2.4,1.19
2014.09.08,00:13:04.401,1.62267,1.62254,1.65,1.19
2014.09.08,00:13:04.451,1.62267,1.62254,2.32,1.19
2014.09.08,00:13:04.604,1.62264,1.62252,1.09,1.25
2014.09.08,00:13:04.705,1.62264,1.6225,1.2,1
2014.09.08,00:13:04.857,1.62264,1.6225,1.76,1.25
2014.09.08,00:13:05.162,1.62264,1.6225,3.26,1.25
2014.09.08,00:13:05.668,1.62261,1.62247,1.76,1.19
2014.09.08,00:13:06.889,1.62261,1.62246,1.76,1.69
2014.09.08,00:13:07.043,1.62257,1.62246,1.5,1.69
2014.09.08,00:13:07.145,1.62257,1.62244,2.44,1.19
2014.09.08,00:13:07.348,1.62254,1.62241,1.07,2.44
2014.09.08,00:13:07.602,1.62253,1.6224,1.5,1.25
2014.09.08,00:13:07.704,1.62252,1.62238,1.97,1
2014.09.08,00:13:08.008,1.62249,1.62235,1.39,1.69
2014.09.08,00:13:08.515,1.62249,1.62236,1.76,1.25
2014.09.08,00:13:09.330,1.62247,1.62235,1.29,1.5
2014.09.08,00:13:09.837,1.62247,1.62233,2.51,1.69
2014.09.08,00:13:10.370,1.62247,1.62233,2.51,1.5
2014.09.08,00:13:10.876,1.62247,1.62233,1.76,1.69
2014.09.08,00:13:11.382,1.62248,1.62233,1.19,3.26
2014.09.08,00:13:11.904,1.62248,1.62233,1.19,3.26
2014.09.08,00:13:14.521,1.62249,1.62233,1.01,4.01
2014.09.08,00:13:17.812,1.62249,1.62235,1.01,1.19
2014.09.08,00:13:20.419,1.62249,1.62233,1.76,4.01
2014.09.08,00:13:20.933,1.62248,1.62233,1.19,3.26
2014.09.08,00:13:21.521,1.62248,1.62233,1.19,3.26
2014.09.08,00:13:22.522,1.62248,1.62233,1.19,3.26
2014.09.08,00:13:23.555,1.62247,1.62233,1.19,3.26
2014.09.08,00:13:25.532,1.62248,1.62233,1.19,3.26
2014.09.08,00:13:27.582,1.62247,1.62233,1.19,3.19
2014.09.08,00:13:28.538,1.62248,1.62233,1.39,3.19
2014.09.08,00:13:29.569,1.62247,1.62233,1.19,3.19
2014.09.08,00:13:30.398,1.62249,1.62233,1.76,4.76
2014.09.08,00:13:30.702,1.62249,1.62235,1.69,1.3
2014.09.08,00:13:31.058,1.62249,1.62235,1,1.01
2014.09.08,00:13:31.363,1.62253,1.62237,3.26,1.29
2014.09.08,00:13:32.388,1.62253,1.62238,2.51,1.19
2014.09.08,00:13:33.384,1.62253,1.62238,2.51,1.19
2014.09.08,00:13:35.366,1.62253,1.62238,2.51,1.69
2014.09.08,00:13:36.368,1.62251,1.62238,1.01,1.19
2014.09.08,00:13:37.383,1.62251,1.62238,1.1,1.69
2014.09.08,00:13:38.072,1.62251,1.62238,1.29,1.25
2014.09.08,00:13:39.087,1.62251,1.62236,1.01,1.76
2014.09.08,00:13:40.935,1.62251,1.62236,1.09,1.76
2014.09.08,00:13:41.442,1.62251,1.62236,1.76,1.26
2014.09.08,00:13:43.083,1.62251,1.62236,1.29,1.09
2014.09.08,00:13:43.600,1.62251,1.62236,1.1,1.84
2014.09.08,00:13:44.602,1.62251,1.62237,1.29,1.29
2014.09.08,00:13:47.966,1.62249,1.62236,1,1.29
2014.09.08,00:13:48.472,1.62249,1.62236,1.76,1.19
2014.09.08,00:13:49.052,1.62249,1.62235,1.95,2.51
2014.09.08,00:13:52.690,1.62251,1.62235,1.4,3.94
2014.09.08,00:13:53.922,1.62251,1.62235,1.76,4.09
2014.09.08,00:13:58.965,1.62251,1.62236,1.76,1.19
2014.09.08,00:14:05.851,1.62251,1.62237,1.76,1
2014.09.08,00:14:06.256,1.62247,1.62233,1.32,1.19
2014.09.08,00:14:06.358,1.62247,1.62232,1.26,1.69
2014.09.08,00:14:06.867,1.62246,1.6223,1.26,1.26
2014.09.08,00:14:07.383,1.62246,1.6223,1.76,1.76
2014.09.08,00:14:07.894,1.62246,1.6223,2.44,1.4
2014.09.08,00:14:08.424,1.62246,1.6223,2.51,1.01
2014.09.08,00:14:08.931,1.62244,1.62229,1.69,3.34
2014.09.08,00:14:09.689,1.62244,1.62229,2.44,2.59
2014.09.08,00:14:10.656,1.62244,1.62229,3.26,2.25
2014.09.08,00:14:11.168,1.62242,1.62227,1.29,1.84
2014.09.08,00:14:12.708,1.62242,1.62227,1.29,1.09
2014.09.08,00:14:13.012,1.62243,1.62233,1.1,1
2014.09.08,00:14:13.266,1.62255,1.62242,1,1.69
2014.09.08,00:14:13.367,1.62257,1.62244,1.15,1.19
2014.09.08,00:14:13.772,1.62258,1.62244,1.09,1.76
2014.09.08,00:14:14.314,1.62259,1.62244,2.51,1.29
2014.09.08,00:14:15.377,1.62258,1.62244,1.1,1.29
2014.09.08,00:14:17.611,1.62256,1.62243,1,2.59
2014.09.08,00:14:18.915,1.62259,1.62243,1.84,1.39
2014.09.08,00:14:19.017,1.62259,1.62243,2.59,1.39
2014.09.08,00:14:20.027,1.62259,1.62243,1.84,1.39
2014.09.08,00:14:21.989,1.6226,1.62244,1.84,2.51
2014.09.08,00:14:22.508,1.6226,1.62244,1.84,2.59
2014.09.08,00:14:22.828,1.62257,1.62244,1.25,1.39
2014.09.08,00:14:23.131,1.62255,1.62241,1.01,1.76
2014.09.08,00:14:26.183,1.62255,1.62241,1.32,1.19
2014.09.08,00:14:26.704,1.62255,1.62241,1.01,1.19
2014.09.08,00:14:26.907,1.62255,1.6224,1.09,1.26
2014.09.08,00:14:27.942,1.62255,1.6224,1.29,1.84
2014.09.08,00:14:29.340,1.62255,1.62242,1.26,2.06
2014.09.08,00:14:29.594,1.62253,1.6224,1.07,1.19
2014.09.08,00:14:29.645,1.62253,1.62238,2.59,2.81
2014.09.08,00:14:29.848,1.62253,1.62237,3.34,1.31
2014.09.08,00:14:30.354,1.62253,1.62238,4.09,1
2014.09.08,00:14:34.313,1.62253,1.62237,4.84,1.25
2014.09.08,00:14:34.711,1.6225,1.62236,1.19,1.84
2014.09.08,00:14:35.648,1.62249,1.62236,1.19,1.65
2014.09.08,00:14:36.648,1.62251,1.62236,1.19,1.65
2014.09.08,00:14:37.157,1.62251,1.62236,1.19,1.65
2014.09.08,00:14:38.526,1.62251,1.62236,1.19,1.84
2014.09.08,00:14:40.765,1.62251,1.62238,1.19,1
2014.09.08,00:14:41.171,1.62253,1.62238,1.84,1
2014.09.08,00:14:41.934,1.6225,1.62238,1.29,1
2014.09.08,00:14:42.770,1.62252,1.62238,1.26,1.19
2014.09.08,00:14:43.277,1.62251,1.62237,1.01,1.29
2014.09.08,00:14:44.137,1.62251,1.62236,1.1,1.84
2014.09.08,00:14:55.246,1.62251,1.62236,1.07,1.84
2014.09.08,00:14:55.850,1.62251,1.62236,1.1,1.76
2014.09.08,00:15:01.263,1.6225,1.62236,1,1.29
2014.09.08,00:15:01.921,1.6225,1.62235,1.1,3.34
2014.09.08,00:15:02.430,1.6225,1.62235,1.17,2.51
2014.09.08,00:15:06.978,1.62248,1.62235,1,1.19
2014.09.08,00:15:08.314,1.62248,1.62234,1,1.36
2014.09.08,00:15:08.846,1.62248,1.62234,1,1.76
2014.09.08,00:15:09.354,1.62248,1.62233,1.1,2.44
2014.09.08,00:15:10.347,1.62248,1.62233,1.29,3.19
2014.09.08,00:15:13.325,1.62248,1.62233,1.76,2.44
2014.09.08,00:15:15.326,1.62248,1.62233,2.51,2.44
2014.09.08,00:15:16.246,1.62248,1.62233,1.84,2.44
2014.09.08,00:15:16.793,1.62248,1.62234,1.09,1.25
2014.09.08,00:15:18.421,1.62248,1.62234,1.76,1.25
2014.09.08,00:15:18.872,1.62248,1.62233,1.09,1.19
2014.09.08,00:15:19.349,1.62247,1.62233,1.19,1.25
2014.09.08,00:15:22.565,1.62245,1.62232,1.69,1
2014.09.08,00:15:23.073,1.62244,1.62229,1.39,1.69
2014.09.08,00:15:23.730,1.62244,1.62229,1.39,1.76
2014.09.08,00:15:24.244,1.62244,1.62229,1.19,1.76
2014.09.08,00:15:24.852,1.62244,1.62229,1.29,1.76
2014.09.08,00:15:26.055,1.62245,1.62229,1.84,1.84
2014.09.08,00:15:26.562,1.62245,1.62229,2.51,1.84
2014.09.08,00:15:28.057,1.62244,1.62229,1.36,1.76
2014.09.08,00:15:29.191,1.62244,1.6223,1.76,1.19
2014.09.08,00:15:29.716,1.62242,1.62229,1,1.09
2014.09.08,00:15:30.224,1.62242,1.62227,1,1.76
2014.09.08,00:15:31.439,1.62239,1.62226,1,1.84
2014.09.08,00:15:31.541,1.62239,1.62226,1.1,1.25
2014.09.08,00:15:31.642,1.62239,1.62224,2.51,1.69
2014.09.08,00:15:32.532,1.62239,1.62224,1.26,1.01
2014.09.08,00:15:32.837,1.62236,1.62222,1.25,1.36
2014.09.08,00:15:33.599,1.62236,1.62221,1.19,2.51
2014.09.08,00:15:34.323,1.62233,1.62221,1,1.36
2014.09.08,00:15:34.425,1.62232,1.62219,1.17,1
2014.09.08,00:15:34.577,1.62229,1.62218,1.25,1
2014.09.08,00:15:35.083,1.62229,1.62216,1.69,1.76
2014.09.08,00:15:35.590,1.62229,1.62216,1.69,1.76
2014.09.08,00:15:41.590,1.62228,1.62216,1.19,1.57
2014.09.08,00:15:42.577,1.62228,1.62216,1.25,1.76
2014.09.08,00:15:44.627,1.62229,1.62216,1.25,1.57
2014.09.08,00:15:47.633,1.62228,1.62216,1.19,1.1
2014.09.08,00:15:48.532,1.62228,1.62214,1.19,2.44
2014.09.08,00:15:50.616,1.62228,1.62214,1.19,1.2
2014.09.08,00:15:51.123,1.62228,1.62214,1.19,1.17
2014.09.08,00:15:52.092,1.62228,1.62214,1.19,1.1
2014.09.08,00:15:52.612,1.62226,1.62213,1.19,1.69
2014.09.08,00:15:54.624,1.62225,1.62213,1.19,1
2014.09.08,00:15:55.142,1.62225,1.62211,1.19,1.34
2014.09.08,00:15:55.648,1.62224,1.6221,1.19,4.01
2014.09.08,00:15:58.229,1.62224,1.6221,1.25,3.26
2014.09.08,00:15:58.535,1.62219,1.62208,1.19,1.5
2014.09.08,00:15:59.044,1.62219,1.62207,1.19,1.1
2014.09.08,00:16:00.181,1.62219,1.62205,1.19,3.34
2014.09.08,00:16:00.697,1.62218,1.62205,1.19,1.69
2014.09.08,00:16:02.446,1.62217,1.62205,1.19,1.5
2014.09.08,00:16:03.467,1.62218,1.62205,1.25,1
2014.09.08,00:16:04.467,1.62217,1.62205,1.19,1
2014.09.08,00:16:06.981,1.62218,1.62205,1.25,1
2014.09.08,00:16:07.968,1.62218,1.62205,1.19,1
2014.09.08,00:16:08.999,1.62217,1.62205,1.19,1.2
2014.09.08,00:16:10.097,1.62219,1.62205,1.69,1.07
2014.09.08,00:16:13.520,1.62218,1.62207,1.25,1
2014.09.08,00:16:13.571,1.62221,1.62208,1.76,1.01
2014.09.08,00:16:13.674,1.62221,1.62209,1.19,1.07
2014.09.08,00:16:14.181,1.62221,1.62209,1.19,2.32
2014.09.08,00:16:14.434,1.6222,1.62208,1.69,1.57
2014.09.08,00:16:14.536,1.62219,1.62206,1,1.84
2014.09.08,00:16:15.412,1.62219,1.62206,1.69,1.09
2014.09.08,00:16:17.548,1.62218,1.62206,1.25,1.76
2014.09.08,00:16:17.710,1.62218,1.62206,1.25,1.09
2014.09.08,00:16:17.761,1.62218,1.62206,1.25,1.76
2014.09.08,00:16:18.263,1.62218,1.62206,1.25,2.44
2014.09.08,00:16:19.545,1.62219,1.62207,1.19,1.5
2014.09.08,00:16:20.054,1.62219,1.62209,1.19,1.07
2014.09.08,00:16:21.156,1.62219,1.62207,1.19,1.5
2014.09.08,00:16:24.495,1.62218,1.62206,1.25,3.26
2014.09.08,00:16:24.849,1.62218,1.62206,1.25,4.76
2014.09.08,00:16:25.405,1.62218,1.62207,1.19,1.5
2014.09.08,00:16:26.408,1.62218,1.62207,1.25,1.5
2014.09.08,00:16:26.915,1.62218,1.62206,1.25,3.75
2014.09.08,00:16:27.430,1.62217,1.62206,1.19,3.75
2014.09.08,00:16:28.242,1.62217,1.62206,1.19,4.5
2014.09.08,00:16:29.218,1.62218,1.62206,1.25,4.69
2014.09.08,00:16:29.737,1.62218,1.62206,1.25,4.69
2014.09.08,00:16:31.577,1.62218,1.62207,1.25,1.07
2014.09.08,00:16:36.245,1.62219,1.62207,1.25,1.07
2014.09.08,00:16:36.905,1.62219,1.62206,1.25,1.65
2014.09.08,00:16:37.271,1.62218,1.62206,1.19,2.32
2014.09.08,00:16:37.779,1.62218,1.62206,1.19,2.4
2014.09.08,00:16:38.257,1.62219,1.62206,1.25,1.65
2014.09.08,00:16:39.262,1.62218,1.62206,1.19,2.4
2014.09.08,00:16:43.290,1.62217,1.62206,1.19,2.4
2014.09.08,00:16:45.219,1.62216,1.62206,1.25,3.07
2014.09.08,00:16:45.744,1.62218,1.62206,1.19,3.07
2014.09.08,00:16:46.589,1.62221,1.62206,1.69,3.64
2014.09.08,00:16:46.994,1.62221,1.62209,1,2.44
2014.09.08,00:16:47.298,1.62223,1.62214,1.19,1.5
2014.09.08,00:16:47.602,1.62222,1.62212,1.25,1.5
2014.09.08,00:16:48.206,1.62222,1.62212,1.69,1.5
2014.09.08,00:16:48.973,1.62222,1.62212,1.69,1.5
2014.09.08,00:16:49.484,1.62222,1.62211,3.19,1.5
2014.09.08,00:16:49.948,1.62222,1.62213,2.44,1.07
2014.09.08,00:16:50.253,1.62222,1.62215,1.19,1.07
2014.09.08,00:16:50.599,1.62225,1.62215,1,1.5
2014.09.08,00:16:50.702,1.62227,1.62219,1.5,1.07
2014.09.08,00:16:51.209,1.6223,1.6222,1.69,1.5
2014.09.08,00:16:51.516,1.6223,1.62219,1.25,1.5
2014.09.08,00:16:52.023,1.62232,1.62221,2.44,1.07
2014.09.08,00:16:52.429,1.62232,1.62219,1.69,1.5
2014.09.08,00:16:52.935,1.62232,1.62219,1.19,1.87
2014.09.08,00:16:53.139,1.62233,1.62221,2.44,1.07
2014.09.08,00:16:53.650,1.62233,1.62223,1.69,1.12
2014.09.08,00:16:53.701,1.62233,1.62223,1,1.87
2014.09.08,00:16:53.752,1.62235,1.62224,1,2.7
2014.09.08,00:16:53.854,1.62238,1.62225,1.69,1.97
2014.09.08,00:16:53.905,1.62239,1.62226,1.12,1.76
2014.09.08,00:16:53.956,1.62241,1.62228,2.25,2.44
2014.09.08,00:16:54.463,1.62241,1.62229,1.25,1.5
2014.09.08,00:16:55.070,1.62241,1.6223,1.25,1.07
2014.09.08,00:16:55.576,1.62241,1.62228,1.69,1.5
2014.09.08,00:16:56.119,1.62241,1.62228,1.69,1.97
2014.09.08,00:16:56.891,1.62241,1.62228,1.25,1.5
2014.09.08,00:16:57.459,1.6224,1.62228,1,1.5
2014.09.08,00:16:57.963,1.62241,1.6223,1.25,1.07
2014.09.08,00:16:58.318,1.62242,1.62228,1,1.01
2014.09.08,00:17:00.030,1.62242,1.62229,1,1.36
2014.09.08,00:17:00.384,1.62242,1.62231,1,1.3
2014.09.08,00:17:01.009,1.62242,1.6223,1,1.3
2014.09.08,00:17:01.674,1.62242,1.62229,1,1.69
2014.09.08,00:17:02.180,1.62242,1.62228,1,3.19
2014.09.08,00:17:04.386,1.62244,1.62228,1.25,4.69
2014.09.08,00:17:04.892,1.62244,1.62229,1.25,1.69
2014.09.08,00:17:07.055,1.62244,1.62229,1.19,2.44
2014.09.08,00:17:10.062,1.62244,1.6223,1,1.29
2014.09.08,00:17:11.073,1.62245,1.6223,1.26,1.01
2014.09.08,00:17:11.580,1.62243,1.6223,1,1.01
2014.09.08,00:17:13.058,1.62243,1.62229,1.01,1.29
2014.09.08,00:17:15.085,1.62243,1.6223,1,1.29
2014.09.08,00:17:16.097,1.62243,1.62228,1,3.26
2014.09.08,00:17:19.155,1.62243,1.62228,1.17,2.51
2014.09.08,00:17:20.066,1.62242,1.62229,1.1,1.19
2014.09.08,00:17:20.572,1.62244,1.62229,1.36,1.76
2014.09.08,00:17:25.968,1.62243,1.62229,1.32,1.69
2014.09.08,00:17:27.493,1.62242,1.62229,1,1.19
2014.09.08,00:17:28.196,1.62242,1.62227,1,2.59
2014.09.08,00:17:29.313,1.62242,1.62228,1.25,1.19
2014.09.08,00:17:43.623,1.62243,1.62228,1,1.84
2014.09.08,00:17:45.647,1.62243,1.62229,1.25,1.39
2014.09.08,00:17:58.776,1.62243,1.6223,1,1.19
2014.09.08,00:18:00.761,1.62243,1.6223,1,1.25
2014.09.08,00:18:10.625,1.62243,1.6223,1.17,1.25
2014.09.08,00:18:13.395,1.62243,1.6223,1,1.25
2014.09.08,00:18:14.223,1.62243,1.6223,1.07,1.25
2014.09.08,00:18:14.768,1.62243,1.6223,1.1,1.25
2014.09.08,00:18:17.817,1.62243,1.6223,1.17,1.25
2014.09.08,00:18:18.424,1.62244,1.6223,1.01,1.25
2014.09.08,00:18:19.307,1.62244,1.6223,1.09,1.25
2014.09.08,00:18:20.925,1.62244,1.6223,1.01,1.01
2014.09.08,00:18:22.750,1.62244,1.6223,1.09,1.25
2014.09.08,00:18:23.736,1.62244,1.6223,1.25,1.25
2014.09.08,00:18:26.747,1.62244,1.6223,1.32,1.25
2014.09.08,00:18:27.365,1.62244,1.6223,1.25,1.25
2014.09.08,00:18:28.761,1.62244,1.6223,1.09,1.25
2014.09.08,00:18:29.755,1.62244,1.6223,1.01,1.01
2014.09.08,00:18:31.269,1.62244,1.6223,1.09,1.25
2014.09.08,00:18:31.809,1.62244,1.6223,1.01,1.01
2014.09.08,00:18:42.872,1.62244,1.6223,1.19,1
2014.09.08,00:18:47.263,1.62245,1.6223,1.76,1.5
2014.09.08,00:18:47.364,1.62247,1.62231,3.26,1.65
2014.09.08,00:18:47.466,1.62245,1.6223,1.76,1.36
2014.09.08,00:18:47.770,1.62245,1.62231,1.01,1.29
2014.09.08,00:18:48.579,1.62245,1.6223,1.01,1.36
2014.09.08,00:18:49.600,1.62245,1.6223,1.29,1.09
2014.09.08,00:18:50.907,1.62245,1.6223,1.26,1.09
2014.09.08,00:18:51.444,1.62245,1.62229,1.29,1.76
2014.09.08,00:18:52.610,1.62245,1.62229,1.01,2.51
2014.09.08,00:18:53.612,1.62245,1.62231,1.29,1.29
2014.09.08,00:18:57.942,1.62246,1.62233,1.29,1
2014.09.08,00:18:57.994,1.62246,1.62234,1.19,1.07
2014.09.08,00:18:58.045,1.62248,1.62234,2.44,1.32
2014.09.08,00:18:58.603,1.62248,1.62235,1.19,1.07
2014.09.08,00:18:58.654,1.6225,1.62235,1.69,1.76
2014.09.08,00:18:58.857,1.62252,1.62238,1.69,1.29
2014.09.08,00:18:59.365,1.62253,1.62239,1.19,2.59
2014.09.08,00:18:59.866,1.62253,1.62239,1.29,2.59
2014.09.08,00:19:00.379,1.62254,1.62239,2.51,2.59
2014.09.08,00:19:01.211,1.62254,1.62239,2.44,3.26
2014.09.08,00:19:02.990,1.62254,1.62239,1.69,4.01
2014.09.08,00:19:06.054,1.62254,1.6224,1.25,1.36
2014.09.08,00:19:06.257,1.62256,1.62242,1.09,1.19
2014.09.08,00:19:06.781,1.62258,1.62242,1.19,2.59
2014.09.08,00:19:07.292,1.62259,1.62245,1.29,1.01
2014.09.08,00:19:13.306,1.62259,1.62245,1.26,1.19
2014.09.08,00:19:14.295,1.62259,1.62245,1.26,1
2014.09.08,00:19:18.102,1.62257,1.62242,2.59,1.26
2014.09.08,00:19:18.406,1.62254,1.62241,1.5,1.69
2014.09.08,00:19:18.947,1.62254,1.62241,1.07,1.69
2014.09.08,00:19:19.269,1.62254,1.6224,1.76,1.19
2014.09.08,00:19:20.221,1.62254,1.6224,1.76,1.25
2014.09.08,00:19:21.209,1.62254,1.6224,1.76,1.19
2014.09.08,00:19:26.244,1.62254,1.62238,2.89,2.51
2014.09.08,00:19:29.208,1.62252,1.62238,1.1,2.14
2014.09.08,00:19:30.076,1.62254,1.62238,2.14,2.14
2014.09.08,00:19:30.589,1.62252,1.62238,1,2.14
2014.09.08,00:19:31.214,1.62254,1.62238,1.76,2.51
2014.09.08,00:19:31.720,1.62254,1.62238,1.09,2.59
2014.09.08,00:19:32.226,1.62254,1.62238,1.09,2.59
2014.09.08,00:19:32.978,1.62254,1.62238,1.76,2.51
2014.09.08,00:19:33.585,1.62254,1.62238,1.09,2.59
2014.09.08,00:19:34.091,1.62254,1.62238,1.32,2.89
2014.09.08,00:19:34.593,1.62254,1.62238,1.76,2.89
2014.09.08,00:19:35.573,1.62254,1.62238,1.39,2.89
2014.09.08,00:19:36.972,1.62254,1.62238,1.46,2.89
2014.09.08,00:19:37.499,1.62254,1.62238,2.14,2.89
2014.09.08,00:19:38.057,1.62254,1.62238,2.21,2.96
2014.09.08,00:19:38.567,1.62254,1.62238,1.46,2.96
2014.09.08,00:19:39.233,1.62254,1.62238,2.21,2.96
2014.09.08,00:19:43.286,1.62254,1.62239,1.64,1.29
2014.09.08,00:19:44.270,1.62254,1.62238,2.89,2.51
2014.09.08,00:19:44.761,1.62255,1.62239,1.09,3.19
2014.09.08,00:19:45.271,1.62257,1.62242,1.84,1
2014.09.08,00:19:46.180,1.62258,1.62242,2.59,1.19
2014.09.08,00:19:47.609,1.62258,1.62243,1.19,1.3
2014.09.08,00:19:56.327,1.62258,1.62244,2.51,1.19
2014.09.08,00:19:58.731,1.62258,1.62244,2.44,1.25
2014.09.08,00:20:03.714,1.62258,1.62244,2.44,1.19
2014.09.08,00:20:05.045,1.62256,1.62243,1.5,1.19
2014.09.08,00:20:05.197,1.62258,1.62243,2.44,1.19
2014.09.08,00:20:05.713,1.62257,1.62242,1.01,2.44
2014.09.08,00:20:06.230,1.62258,1.62242,4.01,2.51
2014.09.08,00:20:07.817,1.62254,1.62242,1.25,1.01
2014.09.08,00:20:08.726,1.62254,1.62241,1.29,1
2014.09.08,00:20:09.030,1.62253,1.6224,1.32,1
2014.09.08,00:20:09.543,1.62253,1.62239,1.32,1.25
2014.09.08,00:20:10.049,1.62254,1.62239,2.89,1.25
2014.09.08,00:20:10.353,1.62251,1.62239,1.19,1
2014.09.08,00:20:11.367,1.62252,1.62239,1.01,1
2014.09.08,00:20:12.327,1.62252,1.62239,1.19,1
2014.09.08,00:20:15.324,1.62252,1.62238,1.66,1.1
2014.09.08,00:20:15.831,1.6225,1.62236,1.01,2.06
2014.09.08,00:20:16.752,1.6225,1.62236,1.84,2.06
2014.09.08,00:20:17.305,1.6225,1.62236,1.69,2.06
2014.09.08,00:20:17.964,1.6225,1.62235,2.51,2.81
2014.09.08,00:20:18.066,1.62248,1.62235,1.01,1.19
2014.09.08,00:20:18.269,1.62247,1.62234,1.76,1
2014.09.08,00:20:19.080,1.62246,1.62234,1.32,1
2014.09.08,00:20:19.333,1.62246,1.62232,1.32,1.25
2014.09.08,00:20:19.688,1.62242,1.62229,1.19,2.32
2014.09.08,00:20:19.994,1.6224,1.62226,1.36,1.19
2014.09.08,00:20:20.873,1.62239,1.62224,1.09,2.81
2014.09.08,00:20:21.857,1.62238,1.62224,1.25,2.81
2014.09.08,00:20:22.862,1.62238,1.62224,1.19,2.81
2014.09.08,00:20:24.914,1.62239,1.62224,1.39,2.81
2014.09.08,00:20:25.867,1.62238,1.62224,1.19,2.62
2014.09.08,00:20:26.874,1.62238,1.62224,1.25,2.81
2014.09.08,00:20:28.425,1.62239,1.62224,1.39,2.81
2014.09.08,00:20:28.931,1.62239,1.62224,1.39,2.81
2014.09.08,00:20:29.584,1.6224,1.62224,2.59,2.81
2014.09.08,00:20:33.878,1.62239,1.62224,1.32,2.81
2014.09.08,00:20:34.428,1.6224,1.62224,3.26,2.89
2014.09.08,00:20:35.818,1.62239,1.62224,1.22,2.81
2014.09.08,00:20:36.353,1.62239,1.62224,1.3,2.06
2014.09.08,00:20:37.809,1.6224,1.62224,4.01,2.89
2014.09.08,00:20:42.623,1.6224,1.62225,2.51,2.06
2014.09.08,00:20:42.725,1.6224,1.62225,1.76,1.84
2014.09.08,00:20:43.634,1.6224,1.62227,1.29,1.25
2014.09.08,00:20:44.631,1.6224,1.62227,1.25,1.69
2014.09.08,00:20:46.672,1.6224,1.62226,1.19,1.19
2014.09.08,00:20:47.655,1.62241,1.62226,1.39,1.25
2014.09.08,00:20:50.271,1.62241,1.62226,1.19,1.09
2014.09.08,00:20:50.778,1.6224,1.62226,1.19,3.19
2014.09.08,00:20:51.290,1.6224,1.62226,1.19,1.84
2014.09.08,00:20:51.799,1.6224,1.62226,1.19,2.51
2014.09.08,00:20:52.660,1.62241,1.62226,1.25,2.51
2014.09.08,00:20:52.968,1.62243,1.62228,1.69,1.29
2014.09.08,00:20:53.676,1.62244,1.6223,1.19,1.32
2014.09.08,00:20:53.980,1.62244,1.62229,1.19,1.36
2014.09.08,00:20:54.554,1.62245,1.6223,2.44,1.29
2014.09.08,00:20:56.563,1.62245,1.6223,1.5,1.34
2014.09.08,00:20:57.098,1.62247,1.62231,1.69,2.44
2014.09.08,00:20:57.726,1.62246,1.62231,1.01,1.36
2014.09.08,00:20:58.589,1.62246,1.62231,1.29,1.09
2014.09.08,00:21:01.607,1.62246,1.62231,1.29,1.84
2014.09.08,00:21:02.617,1.62246,1.62231,1.29,1.09
2014.09.08,00:21:04.617,1.62246,1.62231,1.29,1.84
2014.09.08,00:21:05.606,1.62246,1.62232,1.25,1.26
2014.09.08,00:21:06.619,1.62247,1.62231,1.29,1.76
2014.09.08,00:21:09.723,1.62246,1.62231,1.01,1.26
2014.09.08,00:21:11.647,1.62247,1.62232,1.84,1.19
2014.09.08,00:21:12.540,1.62247,1.62232,2.51,1.19
2014.09.08,00:21:13.073,1.62247,1.62232,1.19,1.76
2014.09.08,00:21:13.633,1.62247,1.62231,1.69,2.44
2014.09.08,00:21:14.139,1.62247,1.62232,1.69,1.01
2014.09.08,00:21:15.378,1.62247,1.62231,1.76,1.76
2014.09.08,00:21:17.755,1.62247,1.62232,1.29,1.36
2014.09.08,00:21:24.054,1.62245,1.62231,1.19,1.3
2014.09.08,00:21:24.104,1.62245,1.6223,1.19,1.34
2014.09.08,00:21:24.612,1.62241,1.62229,1.07,1.29
2014.09.08,00:21:24.916,1.62244,1.62229,1.26,1.29
2014.09.08,00:21:25.646,1.62243,1.62228,1.29,1.26
2014.09.08,00:21:29.749,1.62244,1.62228,1.76,1.32
2014.09.08,00:21:30.672,1.62244,1.62228,1.76,1.76
2014.09.08,00:21:33.632,1.62244,1.62229,1.69,1.26
2014.09.08,00:21:34.246,1.62244,1.62228,1.29,2.44
2014.09.08,00:21:54.426,1.62244,1.62228,1.39,1.26
2014.09.08,00:21:54.965,1.62243,1.6223,1.31,1
2014.09.08,00:21:55.476,1.62243,1.62229,1.01,1.01
2014.09.08,00:21:56.543,1.62243,1.62228,1.19,1.4
2014.09.08,00:21:57.055,1.62243,1.62228,1.19,1.01
2014.09.08,00:21:57.673,1.62243,1.62228,1.19,1.76
2014.09.08,00:21:58.196,1.62243,1.62228,1.19,1.09
2014.09.08,00:21:58.745,1.62243,1.62228,1.69,1.39
2014.09.08,00:22:01.043,1.62245,1.6223,2.59,1.19
2014.09.08,00:22:01.560,1.62246,1.62234,1,1
2014.09.08,00:22:01.874,1.6225,1.62236,1.69,1.69
2014.09.08,00:22:02.583,1.62251,1.62237,1.19,1.34
2014.09.08,00:22:03.659,1.62251,1.62237,1.19,1.4
2014.09.08,00:22:07.690,1.62252,1.62237,1.69,1.84
2014.09.08,00:22:08.614,1.62251,1.62237,1.25,1.25
2014.09.08,00:22:09.159,1.62252,1.62237,2.89,1.19
2014.09.08,00:22:12.705,1.62252,1.62237,1.76,1.25
2014.09.08,00:22:14.681,1.6225,1.62237,1.25,1.19
2014.09.08,00:22:17.316,1.62251,1.62236,2.21,1.76
2014.09.08,00:22:18.293,1.62251,1.62236,1.36,2.51
2014.09.08,00:22:19.624,1.62251,1.62236,1.1,2.59
2014.09.08,00:22:20.131,1.62253,1.62238,2.51,1.25
2014.09.08,00:22:20.915,1.62254,1.62238,1.76,1.69
2014.09.08,00:22:21.465,1.62253,1.62238,1.3,1.69
2014.09.08,00:22:21.981,1.62253,1.62238,1.01,1.69
2014.09.08,00:22:22.909,1.62253,1.62238,1.01,2.44
2014.09.08,00:22:26.604,1.62254,1.62238,3.26,2.51
2014.09.08,00:22:27.359,1.62253,1.62238,1.36,1.76
2014.09.08,00:22:29.360,1.62253,1.62238,1.26,1.69
2014.09.08,00:22:31.831,1.62252,1.62237,1.76,1.1
2014.09.08,00:22:32.141,1.62249,1.62237,1.29,1
2014.09.08,00:22:33.872,1.62247,1.62237,1.25,1
2014.09.08,00:22:35.044,1.62247,1.62235,1.25,1.01
2014.09.08,00:22:36.878,1.62247,1.62235,2.44,1.1
2014.09.08,00:22:37.694,1.62247,1.62235,2.44,1.07
2014.09.08,00:22:38.217,1.62247,1.62235,1.25,1.1
2014.09.08,00:22:39.858,1.62246,1.62235,1.19,1
2014.09.08,00:22:40.864,1.62246,1.62235,1.25,1
2014.09.08,00:22:41.883,1.62248,1.62235,2.44,1
2014.09.08,00:22:42.873,1.62247,1.62235,1.19,1
2014.09.08,00:22:46.914,1.62248,1.62235,1.29,1
2014.09.08,00:22:50.894,1.62247,1.62235,1.19,1.1
2014.09.08,00:22:55.622,1.62248,1.62235,2.51,1.25
2014.09.08,00:22:57.123,1.62249,1.62235,2.59,1
2014.09.08,00:22:59.449,1.62248,1.62236,1.01,1
2014.09.08,00:22:59.752,1.62252,1.6224,2.44,1.1
2014.09.08,00:23:00.107,1.62252,1.62237,1.76,2.25
2014.09.08,00:23:02.159,1.62249,1.62237,1.19,1.1
2014.09.08,00:23:05.117,1.62248,1.62237,1.19,1.1
2014.09.08,00:23:08.159,1.62247,1.62237,1.19,1
2014.09.08,00:23:10.127,1.62248,1.62237,1.19,1.1
2014.09.08,00:23:10.229,1.62251,1.62237,1.29,1.01
2014.09.08,00:23:10.331,1.62252,1.62237,1,1.15
2014.09.08,00:23:10.432,1.62252,1.62238,1.19,1.01
2014.09.08,00:23:10.949,1.62253,1.62238,1.69,1.29
2014.09.08,00:23:12.580,1.62253,1.62238,1.25,1.29
2014.09.08,00:23:13.453,1.62254,1.62238,1.76,1.76
2014.09.08,00:23:13.966,1.62254,1.62238,1.39,1.84
2014.09.08,00:23:14.512,1.62254,1.62238,1.76,1.76
2014.09.08,00:23:15.192,1.62254,1.62239,1.76,1.19
2014.09.08,00:23:16.162,1.62254,1.62238,1.76,2.51
2014.09.08,00:23:18.900,1.62254,1.62238,1.09,1.84
2014.09.08,00:23:19.356,1.62255,1.6224,1.26,1.69
2014.09.08,00:23:20.013,1.62256,1.6224,3.19,1.69
2014.09.08,00:23:21.027,1.62255,1.6224,1.01,1.69
2014.09.08,00:23:21.128,1.62255,1.6224,1.01,1.25
2014.09.08,00:23:21.826,1.62256,1.6224,3.94,1.25
2014.09.08,00:23:24.050,1.62255,1.6224,1.26,1.25
2014.09.08,00:23:24.565,1.62256,1.6224,3.94,1.25
2014.09.08,00:23:31.200,1.62254,1.6224,1.76,1.25
2014.09.08,00:23:31.715,1.62253,1.6224,1.07,1.25
2014.09.08,00:23:32.222,1.62254,1.6224,2.51,1.19
2014.09.08,00:23:33.155,1.62254,1.6224,2.51,1
2014.09.08,00:23:33.757,1.62254,1.6224,1.34,1
2014.09.08,00:23:34.274,1.62253,1.6224,1.3,1
2014.09.08,00:23:34.775,1.62254,1.6224,1.76,1
2014.09.08,00:23:35.283,1.62253,1.6224,1.01,1.25
2014.09.08,00:23:35.813,1.62254,1.6224,1.84,1.25
2014.09.08,00:23:37.448,1.62253,1.6224,1.01,1.25
2014.09.08,00:23:37.967,1.62254,1.6224,2.51,1.25
2014.09.08,00:23:43.275,1.62253,1.6224,1.76,1.25
2014.09.08,00:23:49.284,1.62254,1.6224,1.3,1.25
2014.09.08,00:23:52.407,1.62254,1.6224,1.5,1.19
2014.09.08,00:23:52.609,1.62255,1.6224,1.09,1.19
2014.09.08,00:23:52.712,1.62254,1.6224,1.07,1.19
2014.09.08,00:23:53.168,1.62255,1.62241,1.4,1.25
2014.09.08,00:23:53.675,1.62255,1.6224,1.76,1.69
2014.09.08,00:23:54.183,1.62255,1.6224,1.76,1.25
2014.09.08,00:23:54.690,1.62254,1.6224,1.97,1.25
2014.09.08,00:23:55.221,1.62254,1.62239,1.32,1.19
2014.09.08,00:23:57.412,1.62255,1.62239,1.36,1.19
2014.09.08,00:23:59.127,1.62255,1.62239,2.59,1.19
2014.09.08,00:24:01.857,1.62254,1.62238,1.29,4.01
2014.09.08,00:24:08.838,1.62255,1.62242,1.39,1.5
2014.09.08,00:24:09.041,1.62257,1.62243,1.5,1.39
2014.09.08,00:24:09.245,1.6226,1.62245,2.81,2.25
2014.09.08,00:24:09.346,1.6226,1.62245,1.19,1.15
2014.09.08,00:24:09.651,1.62262,1.62247,3.64,1
2014.09.08,00:24:09.702,1.62262,1.62247,2.44,1.5
2014.09.08,00:24:11.250,1.62262,1.62248,1.19,1.32
2014.09.08,00:24:12.689,1.62263,1.62248,2.06,1.32
2014.09.08,00:24:13.667,1.62263,1.62248,2.81,1.26
2014.09.08,00:24:15.647,1.62263,1.62248,2.06,1.26
2014.09.08,00:24:15.851,1.62262,1.62248,1.19,1.32
2014.09.08,00:24:18.892,1.62263,1.62248,1.31,1.32
2014.09.08,00:24:19.900,1.62263,1.62248,2.06,1.07
2014.09.08,00:24:20.918,1.62263,1.62247,2.14,3.64
2014.09.08,00:24:21.886,1.62263,1.62247,1.29,2.89
2014.09.08,00:24:22.402,1.62264,1.62249,2.51,1.07
2014.09.08,00:24:24.912,1.62264,1.62249,1.76,1.32
2014.09.08,00:24:25.114,1.62263,1.62249,1.19,1.57
2014.09.08,00:24:25.266,1.62263,1.62247,1.69,1.84
2014.09.08,00:24:26.108,1.62263,1.62247,1.69,2.59
2014.09.08,00:24:27.109,1.62262,1.62247,1.31,1.84
2014.09.08,00:24:28.727,1.62263,1.62248,1.19,1.66
2014.09.08,00:24:29.031,1.62264,1.6225,1.25,1.32
2014.09.08,00:24:29.335,1.62266,1.62252,2.44,1.5
2014.09.08,00:24:30.297,1.62267,1.62254,1.69,1.39
2014.09.08,00:24:30.348,1.62267,1.62255,1.69,1.32
2014.09.08,00:24:30.551,1.62269,1.62255,1.69,1.76
2014.09.08,00:24:30.601,1.62269,1.62255,2.44,1.32
2014.09.08,00:24:30.652,1.62267,1.62253,1.69,1.84
2014.09.08,00:24:30.956,1.62269,1.62254,1.69,2.51
2014.09.08,00:24:31.462,1.62269,1.62255,1.25,1.01
2014.09.08,00:24:31.513,1.62269,1.62255,1,1.76
2014.09.08,00:24:32.042,1.62271,1.62255,1.76,1.76
2014.09.08,00:24:32.548,1.62271,1.62256,1.5,1.29
2014.09.08,00:24:33.332,1.62271,1.62255,1.69,1.46
2014.09.08,00:24:33.639,1.62269,1.62256,1,1.22
2014.09.08,00:24:33.741,1.62271,1.62255,1.19,1.71
2014.09.08,00:24:33.843,1.62271,1.62257,1,2.21
2014.09.08,00:24:34.147,1.62273,1.6226,1,1.29
2014.09.08,00:24:34.351,1.62273,1.62258,1.19,2.51
2014.09.08,00:24:34.858,1.62272,1.62257,1.19,1.39
2014.09.08,00:24:35.414,1.62272,1.62256,1.69,1.4
2014.09.08,00:24:42.423,1.62271,1.62255,1.19,3.56
2014.09.08,00:24:43.442,1.62272,1.62256,2.81,1.34
2014.09.08,00:24:45.478,1.62272,1.62257,1.69,1.39
2014.09.08,00:24:46.432,1.62272,1.62256,1.19,3.26
2014.09.08,00:24:47.434,1.62273,1.62257,2.44,1.36
2014.09.08,00:24:53.370,1.6227,1.62256,1.19,2.14
2014.09.08,00:24:54.389,1.6227,1.62256,1.19,2.44
2014.09.08,00:24:54.998,1.62271,1.62257,1.19,1.3
2014.09.08,00:24:57.281,1.62271,1.62256,1.19,1.34
2014.09.08,00:24:58.480,1.62271,1.62256,1.19,1.76
2014.09.08,00:24:59.000,1.62272,1.62256,2.06,1.84
2014.09.08,00:24:59.872,1.62271,1.62256,1.19,2.44
2014.09.08,00:25:01.902,1.62272,1.62256,1.29,1.76
2014.09.08,00:25:02.915,1.62271,1.62256,1.19,1.76
2014.09.08,00:25:03.419,1.62271,1.62256,1.19,1.36
2014.09.08,00:25:03.934,1.62272,1.62256,1.69,1.84
2014.09.08,00:25:04.905,1.62272,1.62256,1.19,1.34
2014.09.08,00:25:10.705,1.62272,1.62256,1.76,1.29
2014.09.08,00:25:11.352,1.62272,1.62256,1.36,1.36
2014.09.08,00:25:17.916,1.62272,1.62256,2.59,1.25
2014.09.08,00:25:20.468,1.6227,1.62254,2.51,4.39
2014.09.08,00:25:21.552,1.6227,1.62254,1.84,2.96
2014.09.08,00:25:22.453,1.6227,1.62254,2.59,3.71
2014.09.08,00:25:24.437,1.6227,1.62256,1.39,1
2014.09.08,00:25:24.939,1.62271,1.62256,2.44,1.95
2014.09.08,00:25:25.453,1.62271,1.62257,1.69,1.39
2014.09.08,00:25:25.773,1.62271,1.62256,1.69,1.71
2014.09.08,00:25:26.788,1.6227,1.62256,1.19,1.32
2014.09.08,00:25:28.887,1.62266,1.62256,1.87,1.32
2014.09.08,00:25:29.393,1.62266,1.62254,1.87,3.64
2014.09.08,00:25:30.064,1.62266,1.62255,1.87,1.46
2014.09.08,00:25:34.057,1.62266,1.62254,1.87,2.96
2014.09.08,00:25:34.397,1.62264,1.62254,1.87,1.74
2014.09.08,00:25:34.701,1.62264,1.62255,1.87,1.32
2014.09.08,00:25:35.207,1.62264,1.62254,1.87,1.39
2014.09.08,00:25:43.733,1.62263,1.62252,1.12,1.15
2014.09.08,00:25:43.783,1.62263,1.62251,2.06,1.5
2014.09.08,00:25:43.834,1.62263,1.62251,1.31,1
2014.09.08,00:25:43.885,1.62263,1.62249,1.39,1.25
2014.09.08,00:25:44.088,1.6226,1.62248,1.87,1.19
2014.09.08,00:25:44.240,1.6226,1.62245,2.06,2.89
2014.09.08,00:25:44.493,1.62255,1.62243,1,1.19
2014.09.08,00:25:44.595,1.62255,1.62241,3.56,1.25
2014.09.08,00:25:45.051,1.6225,1.62238,1.87,1.76
2014.09.08,00:25:45.153,1.6225,1.62238,2.06,1.01
2014.09.08,00:25:46.415,1.6225,1.62237,1.87,1.76
2014.09.08,00:25:48.491,1.6225,1.62236,2.06,1.26
2014.09.08,00:25:55.615,1.6225,1.62235,1.87,4.39
2014.09.08,00:25:58.807,1.62252,1.62235,3.64,4.39
2014.09.08,00:25:59.454,1.62252,1.62236,2.89,1.26
2014.09.08,00:25:59.983,1.6225,1.62236,2.06,1.26
2014.09.08,00:26:07.374,1.62252,1.62236,1.26,1.26
2014.09.08,00:26:12.788,1.62252,1.62236,1.19,1.94
2014.09.08,00:26:14.286,1.62252,1.62236,1.29,2.14
2014.09.08,00:26:22.297,1.62253,1.62236,2.96,1.01
2014.09.08,00:26:22.839,1.62253,1.62235,3.64,3.64
2014.09.08,00:26:26.111,1.62253,1.62235,2.96,3.64
2014.09.08,00:26:26.315,1.62251,1.62236,1.19,1.01
2014.09.08,00:26:28.447,1.62251,1.62235,1.19,3.71
2014.09.08,00:26:29.515,1.62251,1.62236,1.19,1.26
2014.09.08,00:26:30.337,1.62252,1.62236,1.29,1.3
2014.09.08,00:26:31.346,1.62252,1.62235,1.26,4.31
2014.09.08,00:26:34.345,1.62252,1.62236,1.26,1.26
2014.09.08,00:26:40.316,1.62253,1.62235,4.01,4.01
2014.09.08,00:26:44.368,1.62252,1.62236,1.29,1.29
2014.09.08,00:27:05.501,1.62252,1.62236,1.19,1.36
2014.09.08,00:27:06.497,1.62252,1.62236,1.84,1.84
2014.09.08,00:27:11.609,1.62251,1.62237,1.01,1.29
2014.09.08,00:27:12.524,1.62251,1.62235,1.01,2.89
2014.09.08,00:27:12.831,1.62251,1.62235,2.14,2.89
2014.09.08,00:27:31.577,1.62251,1.62235,1.31,1.76
2014.09.08,00:27:32.619,1.62251,1.62235,1.31,1.36
2014.09.08,00:27:33.124,1.62247,1.62235,1.07,1.19
2014.09.08,00:27:33.630,1.62247,1.62235,1.5,1.19
2014.09.08,00:27:34.336,1.62247,1.62235,1.97,1.25
2014.09.08,00:27:36.350,1.62247,1.62235,1.5,1.19
2014.09.08,00:27:37.424,1.62247,1.62235,1.07,1.19
2014.09.08,00:27:38.343,1.62247,1.62235,1.07,1.25
2014.09.08,00:27:40.348,1.62247,1.62235,1.07,1.19
2014.09.08,00:27:45.709,1.62247,1.62233,1.07,2.81
2014.09.08,00:27:47.143,1.62246,1.62232,1.07,1.69
2014.09.08,00:27:47.194,1.62244,1.62231,1.1,2.25
2014.09.08,00:27:47.245,1.62239,1.6223,1.07,2.25
2014.09.08,00:27:47.753,1.62238,1.62227,1.5,2.44
2014.09.08,00:27:48.614,1.62238,1.62226,1.5,2.44
2014.09.08,00:27:49.793,1.62237,1.62224,1.07,2.81
2014.09.08,00:27:54.265,1.62237,1.62224,1.5,2.81
2014.09.08,00:27:55.025,1.62237,1.62224,1.97,2.06
2014.09.08,00:27:58.361,1.62238,1.62224,1.69,2.06
2014.09.08,00:27:59.087,1.62237,1.62224,1.69,2.06
2014.09.08,00:28:09.343,1.62237,1.62224,1.01,1
2014.09.08,00:28:09.394,1.62236,1.62223,1.97,1.5
2014.09.08,00:28:09.699,1.62231,1.62221,1.69,1
2014.09.08,00:28:09.801,1.6223,1.62218,1.5,1.31
2014.09.08,00:28:11.227,1.62231,1.62218,1.97,1
2014.09.08,00:28:13.516,1.6223,1.62218,1.97,1
2014.09.08,00:28:14.070,1.6223,1.62218,1.3,1
2014.09.08,00:28:15.243,1.62231,1.62218,1.97,1.19
2014.09.08,00:28:17.353,1.6223,1.62218,1.3,1.25
2014.09.08,00:28:24.389,1.62231,1.62218,1.97,1.19
2014.09.08,00:28:26.373,1.62231,1.62218,1.97,1
2014.09.08,00:28:28.568,1.62231,1.62218,1.97,1.19
2014.09.08,00:28:29.598,1.6223,1.62218,1.3,1.25
2014.09.08,00:28:34.421,1.62231,1.62218,1.97,1.19
2014.09.08,00:28:35.390,1.6223,1.62218,1.3,1.25
2014.09.08,00:28:36.789,1.62231,1.62218,1.97,1.69
2014.09.08,00:28:37.829,1.62231,1.62218,1.5,1.25
2014.09.08,00:28:39.796,1.62231,1.62218,1.97,1.19
2014.09.08,00:28:41.243,1.62232,1.62218,2.06,1.19
2014.09.08,00:28:48.117,1.62232,1.62218,1.5,1.69
2014.09.08,00:28:48.628,1.62233,1.62218,1.5,2.44
2014.09.08,00:28:55.210,1.62231,1.62218,1.07,1.69
2014.09.08,00:28:55.521,1.62233,1.62218,1.69,1.69
2014.09.08,00:28:55.986,1.62231,1.62218,1.07,1.69
2014.09.08,00:28:56.503,1.62233,1.62219,1.97,1.19
2014.09.08,00:29:01.591,1.62233,1.6222,1.5,1.19
2014.09.08,00:29:01.693,1.62233,1.62218,1.5,1.19
2014.09.08,00:29:02.661,1.62233,1.62219,1.3,1.19
2014.09.08,00:29:03.729,1.62234,1.62222,2.44,1
2014.09.08,00:29:03.883,1.62236,1.62223,1.76,1.25
2014.09.08,00:29:04.389,1.62237,1.62223,1.76,1.25
2014.09.08,00:29:04.757,1.62237,1.62223,1.3,2.81
2014.09.08,00:29:05.778,1.62238,1.62223,2.06,2.06
2014.09.08,00:29:07.801,1.62238,1.62224,2.06,1.19
2014.09.08,00:29:09.799,1.62237,1.62223,2.51,1.87
2014.09.08,00:29:09.951,1.62235,1.6222,1.4,1.69
2014.09.08,00:29:10.002,1.62235,1.6222,3.26,1
2014.09.08,00:29:10.508,1.62233,1.62219,1.3,1.19
2014.09.08,00:29:10.977,1.62233,1.62219,1.76,1.25
2014.09.08,00:29:14.619,1.62231,1.62217,1.29,2.44
2014.09.08,00:29:14.721,1.6223,1.62216,1.3,2.06
2014.09.08,00:29:15.126,1.62229,1.62215,1.36,2.06
2014.09.08,00:29:15.581,1.62231,1.62215,1.76,1.76
2014.09.08,00:29:15.938,1.62232,1.62217,1.36,1.25
2014.09.08,00:29:16.242,1.62231,1.62217,1.32,1.25
2014.09.08,00:29:18.588,1.62229,1.62217,1.39,1
2014.09.08,00:29:19.612,1.6223,1.62217,1.34,1
2014.09.08,00:29:21.593,1.62229,1.62217,1.39,1
2014.09.08,00:29:22.050,1.62229,1.62219,1.39,1
2014.09.08,00:29:22.102,1.6223,1.62219,1.26,1
2014.09.08,00:29:22.204,1.6223,1.62217,1.29,1.25
2014.09.08,00:29:22.710,1.6223,1.62217,1.76,1.25
2014.09.08,00:29:23.448,1.6223,1.62217,1.36,1.25
2014.09.08,00:29:25.621,1.62231,1.62217,1.01,1.19
2014.09.08,00:29:26.640,1.6223,1.62217,1.32,1.19
2014.09.08,00:29:26.843,1.62232,1.62217,2.81,1.19
2014.09.08,00:29:27.045,1.6223,1.62217,1.3,1.19
2014.09.08,00:29:33.455,1.62232,1.62217,2.14,1.19
2014.09.08,00:29:40.579,1.62231,1.62217,1.26,1.19
2014.09.08,00:29:42.662,1.62232,1.62217,1.3,1.19
2014.09.08,00:29:44.485,1.62233,1.62217,3.19,1.19
2014.09.08,00:29:45.372,1.62232,1.62217,1.32,1.19
2014.09.08,00:29:49.261,1.62231,1.62217,1.26,1.19
2014.09.08,00:29:50.160,1.62232,1.62216,3.19,1.76
2014.09.08,00:29:50.796,1.62232,1.62216,1.76,1.29
2014.09.08,00:29:51.509,1.62231,1.62216,1.32,1.19
2014.09.08,00:29:52.053,1.62232,1.62216,1.76,1.76
2014.09.08,00:29:52.656,1.62232,1.62216,1.76,1.69
2014.09.08,00:29:52.973,1.62232,1.62216,1.09,1.69
2014.09.08,00:29:55.168,1.62232,1.62216,1.76,1.69
2014.09.08,00:29:55.371,1.62232,1.62216,1.4,1.69
2014.09.08,00:29:59.622,1.62232,1.62216,1.84,1.19
2014.09.08,00:30:01.894,1.62232,1.62215,1.36,4.39
2014.09.08,00:30:02.936,1.62231,1.62215,1.29,4.39
2014.09.08,00:30:03.895,1.62231,1.62215,1.29,3.64
2014.09.08,00:30:04.402,1.62231,1.62218,1.29,1
2014.09.08,00:30:07.943,1.6223,1.62218,1.19,1
2014.09.08,00:30:08.937,1.6223,1.62218,1.19,1
2014.09.08,00:30:09.536,1.62228,1.62218,1.25,1
2014.09.08,00:30:12.915,1.62227,1.62218,1.25,1
2014.09.08,00:30:15.920,1.62229,1.62218,1.69,1
2014.09.08,00:30:19.976,1.62227,1.62218,1.19,1
2014.09.08,00:30:21.854,1.62228,1.62218,1.01,1
2014.09.08,00:30:22.878,1.62227,1.62218,1.19,1
2014.09.08,00:30:23.851,1.62227,1.62218,1.25,1
2014.09.08,00:30:30.966,1.6223,1.62218,1.2,1
2014.09.08,00:30:31.119,1.62233,1.62219,1.07,1.32
2014.09.08,00:30:31.171,1.62234,1.6222,1.25,1.09
2014.09.08,00:30:31.222,1.62234,1.6222,1.25,2.14
2014.09.08,00:30:31.273,1.62236,1.62221,3.26,1.36
2014.09.08,00:30:31.375,1.62236,1.62222,1.39,1.01
2014.09.08,00:30:31.679,1.62238,1.62222,1.84,3.34
2014.09.08,00:30:32.388,1.62239,1.62224,1.09,1.39
2014.09.08,00:30:32.894,1.6224,1.62225,1.36,1.01
2014.09.08,00:30:33.414,1.6224,1.62225,1.36,1.39
2014.09.08,00:30:34.339,1.6224,1.62225,1.69,2.06
2014.09.08,00:30:36.336,1.6224,1.62225,1.39,2.06
2014.09.08,00:30:36.793,1.62238,1.62225,1.25,1.12
2014.09.08,00:30:38.017,1.62236,1.62224,1.25,3.64
2014.09.08,00:30:46.409,1.62235,1.62224,1.25,3.75
2014.09.08,00:30:48.412,1.62235,1.62224,1.19,3.75
2014.09.08,00:30:48.616,1.62237,1.62224,1.19,3.94
2014.09.08,00:30:49.128,1.62237,1.62226,1.19,1
2014.09.08,00:30:49.636,1.62238,1.62226,1.29,1
2014.09.08,00:30:50.273,1.62238,1.62224,1.29,3.82
2014.09.08,00:30:51.573,1.62238,1.62224,1.76,2.7
2014.09.08,00:30:51.624,1.62235,1.62224,1.25,2.32
2014.09.08,00:30:52.648,1.62234,1.62224,1.25,1.5
2014.09.08,00:30:54.632,1.62233,1.62224,1.19,1
2014.09.08,00:30:54.939,1.62233,1.62222,1.19,1
2014.09.08,00:30:55.648,1.62234,1.62222,1.29,1
2014.09.08,00:30:58.082,1.62235,1.62222,1.19,1.07
2014.09.08,00:30:58.604,1.62235,1.62222,1.19,1.1
2014.09.08,00:30:59.652,1.62237,1.62222,1.26,1.1
2014.09.08,00:31:00.159,1.62237,1.62222,1.29,1.46
2014.09.08,00:31:02.645,1.62238,1.62224,1.69,1
2014.09.08,00:31:03.000,1.6224,1.62224,1.39,1.39
2014.09.08,00:31:03.521,1.6224,1.62225,1.76,1.12
2014.09.08,00:31:04.051,1.62239,1.62226,1.19,1.5
2014.09.08,00:31:04.900,1.62239,1.62226,1.29,1.69
2014.09.08,00:31:06.895,1.6224,1.62226,1.31,1.69
2014.09.08,00:31:11.200,1.62238,1.62226,2.44,1.5
2014.09.08,00:31:11.403,1.62236,1.62223,1.76,1.25
2014.09.08,00:31:11.910,1.62235,1.62223,1.76,1
2014.09.08,00:31:12.216,1.62233,1.62221,1.29,1.5
2014.09.08,00:31:13.985,1.62233,1.62221,1.26,1.5
2014.09.08,00:31:15.016,1.62233,1.62221,1.26,1.5
2014.09.08,00:31:16.211,1.62234,1.62221,1.4,1.5
2014.09.08,00:31:16.715,1.62234,1.62222,1.09,1
2014.09.08,00:31:17.499,1.62235,1.62222,1.84,1
2014.09.08,00:31:19.002,1.62235,1.62222,1.69,1.32
2014.09.08,00:31:19.206,1.62237,1.62223,1.19,1.26
2014.09.08,00:31:19.713,1.62237,1.62224,1.19,1.76
2014.09.08,00:31:20.121,1.6224,1.62224,4.39,1.76
2014.09.08,00:31:23.216,1.6224,1.62225,2.81,1.46
2014.09.08,00:31:25.317,1.6224,1.62224,2.81,2.81
2014.09.08,00:31:28.970,1.62239,1.62224,1.19,2.81
2014.09.08,00:31:29.478,1.62239,1.62225,1.19,1.39
2014.09.08,00:31:29.630,1.62237,1.62224,1.19,1.46
2014.09.08,00:31:35.933,1.62237,1.62226,1.19,1.07
2014.09.08,00:31:36.440,1.62237,1.62226,1.19,1.57
2014.09.08,00:31:38.573,1.62238,1.62225,1.25,1.17
2014.09.08,00:31:39.749,1.62239,1.62226,1.19,1.07
2014.09.08,00:31:40.749,1.62239,1.62225,1.19,1.57
2014.09.08,00:31:42.466,1.62239,1.62226,1.19,1.07
2014.09.08,00:31:45.560,1.62238,1.62226,1.19,1.07
2014.09.08,00:31:46.468,1.62238,1.62225,1.19,1.76
2014.09.08,00:31:46.969,1.62239,1.62225,1.19,1.07
2014.09.08,00:31:47.566,1.62238,1.62225,1.19,1.07
2014.09.08,00:31:49.462,1.62238,1.62225,1.69,1
2014.09.08,00:31:53.602,1.62237,1.62225,1.19,1
2014.09.08,00:31:54.634,1.62236,1.62225,1.19,1
2014.09.08,00:31:56.627,1.62237,1.62225,1.19,1
2014.09.08,00:32:01.639,1.62238,1.62225,1.19,1
2014.09.08,00:32:02.302,1.62238,1.62225,1.19,1.15
2014.09.08,00:32:03.411,1.62239,1.62225,1.19,1.36
2014.09.08,00:32:03.920,1.6224,1.62225,1.19,1.39
2014.09.08,00:32:04.326,1.62242,1.62227,1,1.66
2014.09.08,00:32:04.478,1.62244,1.62231,1,1.74
2014.09.08,00:32:04.529,1.62246,1.62233,1,1.56
2014.09.08,00:32:04.630,1.62248,1.62233,1.25,3.56
2014.09.08,00:32:05.086,1.62244,1.62233,1,2.81
2014.09.08,00:32:05.238,1.62243,1.62232,1.25,1.5
2014.09.08,00:32:05.340,1.62243,1.6223,1.84,1
2014.09.08,00:32:05.543,1.62241,1.6223,1.19,1
2014.09.08,00:32:05.746,1.62239,1.62226,1.69,1.01
2014.09.08,00:32:06.422,1.62239,1.62226,1.69,1.32
2014.09.08,00:32:06.964,1.62239,1.62226,1.69,1.07
2014.09.08,00:32:08.395,1.62238,1.62225,1.19,1.76
2014.09.08,00:32:09.593,1.62238,1.62225,1.19,1.09
2014.09.08,00:32:10.101,1.62237,1.62225,1.39,1
2014.09.08,00:32:10.612,1.62237,1.62224,1.39,1.25
2014.09.08,00:32:11.537,1.62236,1.62224,1.29,1
2014.09.08,00:32:12.044,1.62234,1.62221,1.19,1.76
2014.09.08,00:32:12.818,1.62234,1.62222,1.29,1
2014.09.08,00:32:13.325,1.62234,1.62221,3.26,1
2014.09.08,00:32:13.477,1.62234,1.62219,3.26,1.5
2014.09.08,00:32:14.034,1.62234,1.6222,2.59,1
2014.09.08,00:32:15.097,1.62234,1.62221,1.29,1.5
2014.09.08,00:32:17.409,1.62234,1.6222,1.26,1.25
2014.09.08,00:32:17.664,1.62231,1.62217,1.19,3.26
2014.09.08,00:32:17.767,1.62231,1.62217,1.19,2.44
2014.09.08,00:32:18.698,1.62231,1.62216,2.21,1.01
2014.09.08,00:32:19.205,1.62231,1.62216,2.14,1.25
2014.09.08,00:32:19.711,1.62231,1.62216,1.46,1.25
2014.09.08,00:32:20.914,1.62231,1.62216,2.14,1.25
2014.09.08,00:32:21.462,1.62231,1.62216,1.46,1.01
2014.09.08,00:32:21.969,1.62231,1.62217,1.46,1
2014.09.08,00:32:22.672,1.6223,1.62217,1.29,1
2014.09.08,00:32:23.178,1.6223,1.62216,1.29,1.76
2014.09.08,00:32:34.035,1.62229,1.62216,1.29,1
2014.09.08,00:32:36.020,1.62229,1.62216,1.29,1
2014.09.08,00:32:39.020,1.62228,1.62216,1.19,1
2014.09.08,00:32:40.042,1.62228,1.62216,1.19,1
2014.09.08,00:32:42.056,1.6223,1.62216,1.26,1.25
2014.09.08,00:32:46.806,1.6223,1.62217,3.19,1
2014.09.08,00:32:50.544,1.62231,1.62217,1.5,1.07
2014.09.08,00:32:50.849,1.62248,1.62236,1,1.19
2014.09.08,00:32:51.153,1.62249,1.6224,1,1.19
2014.09.08,00:32:51.254,1.62251,1.6224,1,1.19
2014.09.08,00:32:51.305,1.62254,1.6224,2.59,1.19
2014.09.08,00:32:51.356,1.62254,1.62242,1.5,1.19
2014.09.08,00:32:51.458,1.62256,1.62242,1.25,1.19
2014.09.08,00:32:52.655,1.62259,1.62244,1.29,1.69
2014.09.08,00:32:53.485,1.62259,1.62245,1.29,1
2014.09.08,00:32:53.689,1.6226,1.62246,1.25,2.89
2014.09.08,00:32:54.195,1.62259,1.62247,1,1.57
2014.09.08,00:32:54.701,1.6226,1.62247,1.25,1.57
2014.09.08,00:32:55.472,1.6226,1.62247,1.69,1.57
2014.09.08,00:32:55.979,1.62259,1.62246,1.29,1.25
2014.09.08,00:32:56.487,1.62257,1.62246,1.25,1
2014.09.08,00:32:56.996,1.62256,1.62246,1,1
2014.09.08,00:33:02.352,1.62257,1.62246,1.25,1
2014.09.08,00:33:03.333,1.62257,1.62244,1,1.76
2014.09.08,00:33:06.347,1.62258,1.62244,1.25,1.32
2014.09.08,00:33:07.986,1.62258,1.62244,1.19,1.64
2014.09.08,00:33:09.348,1.62258,1.62246,1.19,1
2014.09.08,00:33:09.854,1.62258,1.62243,2.89,2.44
2014.09.08,00:33:10.613,1.62258,1.62241,1.76,5.89
2014.09.08,00:33:12.612,1.62257,1.62241,1.29,5.51
2014.09.08,00:33:15.091,1.62257,1.62242,1.19,1.26
2014.09.08,00:33:15.639,1.62257,1.62241,1.19,4.84
2014.09.08,00:33:16.421,1.62257,1.62244,1.19,1
2014.09.08,00:33:16.929,1.62256,1.62244,1.25,2.44
2014.09.08,00:33:32.166,1.62256,1.62245,1.25,1
2014.09.08,00:33:32.946,1.62257,1.62244,1.76,2.44
2014.09.08,00:33:33.666,1.62257,1.62245,1.29,1
2014.09.08,00:33:37.336,1.62257,1.62249,1.29,1
2014.09.08,00:33:37.640,1.62257,1.62254,1,1.37
2014.09.08,00:33:37.691,1.62261,1.62254,1,1.37
2014.09.08,00:33:37.742,1.62266,1.62254,1.5,1.95
2014.09.08,00:33:37.894,1.62269,1.62255,2.51,1.39
2014.09.08,00:33:38.198,1.62272,1.62257,2.14,1.29
2014.09.08,00:33:38.502,1.62271,1.62256,1.36,2.51
2014.09.08,00:33:39.083,1.62271,1.62258,1.69,1
2014.09.08,00:33:39.699,1.62271,1.62258,1.19,1.25
2014.09.08,00:33:44.191,1.6227,1.62257,1.29,1.25
2014.09.08,00:33:45.199,1.6227,1.62256,1.01,1.76
2014.09.08,00:33:47.034,1.62269,1.62256,1,1.76
2014.09.08,00:33:49.821,1.62271,1.62256,4.01,1.19
2014.09.08,00:33:52.535,1.6227,1.62261,1.17,1
2014.09.08,00:33:52.688,1.62274,1.62262,1.5,2.04
2014.09.08,00:33:53.195,1.62277,1.62262,1.84,1.94
2014.09.08,00:33:53.711,1.62277,1.62263,1.09,1.69
2014.09.08,00:33:56.726,1.62277,1.62264,1.39,1.31
2014.09.08,00:33:57.697,1.62277,1.62265,1.19,1
2014.09.08,00:33:58.607,1.62277,1.62265,1,1.31
2014.09.08,00:33:59.624,1.62277,1.62265,1,1.31
2014.09.08,00:34:00.373,1.62279,1.62265,1.76,1.39
2014.09.08,00:34:01.614,1.62279,1.62265,1.76,1.39
2014.09.08,00:34:01.999,1.62279,1.62264,2.89,1.19
2014.09.08,00:34:03.334,1.62277,1.62261,1.66,4.01
2014.09.08,00:34:03.435,1.62274,1.6226,2.06,1.2
2014.09.08,00:34:03.587,1.62273,1.62257,1.39,1.69
2014.09.08,00:34:03.942,1.62271,1.62255,1.84,1.19
2014.09.08,00:34:04.347,1.6227,1.62254,3.26,1.76
2014.09.08,00:34:04.701,1.62268,1.62254,1.76,1.25
2014.09.08,00:34:05.758,1.62267,1.62253,1.84,1.25
2014.09.08,00:34:07.017,1.62267,1.62261,1.65,1
2014.09.08,00:34:07.220,1.62273,1.62269,1,2.5
2014.09.08,00:34:07.321,1.62281,1.62273,1,1.87
2014.09.08,00:34:07.373,1.62285,1.62273,1.57,2.81
2014.09.08,00:34:07.424,1.62286,1.62273,2.32,2.81
2014.09.08,00:34:07.476,1.62286,1.62276,2.32,1.19
2014.09.08,00:34:07.578,1.62289,1.62276,1.2,1.19
2014.09.08,00:34:08.085,1.62291,1.62276,2.59,1.19
2014.09.08,00:34:08.618,1.62289,1.62276,1.2,1.19
2014.09.08,00:34:08.976,1.62289,1.62274,1.09,1.56
2014.09.08,00:34:09.973,1.62289,1.62274,1.2,2.06
2014.09.08,00:34:10.970,1.62289,1.62274,1.39,2.06
2014.09.08,00:34:12.942,1.62289,1.62276,1.09,1.19
2014.09.08,00:34:13.096,1.62284,1.62276,1,1
2014.09.08,00:34:13.147,1.62284,1.62274,1.25,1
2014.09.08,00:34:13.350,1.62284,1.62271,2.89,1
2014.09.08,00:34:13.808,1.62282,1.62268,1.87,1.69
2014.09.08,00:34:15.419,1.62284,1.62268,4.01,2.44
2014.09.08,00:34:15.774,1.62285,1.6227,1.17,1.19
2014.09.08,00:34:16.078,1.62284,1.6227,1.22,1.69
2014.09.08,00:34:16.129,1.62285,1.6227,1.26,1.76
2014.09.08,00:34:16.642,1.62285,1.6227,1.76,1.69
2014.09.08,00:34:18.771,1.62285,1.6227,2.44,1.25
2014.09.08,00:34:19.381,1.62284,1.6227,1.3,1.25
2014.09.08,00:34:20.798,1.62284,1.6227,1.01,1.19
2014.09.08,00:34:21.762,1.62284,1.62272,1.01,1
2014.09.08,00:34:21.914,1.62284,1.6227,1.39,1.69
2014.09.08,00:34:22.835,1.62285,1.6227,2.51,1.69
2014.09.08,00:34:23.847,1.62285,1.6227,1.76,2.44
2014.09.08,00:34:24.566,1.62284,1.6227,1.25,1.69
2014.09.08,00:34:24.820,1.62284,1.6227,1.25,1.25
2014.09.08,00:34:25.846,1.62281,1.62268,1,1.32
2014.09.08,00:34:26.352,1.62281,1.62267,1.5,1.19
2014.09.08,00:34:27.927,1.6228,1.62265,1.39,1.19
2014.09.08,00:34:28.332,1.62278,1.62263,2.81,2.51
2014.09.08,00:34:28.637,1.62275,1.6226,3,2.44
2014.09.08,00:34:28.790,1.62275,1.6226,1.65,1.19
2014.09.08,00:34:28.841,1.62273,1.62259,1.22,1.19
2014.09.08,00:34:29.348,1.62272,1.62259,1.2,1.19
2014.09.08,00:34:29.955,1.62275,1.62259,3.64,1.19
2014.09.08,00:34:34.829,1.62274,1.62258,1.36,1.84
2014.09.08,00:34:35.861,1.62275,1.62259,2.51,1.29
2014.09.08,00:34:36.583,1.62275,1.6226,1.95,1.69
2014.09.08,00:34:36.836,1.62275,1.62259,1.76,1.76
2014.09.08,00:34:37.701,1.62276,1.62259,4.09,1.39
2014.09.08,00:34:38.643,1.62276,1.6226,5.06,1.19
2014.09.08,00:34:41.192,1.62276,1.62263,2.06,1
2014.09.08,00:34:41.293,1.62278,1.62263,2.51,1.07
2014.09.08,00:34:41.445,1.62279,1.62265,1.25,1.19
2014.09.08,00:34:41.750,1.62281,1.62267,1.09,1.19
2014.09.08,00:34:47.365,1.62282,1.62265,5.14,2.51
2014.09.08,00:34:48.409,1.6228,1.62265,1.2,3.26
2014.09.08,00:34:50.572,1.6228,1.62265,1.01,2.51
2014.09.08,00:34:51.408,1.6228,1.62266,1.01,1.29
2014.09.08,00:34:53.133,1.62278,1.62266,1,1.29
2014.09.08,00:34:53.644,1.6228,1.62265,1.29,2.89
2014.09.08,00:34:54.320,1.6228,1.62267,1.2,1.19
2014.09.08,00:34:55.306,1.6228,1.62266,1.2,1.29
2014.09.08,00:34:57.294,1.6228,1.62267,1.2,1.19
2014.09.08,00:34:57.744,1.62282,1.62268,1.31,1.31
2014.09.08,00:34:58.279,1.62281,1.62268,1,1.31
2014.09.08,00:34:59.983,1.62281,1.62268,1.37,1.29
2014.09.08,00:35:00.641,1.62281,1.62266,1.37,3.26
2014.09.08,00:35:01.204,1.62283,1.62267,2.21,1.36
2014.09.08,00:35:01.734,1.62283,1.62267,2.21,1.84
2014.09.08,00:35:03.604,1.62283,1.62268,1.56,1.76
2014.09.08,00:35:04.636,1.6228,1.62268,1.37,1.29
2014.09.08,00:35:05.143,1.6228,1.62267,1.37,1.69
2014.09.08,00:35:05.194,1.6228,1.62267,1.37,1.69
2014.09.08,00:35:05.651,1.6228,1.62266,1.37,1.39
2014.09.08,00:35:06.160,1.62279,1.62266,1.37,1.39
2014.09.08,00:35:07.635,1.62279,1.62266,1.37,1.84
2014.09.08,00:35:11.622,1.62281,1.62266,1.67,1.19
2014.09.08,00:35:11.919,1.62281,1.62269,1.67,1
2014.09.08,00:35:12.684,1.62281,1.62269,1.39,1
2014.09.08,00:35:13.964,1.62282,1.62271,1.71,1
2014.09.08,00:35:14.217,1.62286,1.62276,1.95,1
2014.09.08,00:35:14.420,1.62289,1.62277,1.17,1
2014.09.08,00:35:14.573,1.62291,1.62277,1.36,1.69
2014.09.08,00:35:15.015,1.6229,1.62277,1.22,1.69
2014.09.08,00:35:15.833,1.6229,1.62277,1.3,1.5
2014.09.08,00:35:18.701,1.6229,1.62277,1.67,1.5
2014.09.08,00:35:21.036,1.62291,1.62274,3.64,1.26
2014.09.08,00:35:21.859,1.6229,1.62275,1.45,1.19
2014.09.08,00:35:23.824,1.6229,1.62277,1.07,1.25
2014.09.08,00:35:23.875,1.62293,1.6228,1,1.46
2014.09.08,00:35:23.978,1.62295,1.62285,1.37,1.25
2014.09.08,00:35:24.029,1.62296,1.62285,1.1,1.69
2014.09.08,00:35:24.080,1.62295,1.62285,1,1.69
2014.09.08,00:35:24.385,1.62299,1.62286,1.57,1.19
2014.09.08,00:35:24.891,1.62299,1.62285,1.25,1.19
2014.09.08,00:35:25.397,1.62299,1.62285,1.09,1.19
2014.09.08,00:35:29.231,1.62299,1.62285,2.21,1.19
2014.09.08,00:35:29.435,1.62299,1.62285,2.21,1.19
2014.09.08,00:35:31.066,1.62297,1.62283,1.62,1.29
2014.09.08,00:35:31.168,1.62297,1.62283,2.89,1.19
2014.09.08,00:35:31.573,1.62298,1.62282,1.74,1.84
2014.09.08,00:35:31.877,1.62299,1.62284,4.46,1.29
2014.09.08,00:35:32.586,1.62298,1.62282,1.01,1.84
2014.09.08,00:35:32.637,1.62297,1.62282,1.5,1.36
2014.09.08,00:35:33.144,1.62296,1.62281,2.89,1.19
2014.09.08,00:35:33.676,1.62295,1.62281,1.67,1.19
2014.09.08,00:35:33.980,1.62294,1.62281,1.55,1.19
2014.09.08,00:35:34.787,1.62294,1.6228,1.46,1.69
2014.09.08,00:35:35.825,1.62294,1.6228,1.57,1.19
2014.09.08,00:35:38.135,1.62291,1.6228,1.31,1
2014.09.08,00:35:38.440,1.62289,1.62276,1.55,1.19
2014.09.08,00:35:38.694,1.62288,1.62274,1.65,1.19
2014.09.08,00:35:38.795,1.62288,1.62272,3.56,2.44
2014.09.08,00:35:39.607,1.62288,1.62272,2.89,1.76
2014.09.08,00:35:41.724,1.62285,1.62272,1,1.29
2014.09.08,00:35:42.027,1.62285,1.62271,1.47,1.29
2014.09.08,00:35:43.773,1.62285,1.62271,1.39,1.29
2014.09.08,00:35:44.340,1.62285,1.62272,1.47,1.19
2014.09.08,00:35:45.300,1.62285,1.62273,1.47,1.19
2014.09.08,00:35:45.604,1.62285,1.62273,1,1.19
2014.09.08,00:35:45.908,1.62285,1.6227,1,2.51
2014.09.08,00:35:46.414,1.62285,1.6227,1.07,1.76
2014.09.08,00:35:46.981,1.62285,1.62271,1.01,1.29
2014.09.08,00:35:47.249,1.62286,1.6228,1.36,1
2014.09.08,00:35:47.755,1.62287,1.6228,1.69,1
2014.09.08,00:35:48.261,1.62287,1.6228,1.12,1
2014.09.08,00:35:49.556,1.62287,1.62281,1,1
2014.09.08,00:35:59.002,1.62289,1.6228,1.5,1
2014.09.08,00:36:00.701,1.62289,1.6228,1.5,1
2014.09.08,00:36:04.103,1.62286,1.6228,1,1
2014.09.08,00:36:04.609,1.62285,1.6228,1,1
2014.09.08,00:36:05.076,1.62287,1.6228,1,1
2014.09.08,00:36:05.279,1.62287,1.62278,1.25,1
2014.09.08,00:36:05.381,1.62283,1.62278,1,1
2014.09.08,00:36:05.483,1.62286,1.62278,1,1
2014.09.08,00:36:05.837,1.62288,1.62279,1.12,1
2014.09.08,00:36:06.090,1.62286,1.62279,1,1
2014.09.08,00:36:06.610,1.62287,1.62279,1.25,1
2014.09.08,00:36:07.118,1.62287,1.62279,1.62,1
2014.09.08,00:36:09.768,1.62287,1.62279,1.1,1
2014.09.08,00:36:10.376,1.62286,1.62279,1,1
2014.09.08,00:36:10.730,1.62286,1.62277,1,1
2014.09.08,00:36:10.782,1.62286,1.6228,1,1
2014.09.08,00:36:10.883,1.62287,1.62278,1.25,1
2014.09.08,00:36:11.389,1.62286,1.62279,1.69,1
2014.09.08,00:36:11.580,1.62285,1.62276,1,1
2014.09.08,00:36:12.391,1.62285,1.62279,1,1
2014.09.08,00:36:13.001,1.62285,1.62278,1,1
2014.09.08,00:36:13.406,1.62285,1.62281,1,1
2014.09.08,00:36:13.508,1.62287,1.62278,3.56,1
2014.09.08,00:36:13.660,1.62285,1.62278,1,1
2014.09.08,00:36:14.229,1.62285,1.62279,1,1
2014.09.08,00:36:15.831,1.62285,1.62278,1,1
2014.09.08,00:36:15.933,1.62285,1.62272,1,1.01
2014.09.08,00:36:16.085,1.62285,1.6227,1.26,3.26
2014.09.08,00:36:16.187,1.62284,1.62269,2.59,1.19
2014.09.08,00:36:17.216,1.62283,1.62268,1.19,1.84
2014.09.08,00:36:18.212,1.62282,1.62268,2.21,1.25
2014.09.08,00:36:19.225,1.62281,1.62266,1.39,1.84
2014.09.08,00:36:19.732,1.62281,1.62266,3.71,1.19
2014.09.08,00:36:20.263,1.62281,1.62266,4.46,1.19
2014.09.08,00:36:22.085,1.62277,1.62266,1.07,1.19
2014.09.08,00:36:22.136,1.62277,1.62262,1.95,1.76
2014.09.08,00:36:22.338,1.62274,1.62261,1.62,1.57
2014.09.08,00:36:22.850,1.62274,1.62259,1.62,2.89
2014.09.08,00:36:23.104,1.62272,1.62257,2.51,1.76
2014.09.08,00:36:23.620,1.62272,1.62256,4.46,1.69
2014.09.08,00:36:24.131,1.62272,1.62256,4.39,1.01
2014.09.08,00:36:25.144,1.62269,1.62256,1.31,1.29
2014.09.08,00:36:27.005,1.62269,1.62256,1.62,1.39
2014.09.08,00:36:27.732,1.62269,1.62256,1.37,1.09
2014.09.08,00:36:29.595,1.62269,1.62256,1.12,1.01
2014.09.08,00:36:30.118,1.62269,1.62256,1.31,1.36
2014.09.08,00:36:30.828,1.62268,1.6226,1,1
2014.09.08,00:36:31.344,1.62271,1.6226,2.89,1
2014.09.08,00:36:33.061,1.62271,1.6226,2.06,1
2014.09.08,00:36:34.229,1.62271,1.6226,2.06,1
2014.09.08,00:36:36.009,1.62271,1.6226,1.69,1
2014.09.08,00:36:36.112,1.62269,1.6226,1,1
2014.09.08,00:36:36.416,1.62267,1.6226,1,1
2014.09.08,00:36:37.074,1.62268,1.6226,1,1
2014.09.08,00:36:37.859,1.62271,1.6226,2.81,1
2014.09.08,00:36:38.862,1.6227,1.6226,1.19,1
2014.09.08,00:36:39.864,1.62271,1.6226,1.69,1
2014.09.08,00:36:40.414,1.62269,1.6226,1,1
2014.09.08,00:36:40.821,1.62267,1.6226,1,1
2014.09.08,00:36:41.177,1.62269,1.62259,1,1.1
2014.09.08,00:36:41.279,1.62269,1.62259,1,1.57
2014.09.08,00:36:41.482,1.62275,1.62264,1.5,1.2
2014.09.08,00:36:41.533,1.62278,1.62265,1,1.2
2014.09.08,00:36:41.584,1.6228,1.62268,1,1.19
2014.09.08,00:36:41.787,1.62282,1.62268,2.06,1.29
2014.09.08,00:36:42.293,1.62282,1.6227,1.31,1.32
2014.09.08,00:36:42.394,1.62283,1.62271,1.37,1.26
2014.09.08,00:36:42.445,1.62285,1.62271,2.44,1.26
2014.09.08,00:36:42.597,1.62285,1.62274,1.69,1.07
2014.09.08,00:36:42.800,1.62287,1.62274,1.87,1.32
2014.09.08,00:36:45.368,1.62287,1.62274,1.37,1.36
2014.09.08,00:36:45.874,1.62285,1.62274,1,1.36
2014.09.08,00:36:46.678,1.62285,1.62273,1,3.26
2014.09.08,00:36:47.697,1.62285,1.62274,1,1.36
2014.09.08,00:36:48.204,1.62285,1.62274,1.37,1.26
2014.09.08,00:36:52.719,1.62285,1.62273,1.37,3.26
2014.09.08,00:36:55.903,1.62285,1.62274,1,1.26
2014.09.08,00:36:56.922,1.62285,1.62275,1,1.36
2014.09.08,00:37:00.022,1.62285,1.62277,1,2.06
2014.09.08,00:37:00.175,1.62289,1.62279,1,1.69
2014.09.08,00:37:00.226,1.62291,1.62279,1,1.76
2014.09.08,00:37:00.328,1.62294,1.62281,1.12,1.26
2014.09.08,00:37:01.300,1.62296,1.62283,1.87,1.29
2014.09.08,00:37:03.334,1.62296,1.62282,1.37,1.84
2014.09.08,00:37:04.310,1.62295,1.62283,1.37,1.29
2014.09.08,00:37:07.660,1.62294,1.62282,1.62,1.25
2014.09.08,00:37:07.762,1.62292,1.62279,1.2,1
2014.09.08,00:37:08.117,1.62292,1.62277,1.57,1.36
2014.09.08,00:37:08.168,1.62292,1.62278,1.57,1.19
2014.09.08,00:37:08.674,1.62292,1.62277,1.17,1.29
2014.09.08,00:37:09.334,1.62292,1.62276,1.09,1.36
2014.09.08,00:37:14.043,1.62292,1.62276,1.46,1.36
2014.09.08,00:37:17.970,1.62292,1.62276,1.09,1.39
2014.09.08,00:37:18.480,1.62291,1.62276,1.5,1.84
2014.09.08,00:37:21.266,1.62291,1.62277,1.84,1.19
2014.09.08,00:37:21.876,1.62291,1.62277,1.84,1.19
2014.09.08,00:37:22.383,1.62291,1.62277,1.69,1.19
2014.09.08,00:37:25.250,1.62291,1.62276,1.65,1.19
2014.09.08,00:37:25.853,1.62291,1.62279,1.5,1.39
2014.09.08,00:37:26.160,1.62294,1.62288,1,1.19
2014.09.08,00:37:26.211,1.62296,1.62288,1,1.19
2014.09.08,00:37:26.262,1.62296,1.62286,1,1.19
2014.09.08,00:37:26.567,1.62298,1.62286,1.17,1
2014.09.08,00:37:27.074,1.62296,1.62286,1,1
2014.09.08,00:37:27.691,1.62296,1.62286,2.25,1
2014.09.08,00:37:27.742,1.62296,1.62283,2.25,2.44
2014.09.08,00:37:28.249,1.62296,1.62281,2.02,2.06
2014.09.08,00:37:32.011,1.62295,1.62281,1.27,1.69
2014.09.08,00:37:33.921,1.62295,1.62284,1.12,1.19
2014.09.08,00:37:41.030,1.62298,1.62286,1.39,1
2014.09.08,00:37:44.239,1.62298,1.62286,1.2,1
2014.09.08,00:37:54.559,1.62298,1.62284,1.84,1
2014.09.08,00:37:54.864,1.62294,1.62282,1.84,1
2014.09.08,00:37:55.842,1.62294,1.62282,1.2,1
2014.09.08,00:37:58.854,1.62294,1.62282,1.39,1
2014.09.08,00:37:59.463,1.62294,1.62283,1.39,1
2014.09.08,00:38:00.550,1.62294,1.62282,1.09,1.25
2014.09.08,00:38:04.250,1.62295,1.6228,2.14,2.44
2014.09.08,00:38:04.756,1.62294,1.6228,1.09,1.69
2014.09.08,00:38:07.602,1.62293,1.6228,1.01,1.19
2014.09.08,00:38:07.906,1.62293,1.6228,2.51,1.25
2014.09.08,00:38:08.469,1.62293,1.6228,1.84,1.25
2014.09.08,00:38:08.773,1.62293,1.62282,1.84,1
2014.09.08,00:38:08.965,1.62296,1.62283,1.01,1.37
2014.09.08,00:38:09.981,1.62297,1.62285,2.44,1
2014.09.08,00:38:10.082,1.62298,1.62285,1.46,1
2014.09.08,00:38:10.588,1.62295,1.62285,1,1
2014.09.08,00:38:12.147,1.62298,1.62285,1.46,1.12
