Time,Ask,Bid,AskVolume,BidVolume,
2014.09.08,00:00:01.024,0.93134,0.93119,1.74,1.71
2014.09.08,00:00:02.108,0.93134,0.93119,1.71,1.46
2014.09.08,00:00:02.621,0.93134,0.93119,1.74,1.46
2014.09.08,00:00:02.968,0.93131,0.93119,1,2.21
2014.09.08,00:00:03.755,0.93131,0.93121,1,1.37
2014.09.08,00:00:03.958,0.93134,0.93122,1.1,1.57
2014.09.08,00:00:04.060,0.93134,0.93124,1,1
2014.09.08,00:00:04.566,0.93134,0.93122,1,2.59
2014.09.08,00:00:05.072,0.93134,0.93124,1,1.1
2014.09.08,00:00:11.500,0.93134,0.93124,1,1.32
2014.09.08,00:00:11.959,0.93138,0.93127,1.17,1
2014.09.08,00:00:12.060,0.93139,0.93127,1.76,1.1
2014.09.08,00:00:13.219,0.93139,0.93127,1.31,1.17
2014.09.08,00:00:13.725,0.93139,0.93127,1.39,1.1
2014.09.08,00:00:14.327,0.93139,0.93127,1.31,1.07
2014.09.08,00:00:14.833,0.93139,0.93127,1.39,1.1
2014.09.08,00:00:15.593,0.93139,0.93127,1.39,1.1
2014.09.08,00:00:16.252,0.93139,0.93127,1.39,1.1
2014.09.08,00:00:16.909,0.93139,0.93127,1.39,1
2014.09.08,00:00:20.135,0.93139,0.93127,1.2,1.76
2014.09.08,00:00:24.883,0.93139,0.93127,1.46,1.5
2014.09.08,00:00:25.449,0.93139,0.93127,1.39,1.1
2014.09.08,00:00:25.958,0.93139,0.93128,1.31,1
2014.09.08,00:00:29.638,0.93139,0.93128,1.37,1
2014.09.08,00:00:30.153,0.93139,0.93127,1.2,1.69
2014.09.08,00:00:30.660,0.93139,0.93127,1.55,1.25
2014.09.08,00:00:35.137,0.93139,0.93128,1.17,1
2014.09.08,00:00:35.644,0.93139,0.93128,1.01,1
2014.09.08,00:00:38.413,0.93139,0.93128,1.09,1
2014.09.08,00:00:38.921,0.93139,0.93128,1.01,1
2014.09.08,00:00:39.434,0.93139,0.93128,1.09,1
2014.09.08,00:00:40.101,0.93139,0.93128,1.01,1
2014.09.08,00:00:48.578,0.93139,0.93129,1,1
2014.09.08,00:01:04.084,0.93139,0.93129,1,1.07
2014.09.08,00:01:04.595,0.93139,0.93129,1,1.2
2014.09.08,00:01:06.098,0.93139,0.9313,1,1
2014.09.08,00:01:06.300,0.93141,0.9313,1,1
2014.09.08,00:01:06.351,0.93141,0.93132,1,1
2014.09.08,00:01:06.504,0.93143,0.93132,1.25,1.57
2014.09.08,00:01:07.012,0.93142,0.93131,1.1,1
2014.09.08,00:01:11.537,0.93142,0.9313,1,1.31
2014.09.08,00:01:13.301,0.93142,0.9313,1,1.09
2014.09.08,00:01:13.858,0.93144,0.93132,2.96,1
2014.09.08,00:01:14.366,0.93144,0.93132,2.96,1
2014.09.08,00:01:20.653,0.93144,0.93132,2.96,1
2014.09.08,00:01:21.160,0.93143,0.93132,1.71,1
2014.09.08,00:01:21.262,0.93143,0.93132,1.71,1
2014.09.08,00:01:21.567,0.93141,0.93129,1.17,2.44
2014.09.08,00:01:22.073,0.93141,0.93129,1.15,2.44
2014.09.08,00:01:22.174,0.93141,0.93129,1.2,2.44
2014.09.08,00:01:22.681,0.93141,0.93129,1.17,2.81
2014.09.08,00:01:23.187,0.93141,0.93129,1.15,2.81
2014.09.08,00:01:24.655,0.93141,0.93129,1.09,1.5
2014.09.08,00:01:25.212,0.93139,0.93129,1,1.25
2014.09.08,00:01:25.787,0.93141,0.93129,1.2,2.44
2014.09.08,00:01:25.990,0.93139,0.93129,1,2.06
2014.09.08,00:01:26.650,0.93141,0.93129,1.15,2.06
2014.09.08,00:01:27.157,0.93141,0.93129,1.01,1.87
2014.09.08,00:01:28.823,0.93139,0.93129,1,1.12
2014.09.08,00:01:38.501,0.93139,0.93129,1,1.87
2014.09.08,00:01:46.536,0.93139,0.9313,1.17,1.12
2014.09.08,00:01:47.043,0.93139,0.9313,1.1,1.12
2014.09.08,00:01:51.535,0.93139,0.93128,1,1.39
2014.09.08,00:01:52.042,0.93139,0.93127,1.39,1.1
2014.09.08,00:01:52.144,0.93136,0.93124,1,3.34
2014.09.08,00:01:52.449,0.93134,0.93123,1.17,1
2014.09.08,00:01:52.956,0.93134,0.93122,1.15,1.69
2014.09.08,00:01:59.230,0.93134,0.93122,1.4,1.87
2014.09.08,00:02:00.160,0.93134,0.93122,1.4,2.62
2014.09.08,00:02:00.312,0.93134,0.93123,1.09,1
2014.09.08,00:02:01.525,0.93134,0.93123,1.4,1
2014.09.08,00:02:02.042,0.93134,0.93122,1.4,1
2014.09.08,00:02:02.195,0.93134,0.93122,2.21,1
2014.09.08,00:02:02.707,0.93132,0.93121,1.4,1
2014.09.08,00:02:03.235,0.93132,0.93121,1.4,1
2014.09.08,00:02:07.052,0.93132,0.93121,1.27,1
2014.09.08,00:02:07.154,0.93132,0.93119,1.27,1.12
2014.09.08,00:02:07.659,0.93132,0.9312,1.27,1
2014.09.08,00:02:07.890,0.93132,0.93119,1.27,1.12
2014.09.08,00:02:08.446,0.93132,0.9312,1.27,1
2014.09.08,00:02:09.734,0.93132,0.9312,1.27,1.12
2014.09.08,00:02:10.251,0.93132,0.9312,1.27,1.12
2014.09.08,00:02:11.879,0.93132,0.9312,1.17,1.12
2014.09.08,00:02:12.172,0.93132,0.9312,1.15,1.12
2014.09.08,00:02:12.705,0.93132,0.9312,1.52,1
2014.09.08,00:02:13.312,0.93132,0.9312,1.27,1
2014.09.08,00:02:13.838,0.93132,0.9312,2.21,1
2014.09.08,00:02:15.228,0.93132,0.9312,2.21,1
2014.09.08,00:02:15.791,0.93132,0.9312,2.21,1
2014.09.08,00:02:21.892,0.93132,0.9312,1.46,1
2014.09.08,00:02:22.398,0.93132,0.9312,1.46,1
2014.09.08,00:02:22.651,0.93132,0.9312,1.46,1
2014.09.08,00:02:22.803,0.93132,0.9312,1.39,1
2014.09.08,00:02:24.505,0.93132,0.93119,2.21,1
2014.09.08,00:02:26.996,0.93132,0.93119,2.21,1.1
2014.09.08,00:02:29.105,0.93132,0.93119,2.21,1
2014.09.08,00:02:38.977,0.93131,0.93119,1.76,1
2014.09.08,00:02:41.066,0.93129,0.93119,1.46,1
2014.09.08,00:02:41.370,0.93124,0.93116,1.17,1
2014.09.08,00:02:41.422,0.93124,0.93112,1.17,2.06
2014.09.08,00:02:41.524,0.93124,0.93112,1.15,1.56
2014.09.08,00:02:41.727,0.93124,0.93111,1.15,1.69
2014.09.08,00:02:42.234,0.93123,0.9311,1.17,2.51
2014.09.08,00:02:42.760,0.93123,0.9311,1.15,2.06
2014.09.08,00:02:43.425,0.93123,0.9311,1.17,2.14
2014.09.08,00:02:43.937,0.93123,0.9311,1.17,2.14
2014.09.08,00:02:49.009,0.93123,0.9311,1.17,1.66
2014.09.08,00:02:49.840,0.93123,0.9311,1.1,1.74
2014.09.08,00:02:50.347,0.93123,0.9311,1,1.71
2014.09.08,00:02:50.861,0.93123,0.9311,1.1,1.74
2014.09.08,00:02:51.406,0.93123,0.9311,1,1.46
2014.09.08,00:02:51.927,0.93123,0.9311,1.1,1.46
2014.09.08,00:02:57.570,0.93123,0.93109,1.09,4.46
2014.09.08,00:03:01.229,0.93123,0.9311,1.09,1.39
2014.09.08,00:03:03.218,0.93123,0.9311,1.55,2.14
2014.09.08,00:03:03.725,0.93123,0.93109,1.77,5.14
2014.09.08,00:03:04.369,0.93123,0.93109,1.55,4.46
2014.09.08,00:03:05.059,0.93123,0.93109,1.55,4.46
2014.09.08,00:03:05.565,0.93123,0.93108,2.96,2.81
2014.09.08,00:03:06.090,0.93123,0.93108,2.96,2.81
2014.09.08,00:03:06.620,0.93122,0.93108,1.71,2.06
2014.09.08,00:03:07.158,0.93122,0.93108,1.71,2.14
2014.09.08,00:03:07.768,0.93122,0.93108,1.74,2.21
2014.09.08,00:03:08.073,0.93122,0.93108,1.71,1.69
2014.09.08,00:03:08.579,0.93119,0.93107,1.2,1.29
2014.09.08,00:03:09.289,0.93119,0.93107,1.17,1.62
2014.09.08,00:03:09.795,0.93119,0.93107,1,2.21
2014.09.08,00:03:12.113,0.93121,0.93108,1.39,1.46
2014.09.08,00:03:12.822,0.93121,0.93108,1.46,1.39
2014.09.08,00:03:13.328,0.93122,0.93108,1.74,1.46
2014.09.08,00:03:13.996,0.93122,0.93108,1.74,1.46
2014.09.08,00:03:14.526,0.93122,0.93108,1.74,1.46
2014.09.08,00:03:15.036,0.93122,0.93108,1.76,1.46
2014.09.08,00:03:15.583,0.93122,0.93108,1.74,1.46
2014.09.08,00:03:16.090,0.93122,0.93108,1.71,1.39
2014.09.08,00:03:16.662,0.93122,0.93108,1.74,1.46
2014.09.08,00:03:18.312,0.93123,0.93108,2.96,1.39
2014.09.08,00:03:21.997,0.93122,0.93108,1.71,1.39
2014.09.08,00:03:24.875,0.93123,0.93108,3.71,2.21
2014.09.08,00:03:25.279,0.93123,0.93108,3.64,2.96
2014.09.08,00:03:25.787,0.93123,0.93111,1.95,1.39
2014.09.08,00:03:26.142,0.93123,0.93111,1,1.4
2014.09.08,00:03:26.446,0.93124,0.93113,1,1.52
2014.09.08,00:03:26.658,0.93127,0.93114,2.06,2.02
2014.09.08,00:03:27.064,0.93127,0.93115,1,1.65
2014.09.08,00:03:27.571,0.93127,0.93115,1,1.65
2014.09.08,00:03:28.078,0.93127,0.93115,1,2.96
2014.09.08,00:03:28.610,0.93127,0.93115,1,2.96
2014.09.08,00:03:29.173,0.93127,0.93116,1,2.21
2014.09.08,00:03:29.790,0.93127,0.93116,1,2.21
2014.09.08,00:03:30.682,0.93127,0.93116,1,2.21
2014.09.08,00:03:30.994,0.93127,0.93116,1,2.21
2014.09.08,00:03:36.212,0.93127,0.93116,1,1.77
2014.09.08,00:03:43.372,0.93129,0.93117,1.1,1.46
2014.09.08,00:04:02.636,0.93129,0.93117,1.1,1.46
2014.09.08,00:04:03.142,0.93129,0.93117,1,1.46
2014.09.08,00:04:16.507,0.93129,0.93117,1,2.14
2014.09.08,00:04:18.910,0.93129,0.93117,1,2.21
2014.09.08,00:04:20.246,0.93129,0.93117,1,2.21
2014.09.08,00:04:20.551,0.93132,0.93119,1.46,2.14
2014.09.08,00:04:21.060,0.93132,0.93119,1,4.46
2014.09.08,00:04:21.314,0.93132,0.93121,1,2.21
2014.09.08,00:04:21.821,0.93132,0.93121,1,2.21
2014.09.08,00:04:22.327,0.93132,0.93121,1,1.77
2014.09.08,00:04:22.632,0.93134,0.93121,1,2.21
2014.09.08,00:04:23.139,0.93134,0.93121,1,2.21
2014.09.08,00:04:23.848,0.93134,0.93121,1,2.21
2014.09.08,00:04:24.354,0.93134,0.93123,1,1.64
2014.09.08,00:04:25.214,0.93134,0.93121,1.1,2.21
2014.09.08,00:04:25.468,0.93133,0.9312,1.47,2.21
2014.09.08,00:04:26.177,0.93133,0.9312,1.1,1.46
2014.09.08,00:04:26.683,0.93133,0.93119,1.09,2.96
2014.09.08,00:04:27.191,0.93133,0.93119,1.25,2.96
2014.09.08,00:04:27.742,0.93133,0.9312,1.17,1.66
2014.09.08,00:04:28.261,0.93133,0.9312,1.1,1.74
2014.09.08,00:04:30.354,0.93133,0.9312,1.17,1.66
2014.09.08,00:04:31.690,0.93133,0.9312,1.1,1.74
2014.09.08,00:04:32.569,0.93133,0.9312,1.07,1.66
2014.09.08,00:04:33.849,0.93133,0.9312,1.1,1.74
2014.09.08,00:04:34.863,0.93133,0.9312,1.17,1.66
2014.09.08,00:04:35.497,0.93133,0.9312,1.1,1.74
2014.09.08,00:04:37.107,0.93133,0.9312,1.17,1.66
2014.09.08,00:04:38.202,0.93133,0.9312,1.1,1.64
2014.09.08,00:04:38.977,0.93133,0.9312,1.07,1.66
2014.09.08,00:04:39.484,0.93133,0.9312,1.1,1.74
2014.09.08,00:04:40.010,0.93133,0.9312,1.17,1.66
2014.09.08,00:04:40.909,0.93133,0.9312,1.1,2.21
2014.09.08,00:04:41.416,0.93133,0.9312,1,2.21
2014.09.08,00:04:45.187,0.93133,0.93121,1.1,1.46
2014.09.08,00:04:47.687,0.93133,0.9312,1.1,2.21
2014.09.08,00:04:49.818,0.93133,0.9312,1,2.21
2014.09.08,00:04:50.431,0.93133,0.9312,1.1,2.21
2014.09.08,00:04:53.349,0.93133,0.9312,1,2.21
2014.09.08,00:04:53.856,0.93133,0.9312,1.1,2.21
2014.09.08,00:04:54.856,0.93133,0.9312,1,2.21
2014.09.08,00:04:55.484,0.93133,0.9312,1,2.21
2014.09.08,00:04:57.370,0.93133,0.9312,1.1,2.21
2014.09.08,00:04:58.840,0.93133,0.9312,1,2.21
2014.09.08,00:05:03.969,0.93133,0.9312,1.1,1.46
2014.09.08,00:05:04.575,0.93133,0.9312,1.5,1.46
2014.09.08,00:05:05.183,0.93133,0.9312,1.1,1.46
2014.09.08,00:05:06.790,0.93133,0.9312,1.25,1.46
2014.09.08,00:05:07.395,0.93133,0.9312,1.01,1.46
2014.09.08,00:05:12.299,0.93133,0.93119,1.09,2.21
2014.09.08,00:05:12.841,0.93133,0.93119,1.01,2.21
2014.09.08,00:05:19.201,0.93133,0.93119,2.02,1.39
2014.09.08,00:05:19.741,0.93133,0.93119,2.02,1.46
2014.09.08,00:05:21.030,0.93133,0.93119,2.02,1.39
2014.09.08,00:05:21.587,0.93133,0.93119,2.21,2.14
2014.09.08,00:05:23.201,0.93133,0.93119,1.84,2.21
2014.09.08,00:05:23.897,0.93133,0.93119,1.84,2.14
2014.09.08,00:05:24.415,0.93133,0.93119,2.21,2.21
2014.09.08,00:05:24.929,0.93133,0.93119,2.21,2.21
2014.09.08,00:05:25.600,0.93133,0.93119,1.46,2.21
2014.09.08,00:05:26.107,0.93133,0.93119,1.77,1.29
2014.09.08,00:05:27.005,0.93133,0.93119,1.77,1.26
2014.09.08,00:05:27.619,0.93133,0.93119,1.39,1.34
2014.09.08,00:05:28.144,0.93133,0.93119,1.7,1.26
2014.09.08,00:05:31.249,0.93132,0.93118,1.46,1.84
2014.09.08,00:05:31.554,0.93132,0.93118,2.21,1.19
2014.09.08,00:05:32.088,0.93129,0.93118,1.1,1.19
2014.09.08,00:05:32.444,0.93129,0.93117,1.1,1.01
2014.09.08,00:05:45.752,0.93129,0.93117,1,1.09
2014.09.08,00:05:52.756,0.93129,0.93117,1.1,1.01
2014.09.08,00:05:53.267,0.93129,0.93117,1.12,1.32
2014.09.08,00:05:53.873,0.93129,0.93117,1.2,1.01
2014.09.08,00:05:54.452,0.93129,0.93117,1.12,1.09
2014.09.08,00:05:57.905,0.93129,0.93117,1.2,1.01
2014.09.08,00:05:59.388,0.93129,0.93117,1.12,1.32
2014.09.08,00:05:59.895,0.93129,0.93117,1.2,1.01
2014.09.08,00:06:01.574,0.93129,0.93117,1.12,1.07
2014.09.08,00:06:02.085,0.93129,0.93117,1.27,1
2014.09.08,00:06:03.472,0.93129,0.93117,1.46,1
2014.09.08,00:06:04.293,0.93129,0.93117,1.46,1.1
2014.09.08,00:06:04.812,0.93129,0.93117,1.46,1
2014.09.08,00:06:05.530,0.93129,0.93117,1.39,1.1
2014.09.08,00:06:06.057,0.93129,0.93117,1.46,1
2014.09.08,00:06:07.593,0.93129,0.93117,1.46,1.1
2014.09.08,00:06:08.132,0.93129,0.93117,1.39,1
2014.09.08,00:06:08.718,0.93129,0.93117,1.39,1.1
2014.09.08,00:06:09.541,0.93129,0.93117,1.46,1
2014.09.08,00:06:10.076,0.93129,0.93117,1.2,1.01
2014.09.08,00:06:10.489,0.93129,0.93117,1.27,1.25
2014.09.08,00:06:11.100,0.93129,0.93117,1.46,1
2014.09.08,00:06:11.409,0.93128,0.93117,2.21,1
2014.09.08,00:06:11.461,0.93124,0.93113,1.1,1.56
2014.09.08,00:06:11.921,0.93126,0.93114,1,1.84
2014.09.08,00:06:12.022,0.93124,0.93114,1,1.09
2014.09.08,00:06:12.124,0.93127,0.93114,1.01,1.09
2014.09.08,00:06:12.378,0.93128,0.93117,1.46,1
2014.09.08,00:06:12.886,0.93128,0.93117,1.19,1.17
2014.09.08,00:06:12.937,0.93129,0.93117,1.25,1.17
2014.09.08,00:06:13.653,0.93129,0.93117,1.25,1.17
2014.09.08,00:06:14.158,0.93129,0.93117,1.25,1.17
2014.09.08,00:06:25.189,0.93129,0.93117,1,1.15
2014.09.08,00:06:25.290,0.93131,0.93118,2.14,1.17
2014.09.08,00:06:25.796,0.93131,0.93118,2.81,1.2
2014.09.08,00:06:26.049,0.93131,0.93118,2.81,1.17
2014.09.08,00:06:26.555,0.93131,0.93119,2.89,1.1
2014.09.08,00:06:27.063,0.93129,0.93117,1,1.46
2014.09.08,00:06:28.912,0.93129,0.93117,1,1.09
2014.09.08,00:06:29.723,0.93129,0.93117,1.1,1.01
2014.09.08,00:06:30.232,0.93129,0.93117,1,1.32
2014.09.08,00:06:31.711,0.93129,0.93117,1.17,1.25
2014.09.08,00:06:32.255,0.93129,0.93117,1,1.25
2014.09.08,00:06:43.919,0.93129,0.93117,1.37,1.25
2014.09.08,00:06:44.426,0.93129,0.93117,2.96,1
2014.09.08,00:06:45.398,0.93129,0.93117,3.34,1
2014.09.08,00:06:45.702,0.93124,0.93114,1,1.25
2014.09.08,00:06:45.753,0.93124,0.93111,1.1,2.96
2014.09.08,00:06:47.852,0.93124,0.93111,1.31,1.46
2014.09.08,00:06:48.712,0.93124,0.93111,2.06,1.27
2014.09.08,00:06:49.168,0.93124,0.93111,2.14,1.27
2014.09.08,00:06:52.551,0.93124,0.93111,2.21,1.2
2014.09.08,00:06:53.057,0.93124,0.93111,1.84,1.2
2014.09.08,00:06:53.563,0.93122,0.9311,1,1.46
2014.09.08,00:06:55.597,0.93122,0.9311,1,1.77
2014.09.08,00:06:56.182,0.93122,0.9311,1,1.7
2014.09.08,00:06:56.953,0.93122,0.9311,1,1.7
2014.09.08,00:06:57.675,0.93122,0.9311,1,1.46
2014.09.08,00:07:00.709,0.93122,0.9311,1,2.21
2014.09.08,00:07:02.675,0.93122,0.9311,1,1.46
2014.09.08,00:07:10.176,0.93122,0.9311,1.1,1.46
2014.09.08,00:07:14.096,0.93122,0.9311,1.01,1.47
2014.09.08,00:07:15.096,0.93122,0.9311,1.07,1.37
2014.09.08,00:07:15.614,0.93122,0.9311,1.17,1.12
2014.09.08,00:07:16.122,0.93122,0.93109,1.27,1.76
2014.09.08,00:07:16.903,0.93122,0.93109,1.46,2.14
2014.09.08,00:07:18.450,0.93122,0.93109,1.09,2.14
2014.09.08,00:07:19.134,0.93122,0.93109,1.46,2.14
2014.09.08,00:07:20.531,0.93122,0.93109,1.46,1.76
2014.09.08,00:07:20.632,0.93121,0.93109,2.14,1.5
2014.09.08,00:07:20.937,0.93119,0.93108,1.65,1
2014.09.08,00:07:21.456,0.93117,0.93105,1.1,1.39
2014.09.08,00:07:21.709,0.93117,0.93104,1.07,1.64
2014.09.08,00:07:22.216,0.93117,0.93104,1.07,1.76
2014.09.08,00:07:22.815,0.93117,0.93104,1.17,2.14
2014.09.08,00:07:24.453,0.93117,0.93104,1.09,1.7
2014.09.08,00:07:24.504,0.93117,0.93104,1.32,1.39
2014.09.08,00:07:25.010,0.93117,0.93104,1.09,1.39
2014.09.08,00:07:25.637,0.93117,0.93104,1.17,2.14
2014.09.08,00:07:29.624,0.93117,0.93104,1.09,1.39
2014.09.08,00:07:30.355,0.93117,0.93104,1.09,1.39
2014.09.08,00:07:30.888,0.93117,0.93104,1.09,1.39
2014.09.08,00:07:31.437,0.93117,0.93104,1.09,1.31
2014.09.08,00:07:31.943,0.93117,0.93104,1.01,1.46
2014.09.08,00:07:32.516,0.93117,0.93104,1.09,1.39
2014.09.08,00:07:34.644,0.93117,0.93104,1.17,2.14
2014.09.08,00:07:35.686,0.93117,0.93104,1.09,1.39
2014.09.08,00:07:36.212,0.93117,0.93104,1.4,1.31
2014.09.08,00:07:42.684,0.93117,0.93104,1.09,1.31
2014.09.08,00:07:42.886,0.93117,0.93104,1.4,1.31
2014.09.08,00:07:43.392,0.93117,0.93104,1.09,1.39
2014.09.08,00:07:43.696,0.93117,0.93104,1.01,1.7
2014.09.08,00:07:44.210,0.93119,0.93106,1.76,2.25
2014.09.08,00:07:46.810,0.93119,0.93106,1.46,1.76
2014.09.08,00:07:47.781,0.93119,0.93106,1.27,2.51
2014.09.08,00:07:48.828,0.93119,0.93106,1.46,1.76
2014.09.08,00:07:58.730,0.93119,0.93106,1.46,1.25
2014.09.08,00:07:59.242,0.93119,0.93106,1.46,1.25
2014.09.08,00:08:00.767,0.93119,0.93106,1.46,1.25
2014.09.08,00:08:02.066,0.93119,0.93106,1.46,1.25
2014.09.08,00:08:02.667,0.93119,0.93106,1.46,1.25
2014.09.08,00:08:05.536,0.93119,0.93106,1.77,1.25
2014.09.08,00:08:08.695,0.93119,0.93106,2.21,1.25
2014.09.08,00:08:08.999,0.93119,0.93106,2.21,1.25
2014.09.08,00:08:09.778,0.93119,0.93106,3.71,1
2014.09.08,00:08:10.288,0.93117,0.93104,1.4,1.62
2014.09.08,00:08:10.797,0.93117,0.93104,1.46,1.31
2014.09.08,00:08:12.822,0.93116,0.93104,1.46,1.12
2014.09.08,00:08:13.346,0.93116,0.93104,1.46,1.12
2014.09.08,00:08:14.588,0.93117,0.93104,2.96,1.12
2014.09.08,00:08:15.226,0.93117,0.93104,2.96,1.12
2014.09.08,00:08:15.819,0.93117,0.93104,2.96,1.12
2014.09.08,00:08:17.304,0.93117,0.93104,2.21,1.2
2014.09.08,00:08:17.910,0.93117,0.93104,2.21,1.12
2014.09.08,00:08:18.415,0.93117,0.93104,2.21,1.2
2014.09.08,00:08:19.072,0.93117,0.93104,2.21,1.12
2014.09.08,00:08:19.829,0.93117,0.93104,2.21,1.2
2014.09.08,00:08:20.370,0.93117,0.93104,2.21,1.12
2014.09.08,00:08:22.316,0.93117,0.93104,2.21,1.37
2014.09.08,00:08:22.823,0.93116,0.93104,1.77,1
2014.09.08,00:08:23.437,0.93116,0.93104,1.46,1
2014.09.08,00:08:23.847,0.93114,0.93101,1.39,2.14
2014.09.08,00:08:25.017,0.93114,0.93101,2.89,1.25
2014.09.08,00:08:25.321,0.93112,0.93099,2.02,1.5
2014.09.08,00:08:25.828,0.93109,0.93097,1,1.74
2014.09.08,00:08:26.354,0.93109,0.93096,1.1,2.96
2014.09.08,00:08:29.532,0.93109,0.93098,1,1.45
2014.09.08,00:08:29.735,0.93112,0.93099,1.01,1.55
2014.09.08,00:08:30.630,0.93112,0.93099,1.01,2.02
2014.09.08,00:08:36.870,0.93112,0.93099,1.1,2.21
2014.09.08,00:08:40.736,0.93112,0.93099,1,2.21
2014.09.08,00:08:41.242,0.93112,0.93099,1.1,2.96
2014.09.08,00:08:41.773,0.93112,0.93099,1,2.96
2014.09.08,00:08:46.795,0.93112,0.93099,1.1,2.96
2014.09.08,00:08:47.568,0.93112,0.93099,1,2.96
2014.09.08,00:08:48.390,0.93112,0.93099,1.1,2.21
2014.09.08,00:08:49.211,0.93112,0.931,1.1,2.89
2014.09.08,00:08:49.517,0.93117,0.93104,2.59,1.47
2014.09.08,00:08:50.048,0.93117,0.93104,2.21,1.2
2014.09.08,00:08:50.552,0.93117,0.93104,2.21,1.39
2014.09.08,00:08:51.247,0.93117,0.93104,2.21,1.39
2014.09.08,00:08:54.572,0.93117,0.93104,2.14,1.09
2014.09.08,00:08:58.075,0.93117,0.93106,1.1,1.2
2014.09.08,00:08:58.329,0.9312,0.93109,1.25,1.17
2014.09.08,00:08:59.365,0.93122,0.93109,2.14,1.27
2014.09.08,00:08:59.871,0.93122,0.93109,2.14,1.17
2014.09.08,00:09:01.381,0.93122,0.93109,2.14,1.17
2014.09.08,00:09:09.696,0.93122,0.93109,2.14,1.17
2014.09.08,00:09:10.214,0.93122,0.93109,2.14,1.17
2014.09.08,00:09:10.716,0.93122,0.93109,1.62,1.07
2014.09.08,00:09:12.165,0.93122,0.93109,1.39,1.15
2014.09.08,00:09:12.671,0.93122,0.93109,1.56,1.15
2014.09.08,00:09:18.379,0.93122,0.93109,1.66,1.07
2014.09.08,00:09:21.166,0.93122,0.93109,2.06,1.15
2014.09.08,00:09:24.469,0.93122,0.93109,2.14,1.17
2014.09.08,00:09:29.302,0.93122,0.93109,1.39,1.17
2014.09.08,00:09:32.200,0.93122,0.93109,1.46,1.1
2014.09.08,00:09:36.410,0.93122,0.93109,2.14,1.17
2014.09.08,00:09:37.186,0.93122,0.93109,2.21,1.1
2014.09.08,00:09:39.316,0.93122,0.93109,2.14,1.17
2014.09.08,00:09:39.943,0.93122,0.93109,2.21,1.1
2014.09.08,00:09:40.471,0.93122,0.93109,2.14,1.17
2014.09.08,00:09:41.029,0.93122,0.93109,2.21,1.1
2014.09.08,00:09:55.657,0.93122,0.93109,1.76,1.17
2014.09.08,00:10:02.337,0.93122,0.93108,1.26,1.4
2014.09.08,00:10:05.152,0.93122,0.93108,1.39,1.09
2014.09.08,00:10:08.891,0.93122,0.93107,1.46,2.21
2014.09.08,00:10:09.497,0.93122,0.93107,1.46,2.21
2014.09.08,00:10:16.757,0.93122,0.93107,1.46,2.21
2014.09.08,00:10:17.299,0.93122,0.93107,1.46,2.21
2014.09.08,00:10:20.391,0.93122,0.93107,1.71,2.96
2014.09.08,00:10:21.782,0.93122,0.93107,1.46,3.71
2014.09.08,00:10:22.292,0.93123,0.93108,2.96,1.46
2014.09.08,00:10:23.026,0.93123,0.93108,2.96,1.39
2014.09.08,00:10:23.558,0.93123,0.93108,2.96,1.46
2014.09.08,00:10:28.142,0.93123,0.93109,2.21,1.09
2014.09.08,00:10:32.475,0.93122,0.93109,1.47,2.96
2014.09.08,00:10:32.983,0.93122,0.9311,1.1,1.01
2014.09.08,00:10:34.858,0.93122,0.93111,1.01,1
2014.09.08,00:10:39.860,0.93122,0.93113,1,1
2014.09.08,00:10:40.214,0.93124,0.93113,1.01,1
2014.09.08,00:10:41.282,0.93124,0.93113,1.09,1
2014.09.08,00:10:41.636,0.93124,0.93119,1,1
2014.09.08,00:10:41.738,0.93126,0.93117,1,1
2014.09.08,00:10:41.992,0.93129,0.93117,1.84,1
2014.09.08,00:10:42.752,0.93129,0.93119,1.25,1.12
2014.09.08,00:10:42.955,0.93132,0.93121,1.39,1
2014.09.08,00:10:44.931,0.93132,0.93121,1.69,1
2014.09.08,00:10:44.982,0.9313,0.93119,1.07,1.25
2014.09.08,00:10:45.134,0.93127,0.93118,1,1
2014.09.08,00:10:45.389,0.93127,0.93115,1.47,2.4
2014.09.08,00:10:45.694,0.93124,0.93115,1,1.5
2014.09.08,00:10:46.200,0.93124,0.93116,1,1
2014.09.08,00:11:11.098,0.93124,0.93114,1.12,1.1
2014.09.08,00:11:15.098,0.93124,0.93111,1.2,4.46
2014.09.08,00:11:15.713,0.93124,0.93111,1.27,3.64
2014.09.08,00:11:17.086,0.93124,0.93111,1.27,3.64
2014.09.08,00:11:24.431,0.93124,0.93113,1.1,1
2014.09.08,00:11:28.013,0.93124,0.93112,1.1,1.01
2014.09.08,00:11:28.114,0.93123,0.93112,1.39,1
2014.09.08,00:11:28.620,0.93124,0.93112,2.21,1.5
2014.09.08,00:11:29.127,0.93124,0.93112,2.21,1.5
2014.09.08,00:11:29.674,0.93124,0.93112,1.84,1.5
2014.09.08,00:11:42.677,0.93124,0.93112,1.09,1.57
2014.09.08,00:11:43.235,0.93124,0.93112,1.1,1.5
2014.09.08,00:11:43.842,0.93124,0.93112,1.07,1.5
2014.09.08,00:11:45.185,0.93124,0.93112,1.25,1.5
2014.09.08,00:11:45.691,0.93124,0.93112,1.09,1.5
2014.09.08,00:11:47.435,0.93124,0.93113,1.17,1
2014.09.08,00:11:48.849,0.93124,0.93113,1.2,1
2014.09.08,00:11:50.264,0.93124,0.93113,1.32,1
2014.09.08,00:11:50.771,0.93124,0.93113,1.09,1
2014.09.08,00:11:51.302,0.93124,0.93113,1.17,1
2014.09.08,00:11:52.801,0.93124,0.93113,1.01,1
2014.09.08,00:11:58.483,0.93124,0.93113,1.39,1
2014.09.08,00:11:58.989,0.93124,0.93113,1.39,1
2014.09.08,00:12:00.899,0.93124,0.93113,1.39,1
2014.09.08,00:12:01.506,0.93124,0.93113,1.46,1
2014.09.08,00:12:04.137,0.93124,0.93113,1.39,1
2014.09.08,00:12:04.646,0.93124,0.93113,1.39,1
2014.09.08,00:12:05.802,0.93124,0.93113,1.39,1
2014.09.08,00:12:06.328,0.93124,0.93113,1.39,1
2014.09.08,00:12:08.919,0.93124,0.93113,1.39,1
2014.09.08,00:12:11.025,0.93124,0.93113,1.46,1
2014.09.08,00:12:11.531,0.93124,0.93113,1.39,1
2014.09.08,00:12:12.038,0.93124,0.93113,1.46,1
2014.09.08,00:12:12.625,0.93124,0.93113,1.39,1
2014.09.08,00:12:14.163,0.93124,0.93113,1.39,1
2014.09.08,00:12:28.173,0.93124,0.93113,1.27,1
2014.09.08,00:12:30.170,0.93126,0.93113,2.21,1
2014.09.08,00:12:30.881,0.93126,0.93113,2.21,1
2014.09.08,00:12:33.008,0.93126,0.93113,2.21,1
2014.09.08,00:12:33.592,0.93125,0.93113,1.71,1
2014.09.08,00:12:35.263,0.93125,0.93113,1.74,1
2014.09.08,00:12:36.092,0.93125,0.93113,1.71,1
2014.09.08,00:12:37.314,0.93125,0.93113,1.46,1
2014.09.08,00:12:37.824,0.93125,0.93113,1.46,1
2014.09.08,00:12:38.806,0.93125,0.93113,1.71,1
2014.09.08,00:12:38.959,0.93124,0.93111,1.71,1
2014.09.08,00:12:39.162,0.93122,0.93109,2.96,1.5
2014.09.08,00:12:39.314,0.93121,0.93109,1.09,1
2014.09.08,00:12:40.276,0.9312,0.93109,1.84,1
2014.09.08,00:12:44.365,0.93119,0.93108,2.21,1
2014.09.08,00:12:45.421,0.93119,0.93108,2.21,1
2014.09.08,00:12:55.142,0.93118,0.93108,1.39,1.5
2014.09.08,00:12:56.145,0.93119,0.93108,1.71,1.5
2014.09.08,00:12:56.796,0.93119,0.93108,1.71,1
2014.09.08,00:12:57.430,0.93119,0.93108,2.14,1
2014.09.08,00:13:00.675,0.93118,0.93108,1.39,1
2014.09.08,00:13:01.699,0.93119,0.93108,2.14,1
2014.09.08,00:13:03.713,0.93119,0.93108,1.46,1
2014.09.08,00:13:04.180,0.93118,0.93108,1.19,1
2014.09.08,00:13:04.384,0.93119,0.93107,2.21,1
2014.09.08,00:13:04.891,0.93118,0.93107,1.31,1.1
2014.09.08,00:13:06.887,0.93119,0.93107,2.89,1.1
2014.09.08,00:13:07.495,0.93119,0.93108,2.14,1
2014.09.08,00:13:07.799,0.93121,0.93109,1.62,1.15
2014.09.08,00:13:08.330,0.93121,0.93109,1.62,1.17
2014.09.08,00:13:08.634,0.93123,0.93112,2.14,1
2014.09.08,00:13:09.159,0.93123,0.93112,2.21,1
2014.09.08,00:13:09.674,0.93123,0.93112,2.21,1
2014.09.08,00:13:10.033,0.93123,0.93112,2.21,1
2014.09.08,00:13:10.570,0.93123,0.93112,2.06,1.1
2014.09.08,00:13:18.769,0.93123,0.93112,2.06,1.1
2014.09.08,00:13:24.064,0.93123,0.93112,1.31,1.1
2014.09.08,00:13:31.357,0.93123,0.93112,1.39,1
2014.09.08,00:13:32.377,0.93124,0.93112,2.96,1
2014.09.08,00:13:40.668,0.93124,0.93112,2.96,1
2014.09.08,00:13:48.482,0.93124,0.93112,2.96,1
2014.09.08,00:13:52.112,0.93124,0.93112,2.89,1.1
2014.09.08,00:13:59.922,0.93124,0.93112,3.64,1.1
2014.09.08,00:14:05.021,0.93124,0.93112,3.64,1.1
2014.09.08,00:14:10.070,0.93124,0.93109,2.14,1.84
2014.09.08,00:14:10.964,0.93124,0.9311,1.39,1.34
2014.09.08,00:14:11.944,0.93124,0.9311,1.39,1.34
2014.09.08,00:14:13.949,0.93124,0.9311,1.39,1.34
2014.09.08,00:14:14.459,0.93124,0.93109,2.14,2.59
2014.09.08,00:14:18.020,0.93124,0.9311,1.39,1.34
2014.09.08,00:14:21.030,0.93124,0.93109,1.76,2.59
2014.09.08,00:14:24.489,0.93124,0.93109,2.14,2.59
2014.09.08,00:14:24.591,0.93122,0.93109,1.76,1.32
2014.09.08,00:14:25.134,0.93122,0.93109,2.96,1.25
2014.09.08,00:14:25.642,0.93123,0.9311,1.34,1
2014.09.08,00:14:26.600,0.93123,0.9311,1.34,1.1
2014.09.08,00:14:27.597,0.93124,0.9311,2.21,1.25
2014.09.08,00:14:28.301,0.93123,0.9311,1.36,1.1
2014.09.08,00:14:28.898,0.93123,0.9311,1.34,1
2014.09.08,00:14:29.405,0.93123,0.9311,1.46,1.1
2014.09.08,00:14:30.012,0.93124,0.9311,1.77,1
2014.09.08,00:14:30.517,0.93124,0.9311,1.46,1.1
2014.09.08,00:15:01.484,0.93124,0.9311,1.84,1.32
2014.09.08,00:15:02.105,0.93124,0.9311,1.84,1.09
2014.09.08,00:15:02.257,0.93124,0.9311,1.84,1.09
2014.09.08,00:15:02.415,0.93124,0.9311,1.76,1.4
2014.09.08,00:15:07.008,0.93124,0.9311,2.14,1.4
2014.09.08,00:15:07.624,0.93124,0.9311,2.14,1.4
2014.09.08,00:15:08.260,0.93124,0.9311,2.14,1.09
2014.09.08,00:15:08.766,0.93124,0.9311,2.14,1.4
2014.09.08,00:15:09.334,0.93124,0.9311,1.39,1.84
2014.09.08,00:15:11.229,0.93124,0.9311,1.31,1.84
2014.09.08,00:15:11.738,0.93124,0.9311,1.39,1.84
2014.09.08,00:15:12.247,0.93124,0.9311,1.31,1.84
2014.09.08,00:15:14.146,0.93124,0.9311,1.39,1.84
2014.09.08,00:15:15.227,0.93124,0.9311,1.31,1.84
2014.09.08,00:15:22.359,0.93124,0.9311,2.06,1.4
2014.09.08,00:15:23.728,0.93124,0.9311,2.14,1.4
2014.09.08,00:15:25.333,0.93124,0.9311,1.39,1.84
2014.09.08,00:15:26.173,0.93124,0.9311,1.31,1.34
2014.09.08,00:15:26.779,0.93124,0.9311,1.31,1.34
2014.09.08,00:15:27.296,0.93124,0.9311,1.31,1.34
2014.09.08,00:15:28.886,0.93124,0.9311,1.39,1.84
2014.09.08,00:15:29.089,0.93126,0.93112,1.62,1.4
2014.09.08,00:15:29.293,0.93128,0.93116,1.2,1.1
2014.09.08,00:15:29.411,0.93129,0.93116,1.01,1.65
2014.09.08,00:15:29.920,0.9313,0.93116,2.06,1.65
2014.09.08,00:15:30.426,0.9313,0.93116,2.14,1.84
2014.09.08,00:15:31.551,0.9313,0.93116,1.39,2.59
2014.09.08,00:15:32.221,0.9313,0.93116,1.39,2.59
2014.09.08,00:15:32.727,0.9313,0.93116,1.31,2.59
2014.09.08,00:15:40.516,0.9313,0.93116,1.62,3.34
2014.09.08,00:15:41.818,0.9313,0.93116,1.31,3.71
2014.09.08,00:15:48.402,0.9313,0.93116,1.62,3.71
2014.09.08,00:15:48.706,0.93132,0.93118,2.81,1.4
2014.09.08,00:15:50.217,0.93132,0.93118,2.96,1.09
2014.09.08,00:15:51.942,0.93132,0.93119,1.84,1.47
2014.09.08,00:15:52.094,0.93134,0.93121,2.21,1.57
2014.09.08,00:15:52.297,0.93135,0.93121,1.76,1.65
2014.09.08,00:16:00.048,0.93137,0.93127,2.21,1
2014.09.08,00:16:00.962,0.93139,0.93127,1.46,1
2014.09.08,00:16:02.184,0.93139,0.93127,1.84,1
2014.09.08,00:16:05.999,0.93136,0.93125,1,1.36
2014.09.08,00:16:08.594,0.93136,0.93124,1,1.84
2014.09.08,00:16:09.100,0.93136,0.93124,1,2.59
2014.09.08,00:16:10.265,0.93136,0.93124,1.1,1.01
2014.09.08,00:16:10.569,0.93136,0.93124,2.02,1.25
2014.09.08,00:16:11.075,0.93134,0.93123,1.1,1.19
2014.09.08,00:16:11.278,0.93134,0.93122,1.17,1.25
2014.09.08,00:16:15.635,0.93134,0.93122,1.2,1.01
2014.09.08,00:16:16.183,0.93134,0.93122,1.45,1.25
2014.09.08,00:16:16.690,0.93134,0.93122,1.01,1.1
2014.09.08,00:16:17.353,0.93134,0.93122,1.09,1
2014.09.08,00:16:19.340,0.93134,0.93122,1.4,1
2014.09.08,00:16:20.019,0.93134,0.93122,1.4,1
2014.09.08,00:16:20.273,0.93134,0.93122,1.46,1
2014.09.08,00:16:20.324,0.93134,0.93122,1.46,1
2014.09.08,00:16:20.831,0.93134,0.93122,1.46,1
2014.09.08,00:16:26.427,0.93134,0.93122,2.21,1
2014.09.08,00:16:27.769,0.93134,0.93122,1.46,1
2014.09.08,00:16:30.782,0.93134,0.93122,1.84,1
2014.09.08,00:16:31.546,0.93134,0.93122,1.84,1
2014.09.08,00:16:35.467,0.93134,0.93122,1.46,1.12
2014.09.08,00:16:36.499,0.93134,0.93122,1.39,1.47
2014.09.08,00:16:37.163,0.93134,0.93122,1.46,1.37
2014.09.08,00:16:37.676,0.93134,0.93122,1.09,1
2014.09.08,00:16:38.179,0.93134,0.93122,1.01,1.1
2014.09.08,00:16:38.800,0.93134,0.93122,1.09,1
2014.09.08,00:16:39.384,0.93134,0.93122,1.39,1.1
2014.09.08,00:16:47.000,0.93134,0.93122,1.46,1.12
2014.09.08,00:16:52.356,0.93134,0.93122,1.46,1.1
2014.09.08,00:16:52.873,0.93134,0.93122,1.46,1
2014.09.08,00:16:54.042,0.93134,0.93122,1.09,1
2014.09.08,00:16:54.580,0.93134,0.93122,1.4,1
2014.09.08,00:16:57.561,0.93134,0.93122,1.4,1
2014.09.08,00:16:58.137,0.93134,0.93122,1.4,1
2014.09.08,00:16:58.239,0.93131,0.93119,1,2.21
2014.09.08,00:16:58.397,0.93129,0.93118,1,2.21
2014.09.08,00:16:58.914,0.93126,0.93118,1,1.01
2014.09.08,00:16:59.268,0.93129,0.93117,1,2.96
2014.09.08,00:17:02.310,0.93131,0.93119,1.1,1.39
2014.09.08,00:17:04.220,0.93131,0.93119,1.1,2.14
2014.09.08,00:17:05.222,0.93131,0.93119,1.1,1.39
2014.09.08,00:17:06.444,0.93131,0.93119,1.1,2.14
2014.09.08,00:17:12.337,0.93131,0.93119,1.1,1.01
2014.09.08,00:17:12.982,0.93131,0.93119,1,1.09
2014.09.08,00:17:13.687,0.93131,0.93119,1.1,1.01
2014.09.08,00:17:14.276,0.93131,0.93119,1.1,1.76
2014.09.08,00:17:19.680,0.93131,0.93119,1,1.46
2014.09.08,00:17:21.160,0.93134,0.93122,1.76,1.1
2014.09.08,00:17:27.182,0.93134,0.93122,1.31,1.17
2014.09.08,00:17:28.984,0.93134,0.93122,1.01,1.1
2014.09.08,00:17:29.580,0.93134,0.93122,1.25,1.07
2014.09.08,00:17:30.183,0.93134,0.93122,1.01,1.1
2014.09.08,00:17:30.692,0.93134,0.93122,1.25,1.17
2014.09.08,00:17:31.244,0.93134,0.93122,1.01,1.1
2014.09.08,00:17:31.820,0.93134,0.93122,1.25,1.17
2014.09.08,00:17:32.332,0.93134,0.93122,1.01,1.1
2014.09.08,00:17:39.533,0.93134,0.93122,1.31,1.17
2014.09.08,00:17:40.090,0.93134,0.93122,1.39,1.1
2014.09.08,00:17:59.188,0.93134,0.93122,1.31,1.17
2014.09.08,00:17:59.848,0.93134,0.93122,1.39,1.1
2014.09.08,00:18:02.089,0.93134,0.93122,1.31,1.17
2014.09.08,00:18:02.638,0.93134,0.93122,1.39,1.1
2014.09.08,00:18:03.159,0.93134,0.93122,1.46,1
2014.09.08,00:18:08.317,0.93134,0.93122,1.39,1.1
2014.09.08,00:18:08.989,0.93134,0.93122,1.39,1
2014.09.08,00:18:09.495,0.93134,0.93122,1.46,1
2014.09.08,00:18:13.020,0.93134,0.93122,1.39,1
2014.09.08,00:18:13.556,0.93134,0.93122,1.39,1.1
2014.09.08,00:18:14.062,0.93134,0.93122,1.39,1.1
2014.09.08,00:18:16.746,0.93134,0.93122,1.31,1
2014.09.08,00:18:21.292,0.93135,0.9312,2.21,1.46
2014.09.08,00:18:34.272,0.93131,0.9312,1,1.46
2014.09.08,00:18:34.689,0.93131,0.9312,1,1.46
2014.09.08,00:18:35.199,0.93131,0.93119,1,2.21
2014.09.08,00:18:35.706,0.93131,0.93119,1,2.21
2014.09.08,00:18:36.281,0.93131,0.93119,1,2.21
2014.09.08,00:18:40.274,0.93131,0.93119,1,2.21
2014.09.08,00:18:40.997,0.93131,0.93119,1,2.21
2014.09.08,00:18:41.604,0.93131,0.93119,1,2.21
2014.09.08,00:18:45.094,0.93131,0.93119,1,2.21
2014.09.08,00:18:45.600,0.93131,0.93119,1,1.46
2014.09.08,00:18:46.769,0.93131,0.93119,1,2.21
2014.09.08,00:18:47.581,0.93131,0.93119,1,2.21
2014.09.08,00:18:48.998,0.93131,0.93119,1,2.21
2014.09.08,00:18:49.604,0.93131,0.93119,1,2.21
2014.09.08,00:18:50.469,0.93131,0.93119,1,2.21
2014.09.08,00:18:51.107,0.93131,0.93119,1,2.21
2014.09.08,00:18:51.648,0.93131,0.93119,1,2.21
2014.09.08,00:18:52.315,0.93131,0.93119,1,2.21
2014.09.08,00:18:52.876,0.93131,0.93119,1,2.21
2014.09.08,00:18:53.790,0.93131,0.93119,1,2.21
2014.09.08,00:18:54.311,0.93131,0.93119,1,2.21
2014.09.08,00:18:56.809,0.93131,0.93119,1,2.21
2014.09.08,00:18:57.350,0.93131,0.93119,1,2.21
2014.09.08,00:18:57.856,0.93131,0.93119,1.46,1
2014.09.08,00:18:58.362,0.9313,0.93119,1.15,1
2014.09.08,00:18:58.616,0.93129,0.93117,3.15,1
2014.09.08,00:18:58.667,0.93125,0.93117,1.19,1
2014.09.08,00:18:58.768,0.93124,0.93112,1.84,1
2014.09.08,00:18:58.819,0.93124,0.93117,1.36,1
2014.09.08,00:18:58.921,0.93123,0.93112,1.09,1
2014.09.08,00:18:59.478,0.93124,0.93117,1.76,1
2014.09.08,00:18:59.681,0.93125,0.93114,1.36,1
2014.09.08,00:18:59.816,0.93124,0.93112,1.01,1.1
2014.09.08,00:19:01.770,0.93124,0.93112,2.14,1.1
2014.09.08,00:19:02.836,0.93124,0.93112,2.96,1
2014.09.08,00:19:04.014,0.93124,0.93112,2.14,1
2014.09.08,00:19:05.340,0.93124,0.93112,2.21,1
2014.09.08,00:19:05.904,0.93124,0.93112,2.21,1
2014.09.08,00:19:06.466,0.93124,0.93112,2.21,1
2014.09.08,00:19:09.696,0.93124,0.93112,2.96,1
2014.09.08,00:19:11.883,0.93118,0.93112,1,1
2014.09.08,00:19:25.371,0.93118,0.93112,1,1.17
2014.09.08,00:19:26.074,0.93118,0.93112,1,1.1
2014.09.08,00:19:26.590,0.93118,0.93112,1,1.17
2014.09.08,00:19:27.149,0.93118,0.93112,1,1.1
2014.09.08,00:20:03.712,0.93118,0.93109,1,2.02
2014.09.08,00:20:07.347,0.93118,0.93109,1,2.59
2014.09.08,00:20:17.658,0.93118,0.93109,1,3.71
2014.09.08,00:20:18.166,0.93118,0.93113,1,1.55
2014.09.08,00:20:18.370,0.93121,0.93116,1,1.1
2014.09.08,00:20:18.876,0.93121,0.93117,1,1
2014.09.08,00:20:19.382,0.9313,0.93116,2.21,2.89
2014.09.08,00:20:19.433,0.93121,0.93116,1,2.89
2014.09.08,00:20:19.484,0.9313,0.93118,2.06,1
2014.09.08,00:20:19.993,0.9313,0.93117,1.37,1.77
2014.09.08,00:20:20.906,0.93129,0.93117,1.1,2.14
2014.09.08,00:20:30.407,0.93129,0.93117,1,2.21
2014.09.08,00:20:31.784,0.93129,0.93117,1,2.21
2014.09.08,00:20:33.913,0.93129,0.93117,1,2.21
2014.09.08,00:20:34.420,0.93129,0.93117,1,2.21
2014.09.08,00:20:35.781,0.93129,0.93118,1,1.74
2014.09.08,00:20:35.946,0.93132,0.93119,1.01,1.46
2014.09.08,00:20:36.818,0.93132,0.93119,1.25,1.46
2014.09.08,00:20:37.425,0.93132,0.93119,1,2.96
2014.09.08,00:20:37.931,0.93132,0.93119,1,2.96
2014.09.08,00:20:39.405,0.93132,0.93119,1.31,1.46
2014.09.08,00:20:42.214,0.93132,0.93119,1.62,1.09
2014.09.08,00:20:42.315,0.93132,0.93119,2.21,1.01
2014.09.08,00:20:42.835,0.93129,0.93117,1,1.46
2014.09.08,00:20:43.141,0.93127,0.93114,1.1,3.71
2014.09.08,00:20:43.454,0.93124,0.93113,1,1.74
2014.09.08,00:20:44.815,0.93124,0.93112,1,2.96
2014.09.08,00:20:46.424,0.93124,0.93112,1,2.21
2014.09.08,00:20:46.880,0.93127,0.93113,1.36,2.96
2014.09.08,00:20:47.184,0.93124,0.93113,1,2.96
2014.09.08,00:20:47.336,0.93127,0.93114,1.39,1.46
2014.09.08,00:20:48.196,0.93124,0.93113,1,2.21
2014.09.08,00:20:49.164,0.93124,0.93114,1,1.01
2014.09.08,00:20:49.317,0.93127,0.93114,1.4,1.01
2014.09.08,00:20:49.824,0.93127,0.93114,1.09,1.39
2014.09.08,00:20:50.332,0.93128,0.93116,1.76,1
2014.09.08,00:20:50.839,0.93127,0.93114,1.01,1.09
2014.09.08,00:20:51.347,0.93129,0.93116,3.71,1.57
2014.09.08,00:20:52.054,0.93129,0.93117,2.96,1
2014.09.08,00:20:53.795,0.93129,0.93116,2.21,2.14
2014.09.08,00:20:55.203,0.93129,0.93116,2.21,1.31
2014.09.08,00:20:59.305,0.93129,0.93116,2.21,1.25
2014.09.08,00:20:59.407,0.93129,0.93116,2.21,1.25
2014.09.08,00:20:59.920,0.93129,0.93116,2.21,1.25
2014.09.08,00:21:00.604,0.93129,0.93116,2.96,1.12
2014.09.08,00:21:01.321,0.93129,0.93116,2.21,1.12
2014.09.08,00:21:04.922,0.93129,0.93116,2.96,1.12
2014.09.08,00:21:05.227,0.93127,0.93114,1.17,1.95
2014.09.08,00:21:05.755,0.93127,0.93114,1.17,1.95
2014.09.08,00:21:06.261,0.93127,0.93114,1.17,1.2
2014.09.08,00:21:06.363,0.93124,0.93112,1,2.96
2014.09.08,00:21:07.982,0.93127,0.93114,2.21,1.12
2014.09.08,00:21:08.539,0.93127,0.93114,1.4,1.39
2014.09.08,00:21:08.842,0.93124,0.93114,1,1.01
2014.09.08,00:21:08.894,0.93128,0.93113,2.96,2.96
2014.09.08,00:21:09.401,0.93128,0.93113,2.96,2.96
2014.09.08,00:21:13.635,0.93124,0.93113,1,2.96
2014.09.08,00:21:13.737,0.93127,0.93114,1.09,1.39
2014.09.08,00:21:14.494,0.93125,0.93114,1,1.01
2014.09.08,00:21:14.998,0.93127,0.93114,1.09,1.01
2014.09.08,00:21:15.277,0.93124,0.93113,1,2.96
2014.09.08,00:21:15.480,0.93127,0.93114,1.09,1.01
2014.09.08,00:21:16.272,0.93124,0.93113,1,2.89
2014.09.08,00:21:16.779,0.93127,0.93114,1.4,1.31
2014.09.08,00:21:17.381,0.93127,0.93114,1.4,1.62
2014.09.08,00:21:17.584,0.93127,0.93114,1.01,1.69
2014.09.08,00:21:17.887,0.93124,0.93114,1,1.62
2014.09.08,00:21:17.988,0.93127,0.93114,1.01,2.06
2014.09.08,00:21:18.646,0.93124,0.93113,1,2.51
2014.09.08,00:21:19.204,0.93128,0.93114,2.96,1.31
2014.09.08,00:21:19.713,0.93127,0.93114,1.4,1.31
2014.09.08,00:21:20.739,0.93124,0.93113,1,2.06
2014.09.08,00:21:20.893,0.93127,0.93114,1.84,1.25
2014.09.08,00:21:21.506,0.93127,0.93114,2.59,1
2014.09.08,00:21:22.013,0.93127,0.93114,2.59,1.12
2014.09.08,00:21:24.618,0.93124,0.93113,1,1.39
2014.09.08,00:21:25.023,0.93124,0.93113,1,1.39
2014.09.08,00:21:25.554,0.93127,0.93114,2.59,1
2014.09.08,00:21:26.069,0.93124,0.93114,1.1,1.37
2014.09.08,00:21:26.220,0.93127,0.93114,2.59,1
2014.09.08,00:21:26.423,0.93127,0.93114,2.59,1
2014.09.08,00:21:26.929,0.93126,0.93113,1.4,2.06
2014.09.08,00:21:27.233,0.93127,0.93114,2.59,1.1
2014.09.08,00:21:27.486,0.93124,0.93113,1,1.62
2014.09.08,00:21:27.588,0.93127,0.93114,2.96,1.12
2014.09.08,00:21:27.689,0.93127,0.93114,2.59,1
2014.09.08,00:21:28.585,0.93124,0.93113,1.1,1.25
2014.09.08,00:21:29.092,0.93127,0.93114,2.59,1
2014.09.08,00:21:30.107,0.93127,0.93114,2.96,1.12
2014.09.08,00:21:30.819,0.93127,0.93114,1.84,1
2014.09.08,00:21:39.630,0.93124,0.93113,1.1,1.31
2014.09.08,00:22:02.077,0.93124,0.93112,1.17,2.06
2014.09.08,00:22:02.599,0.93124,0.93112,1.17,1.31
2014.09.08,00:22:03.555,0.93124,0.93112,1.17,2.06
2014.09.08,00:22:08.184,0.93124,0.93113,1.1,1.12
2014.09.08,00:22:08.690,0.93124,0.93113,1.07,1.31
2014.09.08,00:22:09.311,0.93124,0.93112,1.1,2.14
2014.09.08,00:22:10.193,0.93124,0.93113,1.07,1.12
2014.09.08,00:22:11.218,0.93124,0.93113,1.1,1.12
2014.09.08,00:22:11.913,0.93124,0.93113,1.07,1.12
2014.09.08,00:22:12.420,0.93124,0.93113,1.1,1.12
2014.09.08,00:22:12.922,0.93124,0.93113,1.17,1.12
2014.09.08,00:22:13.429,0.93124,0.93113,1.1,1.12
2014.09.08,00:22:13.970,0.93124,0.93113,1.17,1.12
2014.09.08,00:22:14.479,0.93124,0.93113,1.1,1.12
2014.09.08,00:22:15.304,0.93124,0.93112,1.17,1.62
2014.09.08,00:22:15.823,0.93124,0.93112,1.1,1.39
2014.09.08,00:22:16.636,0.93124,0.93112,1.1,1.39
2014.09.08,00:22:17.185,0.93124,0.93111,1.07,2.96
2014.09.08,00:22:17.932,0.93124,0.93111,1.1,2.96
2014.09.08,00:22:18.516,0.93124,0.93111,1.17,2.89
2014.09.08,00:22:19.043,0.93124,0.93111,1.17,2.89
2014.09.08,00:22:19.569,0.93124,0.93111,1.15,2.06
2014.09.08,00:22:19.873,0.93121,0.93109,1.17,1.19
2014.09.08,00:22:19.924,0.93121,0.93108,1.15,1.69
2014.09.08,00:22:20.431,0.93118,0.93106,1,1.69
2014.09.08,00:22:20.981,0.93118,0.93106,1,1.69
2014.09.08,00:22:21.488,0.93118,0.93106,1.1,2.14
2014.09.08,00:22:22.104,0.93118,0.93106,1.1,1.39
2014.09.08,00:22:22.611,0.93118,0.93107,1,2.02
2014.09.08,00:22:24.296,0.93118,0.93107,1,1.46
2014.09.08,00:22:34.737,0.93118,0.93107,1,2.21
2014.09.08,00:22:37.604,0.93118,0.93107,1,2.21
2014.09.08,00:22:38.736,0.93118,0.93107,1,2.14
2014.09.08,00:22:53.068,0.93118,0.93107,1,1.77
2014.09.08,00:22:53.581,0.93118,0.93107,1,1.46
2014.09.08,00:22:54.092,0.93118,0.93107,1,1.46
2014.09.08,00:23:10.366,0.93118,0.93107,1,1.39
2014.09.08,00:23:18.881,0.93118,0.93106,1.47,1.29
2014.09.08,00:23:18.983,0.93118,0.93105,1.52,1.31
2014.09.08,00:23:21.318,0.93118,0.93103,1.74,2.96
2014.09.08,00:23:25.916,0.93119,0.93104,2.96,1.71
2014.09.08,00:23:26.452,0.93119,0.93104,2.96,1.74
2014.09.08,00:23:27.163,0.93119,0.93104,2.96,1.71
2014.09.08,00:23:27.697,0.93119,0.93104,2.96,1.74
2014.09.08,00:23:28.537,0.93119,0.93104,2.96,1.71
2014.09.08,00:23:29.054,0.93119,0.93104,2.21,2.21
2014.09.08,00:23:29.592,0.93119,0.93104,2.21,2.21
2014.09.08,00:23:30.126,0.93119,0.93104,2.21,2.21
2014.09.08,00:23:31.148,0.93119,0.93104,2.21,2.21
2014.09.08,00:23:31.250,0.93119,0.93104,1.39,2.96
2014.09.08,00:23:31.939,0.9312,0.93105,2.4,2.21
2014.09.08,00:23:35.140,0.9312,0.93106,2.21,2.21
2014.09.08,00:23:35.661,0.9312,0.93106,2.21,1.36
2014.09.08,00:23:36.167,0.9312,0.93104,2.21,3.71
2014.09.08,00:23:36.673,0.9312,0.93104,2.96,3.71
2014.09.08,00:23:39.170,0.93119,0.93104,1.64,2.96
2014.09.08,00:23:39.734,0.93119,0.93104,1.66,2.96
2014.09.08,00:23:44.570,0.93119,0.93104,2.06,2.96
2014.09.08,00:23:45.077,0.93119,0.93104,2.14,2.96
2014.09.08,00:23:46.156,0.93119,0.93104,2.06,3.71
2014.09.08,00:23:46.661,0.93119,0.93104,2.14,3.71
2014.09.08,00:23:54.083,0.93118,0.93104,1.46,1.74
2014.09.08,00:24:00.364,0.93118,0.93103,3.71,2.96
2014.09.08,00:24:02.011,0.93115,0.93103,1,3.71
2014.09.08,00:24:02.466,0.93113,0.93104,1,1.46
2014.09.08,00:24:02.770,0.9311,0.93103,1,2.14
2014.09.08,00:24:15.913,0.9311,0.93102,1,1.46
2014.09.08,00:24:22.216,0.9311,0.93102,1,1.46
2014.09.08,00:24:23.164,0.9311,0.93102,1,1.46
2014.09.08,00:24:28.723,0.93112,0.93101,1,1.71
2014.09.08,00:24:29.737,0.93112,0.93102,1,1.46
2014.09.08,00:24:32.325,0.93112,0.93101,1,2.21
2014.09.08,00:25:03.169,0.93114,0.93101,1.27,2.14
2014.09.08,00:25:03.679,0.93112,0.931,1.1,1.39
2014.09.08,00:25:03.883,0.93114,0.93101,1.1,2.21
2014.09.08,00:25:04.440,0.93114,0.93101,1.17,2.14
2014.09.08,00:25:04.985,0.93114,0.93101,1.1,2.21
2014.09.08,00:25:05.517,0.93114,0.93101,1.17,2.14
2014.09.08,00:25:06.240,0.93114,0.93102,1.1,1.66
2014.09.08,00:25:06.840,0.93114,0.93102,1.17,1.56
2014.09.08,00:25:07.943,0.93114,0.93101,1,2.21
2014.09.08,00:25:09.883,0.93116,0.93104,1.74,1
2014.09.08,00:25:15.370,0.93117,0.93104,3.71,1.01
2014.09.08,00:25:15.911,0.93117,0.93104,2.21,1.39
2014.09.08,00:25:18.056,0.93117,0.93104,2.02,2.89
2014.09.08,00:25:18.260,0.93117,0.93106,1.12,1.8
2014.09.08,00:25:18.614,0.93119,0.93106,1.76,1.84
2014.09.08,00:25:19.690,0.93119,0.93106,1,3.11
2014.09.08,00:25:20.219,0.93119,0.93106,1,2.96
2014.09.08,00:25:21.154,0.93119,0.93107,1,1.46
2014.09.08,00:25:23.744,0.93119,0.93106,1.2,2.96
2014.09.08,00:25:25.768,0.93119,0.93107,1.1,1.39
2014.09.08,00:25:27.317,0.93119,0.93107,1.17,1.31
2014.09.08,00:25:27.859,0.93119,0.93106,1.07,2.96
2014.09.08,00:25:28.401,0.93119,0.93106,1.2,2.81
2014.09.08,00:25:29.315,0.93119,0.93106,1.27,2.89
2014.09.08,00:25:29.841,0.93119,0.93106,1.2,2.96
2014.09.08,00:25:38.408,0.93119,0.93106,1.27,2.14
2014.09.08,00:25:38.922,0.93119,0.93106,1.27,2.06
2014.09.08,00:25:39.429,0.93119,0.93106,1.77,1.31
2014.09.08,00:25:40.232,0.93119,0.93106,1.77,1.31
2014.09.08,00:25:40.739,0.93119,0.93106,1.77,1.31
2014.09.08,00:25:41.612,0.93119,0.93106,1.77,1.31
2014.09.08,00:25:42.163,0.93119,0.93106,1.77,1.31
2014.09.08,00:25:42.672,0.93119,0.93106,2.21,1.12
2014.09.08,00:25:43.309,0.93119,0.93106,2.21,1.12
2014.09.08,00:25:44.131,0.93119,0.93106,3.71,1.12
2014.09.08,00:25:59.845,0.93119,0.93106,2.02,1.12
2014.09.08,00:26:00.351,0.93119,0.93106,1.52,1.12
2014.09.08,00:26:11.401,0.93119,0.93106,1.46,1.25
2014.09.08,00:26:12.059,0.93119,0.93107,1.17,1.31
2014.09.08,00:26:12.110,0.93119,0.93107,1.1,1.39
2014.09.08,00:26:12.262,0.93122,0.93111,2.96,1
2014.09.08,00:26:12.772,0.93122,0.93111,1.34,1
2014.09.08,00:26:17.226,0.93122,0.93109,1.77,1.31
2014.09.08,00:26:24.007,0.93122,0.93109,1.77,1.25
2014.09.08,00:26:39.344,0.93122,0.93109,2.21,1.31
2014.09.08,00:26:41.758,0.93122,0.93109,2.21,1.31
2014.09.08,00:27:15.068,0.93122,0.93109,1.77,1.62
2014.09.08,00:27:17.104,0.93122,0.93109,1.4,1.25
2014.09.08,00:27:24.924,0.93123,0.93108,2.21,2.21
2014.09.08,00:27:25.460,0.93123,0.93108,2.21,2.14
2014.09.08,00:27:26.019,0.93123,0.93108,2.21,2.21
2014.09.08,00:27:26.712,0.93123,0.93108,2.21,2.14
2014.09.08,00:27:30.015,0.93123,0.93108,2.21,2.21
2014.09.08,00:27:30.523,0.93123,0.93108,2.21,2.14
2014.09.08,00:27:33.134,0.93123,0.93108,2.21,2.21
2014.09.08,00:27:44.567,0.93123,0.93109,1.77,1.39
2014.09.08,00:27:45.355,0.93123,0.93109,1.46,1.46
2014.09.08,00:27:45.890,0.93123,0.93108,2.21,2.21
2014.09.08,00:27:47.854,0.93123,0.93108,2.21,2.21
2014.09.08,00:27:49.060,0.93123,0.93108,2.21,2.21
2014.09.08,00:27:51.230,0.93123,0.93108,2.21,2.21
2014.09.08,00:27:51.751,0.93123,0.93108,2.21,2.21
2014.09.08,00:27:52.056,0.93123,0.93108,2.14,2.21
2014.09.08,00:27:53.168,0.93123,0.93109,1.39,1.77
2014.09.08,00:27:53.724,0.93124,0.93109,1.74,2.21
2014.09.08,00:27:54.274,0.93124,0.93111,1.19,2.25
2014.09.08,00:27:54.579,0.93126,0.93113,2.14,1.55
2014.09.08,00:27:55.085,0.93126,0.93115,1,1.39
2014.09.08,00:27:56.319,0.93126,0.93115,1.1,1.31
2014.09.08,00:27:57.168,0.93126,0.93115,1.1,1.56
2014.09.08,00:27:57.676,0.93125,0.93116,1,1.64
2014.09.08,00:27:57.778,0.93128,0.93116,1.2,1.76
2014.09.08,00:27:58.298,0.93128,0.93117,1,1.66
2014.09.08,00:27:58.450,0.93125,0.93117,1,1.66
2014.09.08,00:27:58.777,0.93128,0.93117,1,2.21
2014.09.08,00:27:59.335,0.93128,0.93118,1,1.31
2014.09.08,00:28:01.303,0.93128,0.93118,1,1.31
2014.09.08,00:28:03.355,0.93128,0.93118,1,1.31
2014.09.08,00:28:15.343,0.93128,0.93117,1.1,1.56
2014.09.08,00:28:15.394,0.93125,0.93117,1,1.56
2014.09.08,00:28:15.601,0.93128,0.93117,1.1,1.56
2014.09.08,00:28:16.466,0.93125,0.93117,1,1.19
2014.09.08,00:28:16.567,0.93128,0.93117,1,1.31
2014.09.08,00:28:17.089,0.93128,0.93117,1,2.14
2014.09.08,00:28:17.606,0.93128,0.93118,1,1.74
2014.09.08,00:28:33.545,0.93128,0.93118,1,1.66
2014.09.08,00:28:33.748,0.93126,0.93118,1,1.39
2014.09.08,00:28:33.849,0.93128,0.93118,1,1.66
2014.09.08,00:28:33.951,0.9313,0.93118,1,1.74
2014.09.08,00:28:39.810,0.93127,0.93117,1,2.96
2014.09.08,00:28:54.819,0.93127,0.93117,1,2.96
2014.09.08,00:28:55.327,0.9313,0.93119,1,1.46
2014.09.08,00:28:55.833,0.93132,0.9312,1,2.02
2014.09.08,00:28:57.192,0.93132,0.9312,1,3.71
2014.09.08,00:29:14.546,0.93132,0.9312,1,3.71
2014.09.08,00:29:14.850,0.93132,0.93121,1,1.55
2014.09.08,00:29:15.457,0.93132,0.93121,1,1.52
2014.09.08,00:29:15.983,0.93132,0.93121,1,1.71
2014.09.08,00:29:16.490,0.93132,0.93121,1,1.71
2014.09.08,00:29:35.886,0.93132,0.93122,1,1.71
2014.09.08,00:29:37.512,0.93132,0.93122,1,1.74
2014.09.08,00:29:38.017,0.93132,0.93122,1,1.66
2014.09.08,00:29:39.080,0.93132,0.93121,1,2.21
2014.09.08,00:29:40.102,0.93132,0.93121,1,1.71
2014.09.08,00:29:44.076,0.93132,0.93121,1,1.71
2014.09.08,00:29:44.178,0.93132,0.93121,1,1.71
2014.09.08,00:29:44.684,0.93132,0.93121,1,1.71
2014.09.08,00:29:54.594,0.93132,0.93121,1,1.64
2014.09.08,00:29:55.593,0.93132,0.93121,1,1.74
2014.09.08,00:29:55.835,0.93135,0.93121,1.46,1.74
2014.09.08,00:29:56.346,0.93135,0.93121,1.31,1.71
2014.09.08,00:29:57.606,0.93135,0.93121,1.31,1.71
2014.09.08,00:29:58.272,0.93136,0.93121,2.21,1.74
2014.09.08,00:29:59.586,0.93136,0.93121,2.21,1.71
2014.09.08,00:29:59.688,0.93136,0.93121,2.21,1.74
2014.09.08,00:29:59.841,0.93136,0.93121,2.21,1.66
2014.09.08,00:30:00.599,0.93136,0.93121,2.96,1.74
2014.09.08,00:30:01.303,0.93136,0.93121,2.96,1.66
2014.09.08,00:30:11.345,0.93136,0.93121,2.96,1.66
2014.09.08,00:30:12.268,0.93136,0.93121,2.21,1.66
2014.09.08,00:30:13.295,0.93136,0.93121,2.21,1.74
2014.09.08,00:30:13.928,0.93136,0.93121,2.21,1.66
2014.09.08,00:30:14.446,0.93136,0.93121,2.21,1.74
2014.09.08,00:30:14.992,0.93136,0.93121,2.21,1.66
2014.09.08,00:30:18.045,0.93136,0.93121,2.21,1.74
2014.09.08,00:30:18.551,0.93136,0.93121,2.21,1.66
2014.09.08,00:30:19.211,0.93136,0.93121,2.21,1.74
2014.09.08,00:30:22.046,0.93136,0.93121,2.21,1.71
2014.09.08,00:30:23.284,0.93136,0.93121,2.21,1.71
2014.09.08,00:30:23.588,0.93134,0.93121,1.15,1.56
2014.09.08,00:30:24.094,0.93134,0.93121,1.27,1.56
2014.09.08,00:30:24.749,0.93134,0.9312,1.46,2.14
2014.09.08,00:30:25.254,0.93134,0.9312,1.4,2.14
2014.09.08,00:30:25.841,0.93134,0.9312,1.09,2.21
2014.09.08,00:30:26.376,0.93134,0.9312,1.46,2.21
2014.09.08,00:30:27.595,0.93134,0.9312,1.09,2.21
2014.09.08,00:30:28.101,0.93134,0.9312,1.46,2.21
2014.09.08,00:30:28.606,0.93134,0.9312,1.4,2.14
2014.09.08,00:30:29.146,0.93134,0.9312,1.09,2.21
2014.09.08,00:30:30.781,0.93134,0.9312,1.46,2.21
2014.09.08,00:30:31.115,0.93134,0.9312,1.77,2.14
2014.09.08,00:30:31.217,0.9313,0.9312,1.1,1.12
2014.09.08,00:30:31.521,0.9313,0.93118,1.2,1.87
2014.09.08,00:30:31.825,0.93125,0.93114,1,2.96
2014.09.08,00:30:31.978,0.93128,0.93114,1.17,3.71
2014.09.08,00:30:32.488,0.93128,0.93114,1.1,4.46
2014.09.08,00:30:34.233,0.93128,0.93115,1.1,2.21
2014.09.08,00:30:46.742,0.93128,0.93116,1.1,1.01
2014.09.08,00:30:46.844,0.93128,0.93116,1.1,1.39
2014.09.08,00:30:48.769,0.93128,0.93116,1.1,1.01
2014.09.08,00:30:48.871,0.93128,0.93116,1.1,1.39
2014.09.08,00:30:49.765,0.93128,0.93116,1.1,1.01
2014.09.08,00:30:49.866,0.93128,0.93116,1,1.46
2014.09.08,00:30:50.372,0.93128,0.93116,1,1.09
2014.09.08,00:30:50.878,0.93128,0.93116,1,1.46
2014.09.08,00:30:51.774,0.93128,0.93116,1.17,1.25
2014.09.08,00:30:51.977,0.93128,0.93116,1.1,1.39
2014.09.08,00:30:55.772,0.93128,0.93115,1.1,2.21
2014.09.08,00:30:55.874,0.93128,0.93115,1.1,2.21
2014.09.08,00:30:56.961,0.93128,0.93115,1.1,2.21
2014.09.08,00:31:00.975,0.93128,0.93115,1.1,1.46
2014.09.08,00:31:03.799,0.93128,0.93115,1.1,2.21
2014.09.08,00:31:03.901,0.93128,0.93115,1.1,2.21
2014.09.08,00:31:06.094,0.93128,0.93115,1.1,2.21
2014.09.08,00:31:06.197,0.93128,0.93115,1.1,2.21
2014.09.08,00:31:06.999,0.93128,0.93115,1.1,2.21
2014.09.08,00:31:07.507,0.93128,0.93115,1.1,2.21
2014.09.08,00:31:08.500,0.93128,0.93115,1.1,2.21
2014.09.08,00:31:08.602,0.93128,0.93115,1.1,2.21
2014.09.08,00:31:08.703,0.93128,0.93115,1.1,2.21
2014.09.08,00:31:09.704,0.93128,0.93115,1.1,2.21
2014.09.08,00:31:12.493,0.93125,0.93115,1,1.74
2014.09.08,00:31:16.734,0.93125,0.93115,1,1.71
2014.09.08,00:31:21.047,0.93125,0.93114,1,1.76
2014.09.08,00:31:21.554,0.93125,0.93114,1,1.76
2014.09.08,00:31:24.500,0.93125,0.93113,1,2.96
2014.09.08,00:31:25.008,0.93125,0.93113,1,2.96
2014.09.08,00:31:35.420,0.93125,0.93113,1,2.96
2014.09.08,00:31:35.926,0.93125,0.93113,1.57,2.14
2014.09.08,00:31:36.230,0.93123,0.93111,1.07,1.19
2014.09.08,00:31:36.736,0.93123,0.93112,1,1.01
2014.09.08,00:31:37.444,0.93123,0.93112,1,1.09
2014.09.08,00:31:37.748,0.93123,0.93112,1,1.39
2014.09.08,00:31:39.534,0.93123,0.93112,1,2.96
2014.09.08,00:31:47.826,0.93123,0.93113,1,1.71
2014.09.08,00:31:48.231,0.93126,0.93113,1,2.21
2014.09.08,00:31:48.434,0.93124,0.93113,1,1.71
2014.09.08,00:31:48.687,0.93126,0.93113,1.31,1.77
2014.09.08,00:31:59.673,0.93126,0.93113,1.2,2.21
2014.09.08,00:32:00.621,0.93126,0.93114,1.2,1.39
2014.09.08,00:32:02.633,0.93126,0.93113,1.2,2.21
2014.09.08,00:32:04.490,0.93126,0.93113,1.12,2.21
2014.09.08,00:32:04.996,0.93126,0.93113,1.1,1.84
2014.09.08,00:32:05.604,0.93126,0.93113,1.12,2.21
2014.09.08,00:32:16.496,0.93126,0.93114,1.12,1.74
2014.09.08,00:32:17.003,0.93126,0.93116,1,1.46
2014.09.08,00:32:17.155,0.93129,0.93116,1.25,2.96
2014.09.08,00:32:17.307,0.93129,0.93117,1,3.19
2014.09.08,00:32:17.459,0.93131,0.9312,1,1.1
2014.09.08,00:32:17.663,0.93134,0.93121,1.84,1.57
2014.09.08,00:32:17.815,0.93134,0.93122,1,1.32
2014.09.08,00:32:18.323,0.93134,0.93124,1.1,1
2014.09.08,00:32:18.851,0.93134,0.93123,1,1.55
2014.09.08,00:32:21.527,0.93134,0.93122,1.12,2.21
2014.09.08,00:32:22.037,0.93134,0.93122,1.39,1.47
2014.09.08,00:32:25.742,0.93131,0.93122,1.12,1
2014.09.08,00:32:26.248,0.93131,0.93121,1.12,1
2014.09.08,00:32:28.220,0.93131,0.93121,1.37,1
2014.09.08,00:32:41.972,0.93132,0.93121,1.46,1
2014.09.08,00:32:50.571,0.93128,0.93118,1,2.21
2014.09.08,00:32:50.723,0.93128,0.93117,1.37,1.01
2014.09.08,00:32:51.179,0.93128,0.93115,3.71,1.5
2014.09.08,00:32:51.230,0.93124,0.93113,1,1.09
2014.09.08,00:32:51.788,0.93125,0.93112,1.37,2.59
2014.09.08,00:32:52.320,0.93123,0.93111,1.12,2.21
2014.09.08,00:32:53.670,0.93123,0.93111,1.12,2.59
2014.09.08,00:32:54.176,0.93125,0.93112,1.39,1.46
2014.09.08,00:32:54.783,0.93125,0.93112,1.46,1.39
2014.09.08,00:32:55.555,0.93125,0.93112,1.39,1.39
2014.09.08,00:33:00.394,0.93125,0.93112,1.39,1.39
2014.09.08,00:33:00.901,0.93125,0.93112,1.12,2.96
2014.09.08,00:33:01.479,0.93125,0.93112,1.2,2.96
2014.09.08,00:33:01.988,0.93125,0.93112,1.12,2.96
2014.09.08,00:33:07.986,0.93125,0.93112,1.12,2.96
2014.09.08,00:33:08.574,0.93125,0.93112,1.12,2.96
2014.09.08,00:33:09.079,0.93125,0.93112,1.2,2.96
2014.09.08,00:33:22.354,0.93125,0.93112,1.47,2.96
2014.09.08,00:33:25.641,0.93125,0.93112,1.47,2.21
2014.09.08,00:33:27.636,0.93125,0.93112,1.62,1.46
2014.09.08,00:33:28.649,0.93125,0.93112,1.37,2.21
2014.09.08,00:33:29.663,0.93125,0.93112,1.62,1.46
2014.09.08,00:33:30.639,0.93125,0.93112,1.37,2.21
2014.09.08,00:33:31.474,0.93125,0.93112,1.37,2.96
2014.09.08,00:33:37.593,0.93125,0.93112,1.37,2.96
2014.09.08,00:33:38.100,0.93122,0.93112,1,1.31
2014.09.08,00:33:38.625,0.93122,0.93111,1,1.46
2014.09.08,00:33:42.642,0.93122,0.93111,1,1.46
2014.09.08,00:33:42.997,0.93122,0.93112,1,1.27
2014.09.08,00:33:43.519,0.93125,0.93113,2.14,1.1
2014.09.08,00:33:44.025,0.93122,0.93112,1,1.27
2014.09.08,00:33:44.532,0.93125,0.93113,1.47,1.1
2014.09.08,00:33:45.038,0.93122,0.93112,1,1.52
2014.09.08,00:33:45.141,0.93125,0.93113,1.37,1.27
2014.09.08,00:33:45.660,0.93125,0.93113,1.47,1.2
2014.09.08,00:33:46.730,0.93125,0.93113,1.2,1.39
2014.09.08,00:33:47.088,0.93125,0.93115,1.12,1.15
2014.09.08,00:33:47.240,0.93127,0.93115,1.25,2.25
2014.09.08,00:33:47.393,0.93127,0.93116,1,1.77
2014.09.08,00:33:51.712,0.93127,0.93118,1,2.21
2014.09.08,00:33:51.864,0.9313,0.93118,1,2.96
2014.09.08,00:33:52.066,0.93132,0.9312,1.25,1.55
2014.09.08,00:33:52.581,0.93132,0.9312,1.31,1.55
2014.09.08,00:34:07.071,0.93132,0.9312,1.37,1.46
2014.09.08,00:34:07.581,0.93132,0.9312,1,1.46
2014.09.08,00:34:13.559,0.93132,0.9312,1,1.46
2014.09.08,00:34:14.086,0.93132,0.9312,1,2.21
2014.09.08,00:34:20.805,0.93132,0.9312,1.37,2.21
2014.09.08,00:34:24.408,0.93132,0.9312,1.12,2.21
2014.09.08,00:34:26.535,0.93132,0.9312,1.12,2.14
2014.09.08,00:34:27.041,0.93132,0.93121,1.1,1.62
2014.09.08,00:34:27.142,0.93132,0.9312,1.2,2.14
2014.09.08,00:34:28.030,0.93132,0.9312,1.87,1.46
2014.09.08,00:34:28.536,0.93132,0.9312,1.12,1.46
2014.09.08,00:34:31.113,0.93132,0.9312,1.1,1.39
2014.09.08,00:34:44.066,0.93132,0.9312,1.12,1.7
2014.09.08,00:34:44.572,0.93132,0.9312,1.95,1.39
2014.09.08,00:34:45.450,0.93131,0.9312,1.37,1.01
2014.09.08,00:34:45.956,0.93132,0.9312,1.39,1.1
2014.09.08,00:34:46.629,0.93132,0.9312,1.39,1.1
2014.09.08,00:34:47.159,0.93132,0.9312,1.47,1.2
2014.09.08,00:34:47.665,0.93132,0.9312,1.95,1.1
2014.09.08,00:34:49.867,0.93131,0.9312,1.66,1
2014.09.08,00:34:49.969,0.93131,0.93118,2.96,1.1
2014.09.08,00:34:50.070,0.93127,0.93117,1.37,1.1
2014.09.08,00:34:50.375,0.93127,0.93115,2.21,1.87
2014.09.08,00:34:50.679,0.93127,0.93115,2.06,2.02
2014.09.08,00:34:51.191,0.93127,0.93115,1.25,1.65
2014.09.08,00:34:53.596,0.93127,0.93117,1,1.45
2014.09.08,00:34:54.002,0.93127,0.93117,1,2.96
2014.09.08,00:34:54.104,0.93131,0.93117,1.1,5.96
2014.09.08,00:34:54.257,0.93131,0.93118,1.1,1.46
2014.09.08,00:34:54.308,0.93131,0.93118,1,1.77
2014.09.08,00:34:54.815,0.93132,0.9312,1.31,1.17
2014.09.08,00:35:02.089,0.93132,0.9312,1.37,1.46
2014.09.08,00:35:04.676,0.93132,0.9312,1.12,1.46
2014.09.08,00:35:09.216,0.93132,0.9312,1.12,1.55
2014.09.08,00:35:12.735,0.93132,0.9312,1,2.21
2014.09.08,00:35:13.244,0.93132,0.9312,1,2.21
2014.09.08,00:35:14.462,0.93132,0.9312,1,2.21
2014.09.08,00:35:14.974,0.93132,0.9312,1,1.77
2014.09.08,00:35:15.503,0.93132,0.9312,1,1.77
2014.09.08,00:35:19.032,0.93132,0.9312,1,1.77
2014.09.08,00:35:24.156,0.93132,0.9312,1.12,1.7
2014.09.08,00:35:24.663,0.93132,0.9312,1.37,1.39
2014.09.08,00:35:25.348,0.93132,0.9312,1.12,1.7
2014.09.08,00:35:28.815,0.93132,0.9312,1.37,1.39
2014.09.08,00:35:29.765,0.93132,0.9312,1.87,1.7
2014.09.08,00:35:41.890,0.93132,0.9312,1.37,1.95
2014.09.08,00:35:44.567,0.93132,0.9312,1.12,2.14
2014.09.08,00:35:45.670,0.93132,0.9312,1,2.14
2014.09.08,00:35:50.300,0.93132,0.9312,1,2.96
2014.09.08,00:35:50.806,0.93132,0.9312,1.37,2.21
2014.09.08,00:35:51.338,0.93132,0.9312,1.12,1.46
2014.09.08,00:35:55.914,0.93133,0.93119,1.39,1.71
2014.09.08,00:35:56.319,0.93131,0.93119,1.37,1.34
2014.09.08,00:35:56.420,0.93127,0.93117,1,1.09
2014.09.08,00:35:56.724,0.93127,0.93116,1,1.09
2014.09.08,00:35:57.230,0.93127,0.93115,1,1.84
2014.09.08,00:35:57.736,0.93127,0.93115,1.37,1.46
2014.09.08,00:35:58.246,0.93127,0.93115,1.37,1.46
2014.09.08,00:35:58.752,0.93127,0.93115,1.37,1.46
2014.09.08,00:35:59.625,0.93127,0.93115,1.37,1.46
2014.09.08,00:36:01.966,0.93127,0.93115,1.12,1.52
2014.09.08,00:36:02.471,0.93127,0.93115,1.12,1.82
2014.09.08,00:36:03.007,0.93127,0.93115,1.12,2.44
2014.09.08,00:36:03.641,0.93127,0.93115,1.12,2.44
2014.09.08,00:36:05.074,0.93127,0.93115,1.12,2.44
2014.09.08,00:36:11.579,0.93127,0.93115,1,3.94
2014.09.08,00:36:12.358,0.93127,0.93115,1,3.19
2014.09.08,00:36:12.977,0.93127,0.93115,1,3.19
2014.09.08,00:36:13.584,0.93127,0.93115,1,3.19
2014.09.08,00:36:14.100,0.93127,0.93115,1,3.19
2014.09.08,00:36:25.000,0.93127,0.93115,1,3.94
2014.09.08,00:36:25.662,0.93127,0.93115,1,3.94
2014.09.08,00:36:26.900,0.93127,0.93115,1,3.94
2014.09.08,00:36:29.395,0.93127,0.93115,1,3.71
2014.09.08,00:36:30.042,0.93127,0.93115,1,3.71
2014.09.08,00:36:35.930,0.93127,0.93115,1.37,2.21
2014.09.08,00:36:37.813,0.93127,0.93115,1.45,1.39
2014.09.08,00:36:38.219,0.93125,0.93115,1.47,1
2014.09.08,00:36:38.522,0.93122,0.93113,1,1.46
2014.09.08,00:36:38.624,0.93125,0.93113,1.95,2.14
2014.09.08,00:36:39.131,0.93124,0.93113,1.37,1.84
2014.09.08,00:36:39.743,0.93125,0.93113,1.37,2.21
2014.09.08,00:36:40.259,0.93125,0.93113,1.12,2.14
2014.09.08,00:36:40.614,0.93125,0.93115,1,1.42
2014.09.08,00:36:40.921,0.93127,0.93116,1,1.52
2014.09.08,00:36:41.428,0.93127,0.93117,1,1.55
2014.09.08,00:36:48.000,0.93127,0.93117,1,2.21
2014.09.08,00:37:04.558,0.93127,0.93117,1,2.21
2014.09.08,00:37:05.555,0.93127,0.93117,1,2.21
2014.09.08,00:37:23.670,0.93127,0.93117,1,2.21
2014.09.08,00:37:24.174,0.93127,0.93117,1,2.21
2014.09.08,00:37:26.002,0.93127,0.93117,1,2.21
2014.09.08,00:37:26.509,0.93127,0.93117,1,2.96
2014.09.08,00:37:29.673,0.93127,0.93117,1,2.96
2014.09.08,00:37:30.179,0.93127,0.93117,1,2.96
2014.09.08,00:37:31.422,0.93127,0.93117,1,2.21
2014.09.08,00:37:31.960,0.93127,0.93117,1,2.21
2014.09.08,00:37:37.708,0.93127,0.93117,1,1.84
2014.09.08,00:37:38.215,0.93127,0.93117,1,1.84
2014.09.08,00:37:40.824,0.93132,0.93117,2.89,1.84
2014.09.08,00:37:41.556,0.93132,0.93117,2.06,1.84
2014.09.08,00:37:45.742,0.93132,0.93117,2.14,1.84
2014.09.08,00:37:50.515,0.93132,0.93117,2.14,2.21
2014.09.08,00:37:51.069,0.93132,0.93117,2.06,2.21
2014.09.08,00:37:55.689,0.93132,0.93117,2.14,2.21
2014.09.08,00:37:56.222,0.93132,0.93117,2.06,2.21
2014.09.08,00:37:57.078,0.93132,0.93117,2.14,2.21
2014.09.08,00:37:57.976,0.93132,0.93117,2.06,2.21
2014.09.08,00:38:00.685,0.93132,0.93117,1.66,2.21
2014.09.08,00:38:01.228,0.93132,0.93117,1.56,2.21
2014.09.08,00:38:03.886,0.93132,0.93117,1.66,2.21
2014.09.08,00:38:04.393,0.93132,0.93117,1.56,2.21
2014.09.08,00:38:05.879,0.93132,0.93117,1.66,2.96
2014.09.08,00:38:06.385,0.93132,0.93117,1.56,2.96
2014.09.08,00:38:07.606,0.93132,0.93117,1.66,2.96
2014.09.08,00:38:10.600,0.93132,0.93117,1.56,2.96
2014.09.08,00:38:11.132,0.93132,0.93117,1.66,2.96
2014.09.08,00:38:15.340,0.93132,0.93117,1.66,2.96
2014.09.08,00:38:15.847,0.93132,0.93117,2.14,2.21
2014.09.08,00:38:16.526,0.93132,0.93118,1.62,1.34
2014.09.08,00:38:17.163,0.93132,0.93118,1.62,1.46
2014.09.08,00:38:17.367,0.93133,0.93118,2.21,2.21
2014.09.08,00:38:17.873,0.93133,0.93118,2.21,2.21
2014.09.08,00:38:18.379,0.93132,0.93118,1.39,1.71
2014.09.08,00:38:18.930,0.93132,0.93118,1.62,2.21
2014.09.08,00:38:21.228,0.93132,0.93118,1.39,2.21
2014.09.08,00:38:32.040,0.9313,0.93118,1,2.96
2014.09.08,00:38:32.547,0.93133,0.9312,1.46,1.39
2014.09.08,00:38:33.096,0.93133,0.9312,1.39,1.46
2014.09.08,00:38:36.000,0.93133,0.9312,1.46,2.14
2014.09.08,00:38:36.102,0.93133,0.9312,1.62,2.21
2014.09.08,00:38:36.204,0.93133,0.9312,1.62,2.14
2014.09.08,00:38:36.256,0.93133,0.9312,1.62,1.84
2014.09.08,00:38:36.459,0.93133,0.9312,1.46,1.76
2014.09.08,00:38:36.965,0.93133,0.9312,1.39,1.84
2014.09.08,00:38:39.073,0.93133,0.9312,2.21,1.1
2014.09.08,00:38:39.585,0.93133,0.9312,2.14,1.17
2014.09.08,00:38:40.300,0.93133,0.9312,2.21,1.1
2014.09.08,00:38:40.908,0.93133,0.9312,2.14,1.17
2014.09.08,00:38:43.677,0.93133,0.9312,2.14,1.2
2014.09.08,00:38:44.183,0.93133,0.9312,2.14,1.17
2014.09.08,00:38:50.161,0.93133,0.9312,2.14,1.17
2014.09.08,00:39:12.163,0.93133,0.9312,2.06,1.17
2014.09.08,00:39:12.670,0.93133,0.9312,2.14,1.17
2014.09.08,00:39:21.286,0.93133,0.9312,2.06,1.17
2014.09.08,00:39:21.799,0.93133,0.9312,2.14,1.17
2014.09.08,00:39:23.368,0.93133,0.9312,2.06,1.17
2014.09.08,00:39:24.169,0.93133,0.9312,2.14,1.17
2014.09.08,00:39:24.806,0.93133,0.9312,2.06,1.15
2014.09.08,00:39:32.403,0.93133,0.93119,1.66,1.46
2014.09.08,00:39:32.937,0.93133,0.93119,1.56,1.46
2014.09.08,00:39:35.490,0.93133,0.93119,1.66,1.46
2014.09.08,00:39:36.335,0.93133,0.93119,1.56,2.21
2014.09.08,00:39:36.863,0.93133,0.93119,1.66,2.21
2014.09.08,00:39:39.605,0.93133,0.93119,1.56,2.21
2014.09.08,00:39:40.161,0.93133,0.93119,1.66,2.21
2014.09.08,00:39:41.601,0.93134,0.93119,2.14,2.96
2014.09.08,00:39:41.906,0.93134,0.93119,2.14,2.96
2014.09.08,00:39:42.424,0.93134,0.93119,1.66,2.59
2014.09.08,00:39:43.028,0.93134,0.93119,1.66,2.96
2014.09.08,00:39:43.548,0.93134,0.93119,1.66,2.96
2014.09.08,00:39:44.076,0.93134,0.93119,1.74,2.96
2014.09.08,00:39:45.514,0.93134,0.93119,1.66,2.96
2014.09.08,00:39:46.030,0.93134,0.93119,1.64,2.96
2014.09.08,00:39:46.924,0.93134,0.93119,1.71,2.96
2014.09.08,00:39:47.461,0.93134,0.93119,1.74,2.96
2014.09.08,00:39:48.131,0.93134,0.93119,1.71,2.21
2014.09.08,00:39:48.746,0.93134,0.9312,1.74,1.09
2014.09.08,00:39:49.488,0.93134,0.9312,1.71,1.01
2014.09.08,00:39:50.576,0.93134,0.9312,1.66,1.4
2014.09.08,00:39:50.677,0.93134,0.9312,1.76,1.09
2014.09.08,00:39:51.771,0.93134,0.9312,1.66,1.4
2014.09.08,00:39:52.302,0.93134,0.9312,1.56,1.4
2014.09.08,00:39:52.823,0.93134,0.9312,1.56,1.4
2014.09.08,00:39:53.348,0.93134,0.9312,1.56,1.4
2014.09.08,00:39:53.760,0.93135,0.9312,1.62,2.96
2014.09.08,00:39:53.811,0.93135,0.9312,1.62,2.96
2014.09.08,00:39:54.318,0.93138,0.93126,1.57,1.1
2014.09.08,00:39:54.369,0.93138,0.93126,1.5,1.15
2014.09.08,00:39:55.273,0.93138,0.93127,1,1.15
2014.09.08,00:39:55.484,0.93138,0.93127,1,1.17
2014.09.08,00:39:56.000,0.93138,0.93127,1,1.17
2014.09.08,00:39:57.763,0.93138,0.93126,1.12,2.96
2014.09.08,00:39:58.301,0.93138,0.93126,1.12,2.96
2014.09.08,00:39:58.825,0.93138,0.93126,1.37,1.09
2014.09.08,00:39:59.189,0.93138,0.93125,2.21,1
2014.09.08,00:40:01.478,0.93137,0.93125,2.21,1
2014.09.08,00:40:01.579,0.93135,0.93122,1.45,3.34
2014.09.08,00:40:01.785,0.93137,0.93125,2.59,1
2014.09.08,00:40:02.241,0.93136,0.93125,1.71,1
2014.09.08,00:40:02.755,0.93136,0.93125,1.66,1
2014.09.08,00:40:05.288,0.93137,0.93125,1.74,1
2014.09.08,00:40:06.265,0.93136,0.93125,1.74,1
2014.09.08,00:40:06.366,0.93135,0.93122,1.39,1.84
2014.09.08,00:40:06.522,0.93136,0.93125,1.74,1
2014.09.08,00:40:07.297,0.93135,0.93122,1.39,1.84
2014.09.08,00:40:07.500,0.93136,0.93125,1.71,1
2014.09.08,00:40:59.971,0.93132,0.93121,1.1,1.12
2014.09.08,00:41:00.327,0.93134,0.93123,1.46,1
2014.09.08,00:41:00.985,0.93134,0.93123,1.46,1
2014.09.08,00:41:01.845,0.93135,0.93124,1.74,1
2014.09.08,00:41:04.262,0.93135,0.93123,1.39,1.1
2014.09.08,00:41:04.767,0.93133,0.93121,1.47,1.29
2014.09.08,00:41:05.273,0.93133,0.9312,1.47,2.96
2014.09.08,00:41:05.793,0.93133,0.9312,1.55,2.14
2014.09.08,00:41:07.325,0.93133,0.9312,1.55,3.64
2014.09.08,00:41:08.549,0.93135,0.93122,1.71,1.12
2014.09.08,00:41:08.853,0.93135,0.93125,1.46,1
2014.09.08,00:41:09.208,0.93137,0.93127,1.77,1
2014.09.08,00:41:09.360,0.93137,0.93127,1.2,1
2014.09.08,00:41:09.893,0.93137,0.93125,1.1,1.39
2014.09.08,00:41:14.682,0.93137,0.93125,1.27,2.06
2014.09.08,00:41:15.189,0.93135,0.93125,1,1.66
2014.09.08,00:41:26.124,0.93135,0.93125,1,1.39
2014.09.08,00:41:26.631,0.93135,0.93125,1,1.39
2014.09.08,00:41:27.296,0.93135,0.93125,1,1.39
2014.09.08,00:41:30.288,0.93135,0.93124,1,2.21
2014.09.08,00:41:32.084,0.93135,0.93124,1,2.14
2014.09.08,00:41:52.043,0.93135,0.93124,1,2.21
2014.09.08,00:41:52.553,0.93135,0.93125,1,1.62
2014.09.08,00:41:58.262,0.93135,0.93126,1,1.37
2014.09.08,00:41:58.415,0.93137,0.93128,1,1.37
2014.09.08,00:41:58.923,0.93137,0.9313,1,1.12
2014.09.08,00:41:59.230,0.93137,0.93131,1,1.37
2014.09.08,00:41:59.535,0.9314,0.93132,1,1.12
2014.09.08,00:41:59.738,0.93142,0.93132,1,1.47
2014.09.08,00:42:00.244,0.93142,0.93131,1,1.47
2014.09.08,00:42:00.984,0.93142,0.93131,1,1.39
2014.09.08,00:42:01.239,0.93142,0.9313,1.52,1
2014.09.08,00:42:01.999,0.9314,0.93129,1,1.39
2014.09.08,00:42:02.303,0.9314,0.93131,1,1.37
2014.09.08,00:42:02.456,0.93142,0.93132,1,1.37
2014.09.08,00:42:03.438,0.93142,0.93134,1,1
2014.09.08,00:42:03.949,0.93142,0.93133,1,1
2014.09.08,00:42:08.535,0.93142,0.93132,1,1.31
2014.09.08,00:42:10.055,0.93142,0.93132,1,1.39
2014.09.08,00:42:23.598,0.93142,0.93133,1,1.37
2014.09.08,00:42:24.109,0.93142,0.93133,1,1.47
2014.09.08,00:42:24.663,0.93142,0.93133,1,1.47
2014.09.08,00:42:24.916,0.93144,0.93133,1,1.47
2014.09.08,00:42:25.459,0.93146,0.93134,1.47,1.2
2014.09.08,00:42:26.470,0.93146,0.93134,1.1,1.01
2014.09.08,00:42:26.976,0.93146,0.93135,1.47,1
2014.09.08,00:42:27.331,0.93144,0.93132,1.2,1.01
2014.09.08,00:42:31.727,0.93144,0.93133,1.47,1
2014.09.08,00:42:31.828,0.93144,0.93131,2.96,1.57
2014.09.08,00:42:32.082,0.93141,0.93129,1.27,1.25
2014.09.08,00:42:32.386,0.93141,0.93132,1.17,1
2014.09.08,00:42:32.916,0.93141,0.93133,1.17,1
2014.09.08,00:42:33.225,0.93141,0.93131,1,1.12
2014.09.08,00:42:36.467,0.93143,0.93131,1.1,1.39
2014.09.08,00:42:39.236,0.93144,0.93131,1.46,1.76
2014.09.08,00:42:39.591,0.93141,0.9313,1.27,1
2014.09.08,00:42:40.097,0.93139,0.93128,1,2.14
2014.09.08,00:42:40.628,0.93139,0.93128,1,1.39
2014.09.08,00:42:44.683,0.93139,0.93127,1.07,1.39
2014.09.08,00:42:45.196,0.93139,0.93127,1.1,1.39
2014.09.08,00:42:49.638,0.93139,0.93127,1.1,1.39
2014.09.08,00:42:50.148,0.93139,0.93127,1.27,1.25
2014.09.08,00:42:55.097,0.93139,0.93127,1.27,1.01
2014.09.08,00:42:55.705,0.93139,0.93127,1.27,1.25
2014.09.08,00:42:56.521,0.93139,0.93127,1.12,1.25
2014.09.08,00:42:57.292,0.93139,0.93127,1.2,1.25
2014.09.08,00:42:57.836,0.93139,0.93127,1.27,1.25
2014.09.08,00:42:58.039,0.93139,0.93127,1.27,1.25
2014.09.08,00:42:58.140,0.93139,0.93127,1.27,1.25
2014.09.08,00:42:58.647,0.93139,0.93127,1.17,1.25
2014.09.08,00:42:59.153,0.93139,0.93127,1.2,1.39
2014.09.08,00:42:59.686,0.93139,0.93127,1.27,1.62
2014.09.08,00:43:00.189,0.93139,0.93127,1.27,1.62
2014.09.08,00:43:00.787,0.93139,0.93127,1.27,1.62
2014.09.08,00:43:01.713,0.93139,0.93127,1.46,1.47
2014.09.08,00:43:02.238,0.93139,0.93127,1.46,1.37
2014.09.08,00:43:04.005,0.93139,0.93127,1.27,1.47
2014.09.08,00:43:05.835,0.93139,0.93127,1.27,1.62
2014.09.08,00:43:07.652,0.93139,0.93127,1.2,1.39
2014.09.08,00:43:32.668,0.93139,0.93128,1.47,1
2014.09.08,00:44:05.678,0.9314,0.93128,1.74,1
2014.09.08,00:44:06.776,0.9314,0.93128,1.71,1
2014.09.08,00:44:06.877,0.93141,0.93132,1.52,1
2014.09.08,00:44:06.979,0.93141,0.93129,1.95,2.14
2014.09.08,00:44:07.081,0.93141,0.93132,1.57,1
2014.09.08,00:44:08.503,0.93141,0.93133,1.12,1
2014.09.08,00:44:09.262,0.93144,0.93132,3.64,1
2014.09.08,00:44:09.792,0.93144,0.93133,3.71,1
2014.09.08,00:44:17.140,0.93144,0.93133,2.89,1
2014.09.08,00:44:17.651,0.93145,0.93134,1.56,1.1
2014.09.08,00:44:18.563,0.93146,0.93134,2.21,1
2014.09.08,00:44:19.345,0.93146,0.93134,1.2,1.01
2014.09.08,00:44:19.913,0.93146,0.93134,1.27,1.25
2014.09.08,00:44:21.463,0.93146,0.93135,1.46,1
2014.09.08,00:44:23.466,0.93146,0.93134,1.46,1
2014.09.08,00:44:23.976,0.93146,0.93135,1.57,1
2014.09.08,00:44:24.128,0.93146,0.93133,1.55,1.57
2014.09.08,00:44:24.627,0.93144,0.93133,1.27,1
2014.09.08,00:44:35.798,0.93144,0.93132,1.46,1.12
2014.09.08,00:44:36.143,0.9314,0.93128,1,2.89
2014.09.08,00:44:36.650,0.9314,0.93128,1.17,1.69
2014.09.08,00:44:37.179,0.9314,0.93128,1.17,1.69
2014.09.08,00:44:37.282,0.9314,0.93128,1.2,1.25
2014.09.08,00:44:37.786,0.9314,0.93128,1.07,1.25
2014.09.08,00:44:40.468,0.9314,0.93128,1.15,1.25
2014.09.08,00:44:41.165,0.9314,0.93128,1.17,1.25
2014.09.08,00:44:41.671,0.9314,0.93128,1.1,1.01
2014.09.08,00:44:42.265,0.9314,0.93129,1,1.1
2014.09.08,00:44:42.925,0.9314,0.9313,1,1
2014.09.08,00:44:43.905,0.9314,0.93129,1.1,1
2014.09.08,00:44:47.991,0.9314,0.93129,1.17,1
2014.09.08,00:44:49.957,0.9314,0.93129,1.2,1
2014.09.08,00:44:53.363,0.9314,0.93129,1.07,1
2014.09.08,00:44:53.869,0.9314,0.93129,1.1,1
2014.09.08,00:44:54.925,0.9314,0.9313,1.1,1.12
2014.09.08,00:44:55.129,0.9314,0.93131,1,1.37
2014.09.08,00:44:55.635,0.9314,0.93132,1,1.47
2014.09.08,00:44:56.155,0.9314,0.9313,1,1.39
2014.09.08,00:45:02.423,0.93141,0.93131,1,1.47
2014.09.08,00:45:03.748,0.93141,0.93131,1,1.2
2014.09.08,00:45:06.281,0.93139,0.93131,1,1
2014.09.08,00:45:06.737,0.93141,0.9313,1.1,1.62
2014.09.08,00:45:08.592,0.93144,0.93131,3.71,2.06
2014.09.08,00:45:09.098,0.93144,0.93133,2.96,1
2014.09.08,00:45:09.250,0.93144,0.93131,3.34,1.69
2014.09.08,00:45:10.052,0.93143,0.93131,1.84,1.5
2014.09.08,00:45:10.204,0.93141,0.93129,1.47,1.01
2014.09.08,00:45:21.792,0.93141,0.93128,1.39,2.59
2014.09.08,00:45:22.304,0.93141,0.93128,1.46,1.76
2014.09.08,00:45:27.605,0.93141,0.93128,1.46,1.57
2014.09.08,00:45:33.908,0.93141,0.93128,1.46,1.01
2014.09.08,00:45:40.309,0.93141,0.93128,1.46,1.32
2014.09.08,00:45:47.723,0.93141,0.93128,1.62,1.32
2014.09.08,00:45:48.819,0.93141,0.93128,1.62,1.4
2014.09.08,00:45:49.326,0.93141,0.93129,1.62,1.17
2014.09.08,00:45:50.052,0.93141,0.93129,1.47,1.09
2014.09.08,00:45:54.586,0.93141,0.93128,1.37,2.59
2014.09.08,00:45:55.092,0.93141,0.93128,1.62,1.84
2014.09.08,00:46:00.186,0.93141,0.93129,1.62,1.07
2014.09.08,00:46:00.700,0.93141,0.93129,1.62,1
2014.09.08,00:46:02.592,0.93141,0.93129,1.62,1.07
2014.09.08,00:46:03.111,0.93141,0.93129,1.62,1
2014.09.08,00:46:05.068,0.93141,0.93129,1.37,1.32
2014.09.08,00:46:05.652,0.93141,0.93129,1.47,1.01
2014.09.08,00:46:07.887,0.93141,0.93128,1.62,1.84
2014.09.08,00:46:09.307,0.93141,0.93128,1.47,2.59
2014.09.08,00:46:09.903,0.93141,0.93128,1.37,2.59
2014.09.08,00:46:11.291,0.93142,0.93128,1.66,1.09
2014.09.08,00:46:11.798,0.93142,0.93129,1.66,1.17
2014.09.08,00:46:13.375,0.93143,0.93129,3.34,1.2
2014.09.08,00:46:13.929,0.93143,0.93129,3.34,1.17
2014.09.08,00:46:26.625,0.93143,0.93129,2.96,1.01
2014.09.08,00:46:27.031,0.93142,0.93128,1.84,1.36
2014.09.08,00:46:27.702,0.93142,0.93126,3.34,1.84
2014.09.08,00:46:31.433,0.93133,0.93126,1,1.69
2014.09.08,00:46:31.940,0.93133,0.93126,1,1
2014.09.08,00:46:32.236,0.93138,0.93126,2.21,1.5
2014.09.08,00:46:32.438,0.93138,0.93126,2.21,1.5
2014.09.08,00:46:32.956,0.93136,0.93125,1,1.01
2014.09.08,00:46:33.775,0.93136,0.93125,1,1.09
2014.09.08,00:46:37.976,0.93136,0.93125,1.12,1.4
2014.09.08,00:46:41.312,0.93136,0.93125,1,1.84
2014.09.08,00:46:41.821,0.93138,0.93126,1.37,1.4
2014.09.08,00:46:42.290,0.93138,0.93126,1.37,1.09
2014.09.08,00:46:42.392,0.93138,0.93126,1.37,1.4
2014.09.08,00:46:42.810,0.93138,0.93126,1.37,1.09
2014.09.08,00:46:42.911,0.93138,0.93126,1.37,1.84
2014.09.08,00:46:44.925,0.93138,0.93126,1.37,1.84
2014.09.08,00:46:46.205,0.93135,0.93126,1,1.09
2014.09.08,00:46:46.712,0.93135,0.93126,1,1.01
2014.09.08,00:46:47.242,0.93137,0.93126,1.47,1.25
2014.09.08,00:46:47.750,0.93137,0.93126,1.37,1.09
2014.09.08,00:46:48.261,0.93137,0.93126,1.37,1.76
2014.09.08,00:46:48.741,0.93134,0.93126,1,1.01
2014.09.08,00:46:49.249,0.93133,0.93125,1,1.25
2014.09.08,00:46:50.101,0.93133,0.93124,1,2.06
2014.09.08,00:46:57.664,0.93133,0.93125,1,1
2014.09.08,00:46:58.125,0.93131,0.93125,1.57,1
2014.09.08,00:46:58.430,0.93129,0.93124,1,1
2014.09.08,00:46:58.481,0.93131,0.93122,1,1
2014.09.08,00:46:58.987,0.93133,0.93121,1.65,1.5
2014.09.08,00:46:59.496,0.93133,0.93121,1.57,1.57
2014.09.08,00:47:00.035,0.93133,0.93121,1.57,2.51
2014.09.08,00:47:05.205,0.93133,0.93122,1.57,1.19
2014.09.08,00:47:41.264,0.93133,0.93124,1.87,1
2014.09.08,00:47:42.322,0.93133,0.93123,1.87,1.01
2014.09.08,00:47:42.988,0.93133,0.93123,1.87,1.01
2014.09.08,00:47:44.763,0.93133,0.93123,1.87,1.01
2014.09.08,00:47:51.601,0.93133,0.93122,1,1.84
2014.09.08,00:47:52.111,0.93133,0.93123,1,1.01
2014.09.08,00:47:57.428,0.93133,0.93123,1.87,1.09
2014.09.08,00:47:57.936,0.93133,0.93123,1.87,1.01
2014.09.08,00:48:01.286,0.93133,0.93123,1.37,1.01
2014.09.08,00:48:02.673,0.93133,0.93124,1.37,1
2014.09.08,00:48:03.179,0.93133,0.93124,1,1
2014.09.08,00:48:04.984,0.93133,0.93122,1,1.17
2014.09.08,00:48:07.032,0.93132,0.93122,1.12,1.09
2014.09.08,00:48:07.539,0.93132,0.93122,1.12,1.01
2014.09.08,00:48:10.848,0.93132,0.93124,1.12,1
2014.09.08,00:48:14.335,0.93132,0.93125,1.12,1
2014.09.08,00:48:19.304,0.93132,0.93124,1.12,1
2014.09.08,00:48:26.858,0.93134,0.93124,1.87,1
2014.09.08,00:48:27.520,0.93134,0.93123,1.87,1.1
2014.09.08,00:48:28.026,0.93134,0.93124,1.87,1
2014.09.08,00:48:29.203,0.93134,0.93123,1.87,1.1
2014.09.08,00:48:30.197,0.93134,0.93124,1.87,1
2014.09.08,00:48:31.169,0.93134,0.93125,1.87,1
2014.09.08,00:48:31.427,0.93134,0.93123,1.87,1.1
2014.09.08,00:48:32.599,0.93136,0.93126,2.51,1
2014.09.08,00:48:36.143,0.93136,0.93124,2.51,1
2014.09.08,00:48:43.837,0.93136,0.93125,2.51,1
2014.09.08,00:48:44.360,0.93136,0.93125,2.14,1
2014.09.08,00:48:44.988,0.93136,0.93124,2.14,1
2014.09.08,00:48:47.491,0.93134,0.93124,1.12,1
2014.09.08,00:49:03.282,0.93134,0.93122,1.12,1.09
2014.09.08,00:49:04.044,0.93134,0.93122,1.12,1.84
2014.09.08,00:49:05.033,0.93134,0.93122,1.12,1.09
2014.09.08,00:49:05.886,0.93134,0.93122,1.37,1.09
2014.09.08,00:49:08.402,0.93134,0.93122,1.37,1.09
2014.09.08,00:49:10.091,0.93134,0.93122,1.37,1.84
2014.09.08,00:49:12.077,0.93134,0.93122,1.37,1.09
2014.09.08,00:49:12.542,0.93134,0.93125,1.37,1
2014.09.08,00:49:13.106,0.93134,0.93124,1.37,1.1
2014.09.08,00:49:14.229,0.93135,0.93124,1,1.47
2014.09.08,00:49:14.332,0.93138,0.93128,1.2,1
2014.09.08,00:49:14.636,0.93139,0.9313,1.37,1
2014.09.08,00:49:14.940,0.93139,0.93131,1,1
2014.09.08,00:49:15.195,0.93139,0.93129,1,1
2014.09.08,00:49:15.727,0.93139,0.93129,1.37,1
2014.09.08,00:49:17.432,0.93138,0.93129,1.37,1
2014.09.08,00:49:17.941,0.93137,0.93128,1.37,1
2014.09.08,00:49:24.635,0.93137,0.93128,1,1
2014.09.08,00:49:24.738,0.93139,0.93128,1.25,1.1
2014.09.08,00:49:25.042,0.93139,0.93128,1.37,1.57
2014.09.08,00:49:25.566,0.93137,0.93128,1.37,1.5
2014.09.08,00:49:37.189,0.93137,0.93128,1.62,1
2014.09.08,00:49:37.701,0.93137,0.93128,1.62,1.5
2014.09.08,00:49:38.351,0.93137,0.93128,1.37,1
2014.09.08,00:49:42.447,0.93135,0.93128,1,1
2014.09.08,00:49:42.550,0.93135,0.93126,1.37,1
2014.09.08,00:49:43.062,0.93135,0.93127,1.12,1
2014.09.08,00:49:56.299,0.93135,0.93126,1.12,1
2014.09.08,00:49:57.330,0.93135,0.93125,1.12,1.1
2014.09.08,00:50:04.332,0.93136,0.93126,1.39,1
2014.09.08,00:50:08.534,0.93136,0.93126,1.12,1
2014.09.08,00:50:15.649,0.93136,0.93126,1.37,1
2014.09.08,00:50:16.674,0.93135,0.93127,1.12,1
2014.09.08,00:50:18.738,0.93135,0.93126,1.12,1
2014.09.08,00:50:25.269,0.93135,0.93127,1,1
2014.09.08,00:50:28.436,0.93135,0.93125,1,1.12
2014.09.08,00:50:29.959,0.93135,0.93126,1,1
2014.09.08,00:50:36.698,0.93134,0.93125,1,1
2014.09.08,00:50:37.205,0.93134,0.93126,1.12,1
2014.09.08,00:50:37.712,0.93133,0.93125,1.12,1
2014.09.08,00:50:37.814,0.93133,0.93123,1.2,1
2014.09.08,00:50:46.185,0.93133,0.93122,1.12,1.2
2014.09.08,00:50:46.694,0.93133,0.93122,1.55,1
2014.09.08,00:50:47.230,0.93133,0.93123,1.2,1
2014.09.08,00:50:50.201,0.93133,0.93124,1.12,1
2014.09.08,00:50:52.874,0.93133,0.93124,1.37,1
2014.09.08,00:50:52.975,0.93133,0.93126,1.2,1
2014.09.08,00:50:53.482,0.93134,0.93125,2.06,1
2014.09.08,00:50:54.603,0.93134,0.93123,1.87,1.1
2014.09.08,00:51:09.561,0.93134,0.93125,1.95,1
2014.09.08,00:51:10.067,0.93134,0.93125,1,1.12
2014.09.08,00:51:10.220,0.93137,0.93126,1.5,1.95
2014.09.08,00:51:10.271,0.93138,0.9313,2.25,1
2014.09.08,00:51:10.778,0.93138,0.9313,1.37,1
2014.09.08,00:51:11.374,0.93138,0.93129,1.37,1.5
2014.09.08,00:51:14.290,0.93138,0.93129,1.12,1
2014.09.08,00:51:15.475,0.93138,0.93129,1.37,1
2014.09.08,00:51:15.810,0.93137,0.93129,1.47,1
2014.09.08,00:51:16.013,0.93137,0.93126,1.37,2.25
2014.09.08,00:51:16.522,0.93135,0.93126,1.37,1.5
2014.09.08,00:51:24.745,0.93134,0.93126,1.37,1.5
2014.09.08,00:51:25.661,0.93134,0.93126,1.12,1.5
2014.09.08,00:51:30.883,0.93135,0.93126,1,1.5
2014.09.08,00:51:30.985,0.93137,0.93126,1.12,2.02
2014.09.08,00:51:31.087,0.93137,0.93129,1.12,1
2014.09.08,00:51:31.399,0.93139,0.93131,1.12,1
2014.09.08,00:51:31.922,0.93139,0.9313,1.12,1
2014.09.08,00:51:33.365,0.93139,0.93131,1.12,1
2014.09.08,00:51:34.223,0.93139,0.93133,1,1
2014.09.08,00:51:34.748,0.93139,0.93132,1,1
2014.09.08,00:51:35.274,0.93139,0.93131,1,1
2014.09.08,00:51:36.010,0.93139,0.9313,1,1
2014.09.08,00:51:36.517,0.93139,0.93129,1.37,1
2014.09.08,00:51:37.542,0.93136,0.93129,1,1
2014.09.08,00:51:37.947,0.93138,0.93127,1.37,1.01
2014.09.08,00:51:38.928,0.93138,0.93128,1.37,1
2014.09.08,00:51:49.213,0.93138,0.93127,1.37,1.17
2014.09.08,00:51:49.418,0.93135,0.93126,1.37,1.32
2014.09.08,00:51:49.570,0.93133,0.93124,1,2.02
2014.09.08,00:51:49.672,0.93135,0.93124,1.2,1.5
2014.09.08,00:51:50.178,0.93135,0.93125,1.2,1
2014.09.08,00:51:51.648,0.93133,0.93125,1,1
2014.09.08,00:51:52.162,0.93133,0.93123,1.87,1.1
2014.09.08,00:51:55.582,0.93133,0.93124,1.87,1
2014.09.08,00:51:57.408,0.93133,0.93123,1.87,1
2014.09.08,00:52:03.393,0.93133,0.93125,1.87,1
2014.09.08,00:52:19.627,0.93133,0.93125,2.7,1
2014.09.08,00:52:20.136,0.93133,0.93124,2.77,1
2014.09.08,00:52:20.339,0.93133,0.93122,2.96,1
2014.09.08,00:52:20.664,0.93133,0.93124,2.96,1
2014.09.08,00:52:21.323,0.93133,0.93125,2.96,1
2014.09.08,00:52:30.093,0.93131,0.93125,1,1
2014.09.08,00:52:37.290,0.93131,0.93125,1.37,1
2014.09.08,00:52:53.006,0.93131,0.93124,1.37,1
2014.09.08,00:52:57.825,0.93131,0.93125,1.37,1
2014.09.08,00:53:09.598,0.93131,0.93126,1.37,1
2014.09.08,00:53:15.628,0.93134,0.93124,1.71,1
2014.09.08,00:53:19.487,0.93134,0.93125,1.71,1
2014.09.08,00:53:20.100,0.93134,0.93125,1.74,1
2014.09.08,00:53:20.151,0.93134,0.93123,1.74,1
2014.09.08,00:53:22.705,0.93132,0.93122,2.14,1
2014.09.08,00:53:25.810,0.93132,0.93122,2.14,1
2014.09.08,00:53:39.492,0.93132,0.93122,2.14,1
2014.09.08,00:53:41.262,0.93132,0.93123,2.02,1
2014.09.08,00:53:56.111,0.93131,0.93122,1.12,1
2014.09.08,00:54:00.947,0.93133,0.93121,1.74,1
2014.09.08,00:54:01.936,0.93133,0.93121,1.74,1
2014.09.08,00:54:02.139,0.93132,0.93121,1.46,1
2014.09.08,00:54:02.190,0.93132,0.93119,2.21,1
2014.09.08,00:54:02.291,0.93132,0.93121,2.59,1
2014.09.08,00:54:02.393,0.93128,0.93118,1.47,1
2014.09.08,00:54:02.900,0.93128,0.93118,1.57,1
2014.09.08,00:54:03.405,0.93128,0.93117,1.55,1
2014.09.08,00:54:03.913,0.93126,0.93117,1.47,1
2014.09.08,00:54:09.855,0.93126,0.93118,1.62,1
2014.09.08,00:54:12.092,0.93126,0.93118,1.12,1
2014.09.08,00:54:13.004,0.93128,0.93118,1.62,1
2014.09.08,00:54:14.296,0.93128,0.93117,1.62,1.1
2014.09.08,00:54:14.839,0.93128,0.93117,1.62,1.07
2014.09.08,00:54:15.357,0.93128,0.93119,1.62,1
2014.09.08,00:54:22.219,0.93128,0.93118,1.37,1.1
2014.09.08,00:54:24.735,0.93128,0.93118,1,1
2014.09.08,00:54:24.837,0.9313,0.93121,1.29,1
2014.09.08,00:54:24.938,0.93131,0.93122,1.1,1
2014.09.08,00:54:25.142,0.93129,0.93122,1.12,1
2014.09.08,00:54:25.647,0.93129,0.93121,1,1
2014.09.08,00:54:26.826,0.93129,0.93121,1.37,1
2014.09.08,00:54:27.333,0.93127,0.9312,1.12,1
2014.09.08,00:54:37.357,0.93128,0.93121,1.12,1
2014.09.08,00:54:37.662,0.93129,0.93123,1,1
2014.09.08,00:54:37.967,0.93131,0.93125,1,1
2014.09.08,00:54:38.676,0.93131,0.93123,1.12,1
2014.09.08,00:54:42.125,0.93131,0.93124,1.12,1
2014.09.08,00:54:45.239,0.93131,0.93125,1.12,1
2014.09.08,00:54:45.463,0.93128,0.93121,1,1
2014.09.08,00:54:45.514,0.93128,0.93121,1.12,1.5
2014.09.08,00:54:46.023,0.93128,0.93122,1.12,1
2014.09.08,00:54:46.529,0.93128,0.93121,1.12,1.5
2014.09.08,00:54:54.411,0.93128,0.93122,1,1
2014.09.08,00:54:54.515,0.9313,0.93122,1,1
2014.09.08,00:54:56.168,0.9313,0.93121,1,1.5
2014.09.08,00:54:56.693,0.9313,0.93122,1,1
2014.09.08,00:54:57.211,0.9313,0.93121,1,1.5
2014.09.08,00:55:00.142,0.9313,0.93122,1,1
2014.09.08,00:55:00.652,0.9313,0.9312,1,1.12
2014.09.08,00:55:00.906,0.9313,0.93123,1,1
2014.09.08,00:55:01.043,0.93133,0.93124,1.57,1.5
2014.09.08,00:55:01.145,0.93134,0.93126,1,1
2014.09.08,00:55:01.297,0.93136,0.93126,1.25,1
2014.09.08,00:55:01.755,0.93134,0.93125,1,1
2014.09.08,00:55:02.264,0.93134,0.93124,1.1,1.5
2014.09.08,00:55:03.026,0.93134,0.93124,1.47,1
2014.09.08,00:55:03.533,0.93132,0.93123,1,1
2014.09.08,00:55:03.838,0.93132,0.93125,1,1
2014.09.08,00:55:04.193,0.93133,0.93123,1.12,1.2
2014.09.08,00:55:04.700,0.93132,0.93123,1,1
2014.09.08,00:55:08.164,0.93132,0.93124,1,1
2014.09.08,00:55:08.676,0.93132,0.93125,1,1
2014.09.08,00:55:09.183,0.93133,0.93125,1,1
2014.09.08,00:55:09.690,0.93133,0.93124,1,1
2014.09.08,00:55:10.348,0.93133,0.93125,1,1
2014.09.08,00:55:11.006,0.93136,0.93125,2.21,1
2014.09.08,00:55:11.514,0.93133,0.93125,1,1
2014.09.08,00:55:12.133,0.93134,0.93125,1.1,1
2014.09.08,00:55:15.514,0.93134,0.93126,1,1
2014.09.08,00:55:17.817,0.93134,0.93125,1,1
2014.09.08,00:55:25.977,0.93136,0.93125,1.76,1.12
2014.09.08,00:55:26.484,0.93136,0.93125,1.69,1.55
2014.09.08,00:55:26.991,0.93136,0.93125,1.5,1.52
2014.09.08,00:55:27.453,0.93138,0.93126,1,2.21
2014.09.08,00:55:28.243,0.93138,0.93127,1,1.46
2014.09.08,00:55:29.034,0.93138,0.93128,1,1.57
2014.09.08,00:55:29.540,0.93138,0.93128,1,1
2014.09.08,00:55:32.891,0.93138,0.93129,1,1
2014.09.08,00:55:33.400,0.93138,0.93128,1,2.14
2014.09.08,00:55:33.922,0.9314,0.93128,1.1,2.89
2014.09.08,00:55:34.784,0.9314,0.93128,1.1,1.39
2014.09.08,00:55:50.921,0.9314,0.93128,1.2,1.25
2014.09.08,00:55:51.429,0.93139,0.93126,1.1,2.59
2014.09.08,00:55:51.936,0.93139,0.93126,1.5,2.59
2014.09.08,00:55:52.442,0.93139,0.93126,1.1,2.96
2014.09.08,00:55:53.115,0.93139,0.93126,1,2.96
2014.09.08,00:55:53.624,0.93139,0.93126,1,2.96
2014.09.08,00:55:54.197,0.9314,0.93128,1.46,1
2014.09.08,00:55:54.708,0.93139,0.93126,1.1,2.96
2014.09.08,00:55:55.224,0.93139,0.93126,1,2.96
2014.09.08,00:55:55.957,0.93139,0.93126,1.1,2.59
2014.09.08,00:55:56.464,0.9314,0.93128,1.46,1
2014.09.08,00:55:56.970,0.9314,0.93126,1.46,1.76
2014.09.08,00:55:57.476,0.93141,0.93128,3.71,1
2014.09.08,00:55:58.137,0.93139,0.93126,1.01,2.59
2014.09.08,00:55:58.807,0.9314,0.93127,1.19,1.17
2014.09.08,00:55:59.162,0.93139,0.93126,1.09,1.76
2014.09.08,00:55:59.365,0.9314,0.93128,1.74,1
2014.09.08,00:55:59.770,0.93139,0.93126,1.46,1.76
2014.09.08,00:56:00.023,0.9314,0.93128,1.84,1
2014.09.08,00:56:00.125,0.93138,0.93126,1.45,1.76
2014.09.08,00:56:00.278,0.93134,0.93122,1.12,1.46
2014.09.08,00:56:00.380,0.93134,0.93121,1.15,2.06
2014.09.08,00:56:00.887,0.93131,0.9312,1,1.46
2014.09.08,00:56:01.393,0.93131,0.93119,1.17,2.81
2014.09.08,00:56:01.900,0.93131,0.93119,1.1,2.89
2014.09.08,00:56:03.526,0.93134,0.93121,2.21,1
2014.09.08,00:56:03.679,0.93134,0.93121,1.76,1.65
2014.09.08,00:56:04.008,0.93137,0.93123,2.96,1.87
2014.09.08,00:56:04.517,0.93137,0.93124,1.39,2.02
2014.09.08,00:56:05.024,0.93138,0.93126,1.46,1
2014.09.08,00:56:05.589,0.93139,0.93126,2.96,1.1
2014.09.08,00:56:06.095,0.93139,0.93126,2.21,1
2014.09.08,00:56:07.581,0.93139,0.93126,2.21,1.07
2014.09.08,00:56:09.318,0.93139,0.93126,1.46,1.25
2014.09.08,00:56:09.642,0.93136,0.93124,1,2.96
2014.09.08,00:56:09.896,0.93139,0.93126,4.39,1.17
2014.09.08,00:56:10.402,0.93139,0.93126,2.96,1.57
2014.09.08,00:56:14.404,0.93139,0.93126,2.21,1.76
2014.09.08,00:56:16.598,0.93139,0.93126,2.14,1.84
2014.09.08,00:56:17.104,0.93139,0.93126,2.14,1.76
2014.09.08,00:56:17.694,0.93139,0.93126,2.14,1.69
2014.09.08,00:56:21.954,0.93139,0.93126,2.21,1.01
2014.09.08,00:56:22.258,0.93134,0.93123,1.47,1.25
2014.09.08,00:56:22.360,0.93134,0.93121,1.2,1.69
2014.09.08,00:56:22.411,0.93134,0.93121,1.17,1.69
2014.09.08,00:56:22.918,0.93131,0.9312,1,1.09
2014.09.08,00:56:43.681,0.93134,0.93121,3.71,1.1
2014.09.08,00:56:45.154,0.93134,0.93122,1.47,1.07
2014.09.08,00:56:45.661,0.93136,0.93123,2.21,1.57
2014.09.08,00:56:46.176,0.93136,0.93124,1.46,1
2014.09.08,00:56:47.081,0.93136,0.93124,1.31,1.27
2014.09.08,00:56:47.794,0.93136,0.93124,1.31,1.27
2014.09.08,00:56:48.301,0.93136,0.93124,1.31,1.27
2014.09.08,00:56:50.973,0.93136,0.93124,1.2,1.01
2014.09.08,00:56:55.531,0.93136,0.93125,1.2,1
2014.09.08,00:57:01.376,0.93136,0.93123,1.2,3.71
2014.09.08,00:57:06.953,0.93136,0.93125,1.2,1
2014.09.08,00:57:16.732,0.93136,0.93124,1.2,1.01
2014.09.08,00:57:19.535,0.93136,0.93124,1.27,1.25
2014.09.08,00:57:20.113,0.93136,0.93124,1.2,1.25
2014.09.08,00:57:21.216,0.93136,0.93123,1.2,4.46
2014.09.08,00:57:21.725,0.93136,0.93123,1.1,4.09
2014.09.08,00:57:22.234,0.93136,0.93124,1.07,1.25
2014.09.08,00:57:22.741,0.93136,0.93124,1.2,1.39
2014.09.08,00:57:23.252,0.93136,0.93124,1.27,1.31
2014.09.08,00:57:23.827,0.93136,0.93123,1.15,3.94
2014.09.08,00:57:24.131,0.93134,0.93121,1.17,4.39
2014.09.08,00:57:24.637,0.93134,0.93121,1.1,4.46
2014.09.08,00:57:26.174,0.93134,0.93122,1.1,1.39
2014.09.08,00:57:30.261,0.93134,0.93121,1,4.46
2014.09.08,00:57:31.276,0.93134,0.93123,1,1.2
2014.09.08,00:57:53.569,0.93134,0.93123,1.12,1.2
2014.09.08,00:57:54.184,0.93134,0.93123,1.12,1.27
2014.09.08,00:58:02.817,0.93134,0.93122,1,1.45
2014.09.08,00:58:03.324,0.93134,0.93122,1,1.55
2014.09.08,00:58:06.325,0.93134,0.93122,1,1.46
2014.09.08,00:58:08.601,0.93134,0.93122,1,1.77
2014.09.08,00:58:09.121,0.93134,0.93122,1,1.77
2014.09.08,00:58:12.301,0.93134,0.93122,1,1.77
2014.09.08,00:58:12.807,0.93134,0.93122,1,1.77
2014.09.08,00:58:13.329,0.93134,0.93121,1,2.96
2014.09.08,00:58:24.929,0.93136,0.9312,1.74,2.96
2014.09.08,00:58:25.640,0.93136,0.93121,1.71,1.55
2014.09.08,00:58:28.140,0.93136,0.93121,1.74,1.52
2014.09.08,00:58:29.343,0.93136,0.93121,1.74,1.52
2014.09.08,00:58:29.948,0.93136,0.93122,1.71,1.39
2014.09.08,00:58:30.466,0.93136,0.93121,1.76,2.21
2014.09.08,00:58:30.973,0.93136,0.93122,1.46,1.46
2014.09.08,00:58:32.170,0.93137,0.93123,2.21,1.46
2014.09.08,00:58:32.752,0.93137,0.93122,2.21,1.74
2014.09.08,00:58:33.266,0.93137,0.93121,2.21,2.21
2014.09.08,00:58:33.973,0.93137,0.93123,2.21,1.55
2014.09.08,00:58:37.866,0.93136,0.93123,1.74,1.1
2014.09.08,00:58:43.923,0.93136,0.93122,1.46,1.46
2014.09.08,00:58:45.983,0.93136,0.93122,1.46,1.39
2014.09.08,00:58:46.519,0.93136,0.93122,1.46,1.62
2014.09.08,00:58:48.054,0.93136,0.93122,1.46,1.46
2014.09.08,00:58:51.190,0.93136,0.93122,1.46,1.46
2014.09.08,00:58:51.952,0.93136,0.93121,1.46,2.21
2014.09.08,00:58:53.986,0.93136,0.93121,1.46,2.21
2014.09.08,00:58:54.504,0.93136,0.93121,1.46,2.21
2014.09.08,00:58:55.904,0.93136,0.93121,1.34,2.21
2014.09.08,00:58:56.433,0.93136,0.93121,1.46,2.21
2014.09.08,00:58:56.958,0.93136,0.93122,1.46,1.7
2014.09.08,00:58:57.465,0.93135,0.9312,1.39,2.21
2014.09.08,00:58:57.995,0.93135,0.9312,1.29,2.21
2014.09.08,00:58:58.501,0.93135,0.9312,1.39,2.96
2014.09.08,00:59:06.207,0.93135,0.93121,1.26,2.21
2014.09.08,00:59:07.310,0.93135,0.93121,1.39,1.46
2014.09.08,00:59:07.816,0.93135,0.93121,1.19,1.77
2014.09.08,00:59:08.400,0.93135,0.93121,1.39,1.46
2014.09.08,00:59:08.912,0.93135,0.93121,1.36,1.46
2014.09.08,00:59:09.399,0.93135,0.93121,1.19,1.77
2014.09.08,00:59:09.653,0.93135,0.93121,1.19,1.77
2014.09.08,00:59:10.116,0.93135,0.93121,1.19,1.77
2014.09.08,00:59:10.634,0.93136,0.93121,2.14,2.21
2014.09.08,00:59:11.303,0.93136,0.93121,2.21,2.21
2014.09.08,00:59:11.820,0.93135,0.93121,1.29,1.77
2014.09.08,00:59:14.976,0.93135,0.93121,1.66,2.21
2014.09.08,00:59:22.330,0.93135,0.93121,1.39,2.14
2014.09.08,00:59:23.053,0.93135,0.93121,1.66,2.21
2014.09.08,00:59:25.208,0.93135,0.93121,1.74,2.21
2014.09.08,00:59:25.727,0.93135,0.93121,1.74,2.21
2014.09.08,00:59:26.031,0.93134,0.9312,1.71,1.57
2014.09.08,00:59:28.927,0.93131,0.93119,1.1,1.01
2014.09.08,00:59:31.173,0.93131,0.93119,1.39,1.95
2014.09.08,00:59:31.683,0.93131,0.93119,1.39,1.1
2014.09.08,00:59:32.246,0.93131,0.93119,1.62,1.17
2014.09.08,00:59:32.297,0.93131,0.93119,1.31,1.17
2014.09.08,00:59:32.452,0.93128,0.93117,1,1.15
2014.09.08,00:59:32.554,0.93128,0.93116,1.27,1.69
2014.09.08,00:59:33.669,0.93126,0.93115,1,1.12
2014.09.08,00:59:34.175,0.93128,0.93116,2.21,1.12
2014.09.08,00:59:34.683,0.93126,0.93115,1,2.14
2014.09.08,00:59:35.189,0.93126,0.93115,1,1.39
2014.09.08,00:59:37.191,0.93126,0.93115,1,1.39
2014.09.08,00:59:38.478,0.93128,0.93116,1.09,1.12
2014.09.08,00:59:38.986,0.93126,0.93115,1,2.14
2014.09.08,00:59:46.342,0.93126,0.93114,1,3.71
2014.09.08,00:59:46.867,0.93128,0.93116,1.2,1.1
2014.09.08,00:59:46.918,0.93126,0.93114,1,2.77
2014.09.08,00:59:47.577,0.93126,0.93114,1,2.02
2014.09.08,00:59:48.746,0.93126,0.93114,1,2.96
2014.09.08,00:59:53.355,0.93126,0.93114,1,3.71
2014.09.08,00:59:56.379,0.93129,0.93116,2.14,1.27
2014.09.08,00:59:57.945,0.93129,0.93116,1.39,1.46
2014.09.08,00:59:58.451,0.93129,0.93116,1.39,1.46
2014.09.08,01:00:01.289,0.93129,0.93116,1.45,2.96
2014.09.08,01:00:02.304,0.93131,0.93118,2.21,1.07
2014.09.08,01:00:02.836,0.93131,0.93118,2.14,1.2
2014.09.08,01:00:03.343,0.93131,0.93118,2.14,1.17
2014.09.08,01:00:04.522,0.93131,0.93118,1.46,1.1
2014.09.08,01:00:06.599,0.93131,0.93118,1.7,1.1
2014.09.08,01:00:07.286,0.93129,0.93116,1.37,2.21
2014.09.08,01:00:07.799,0.9313,0.93117,1.56,1.15
2014.09.08,01:00:09.449,0.93129,0.93116,1.62,1.84
2014.09.08,01:00:09.601,0.93129,0.93116,2.21,1.32
2014.09.08,01:00:09.703,0.93126,0.93115,1,2.96
2014.09.08,01:00:10.049,0.93129,0.93115,1.46,2.96
2014.09.08,01:00:10.556,0.93129,0.93115,2.14,1.84
2014.09.08,01:00:11.098,0.93129,0.93115,2.21,1.09
2014.09.08,01:00:12.938,0.93129,0.93115,2.14,1.4
2014.09.08,01:00:13.604,0.93129,0.93115,1.84,1.09
2014.09.08,01:00:14.237,0.93129,0.93115,2.21,1.01
2014.09.08,01:00:15.604,0.93129,0.93115,1.46,1.17
2014.09.08,01:00:18.041,0.9313,0.93115,2.96,1.09
2014.09.08,01:00:29.256,0.9313,0.93118,1.52,1
2014.09.08,01:00:30.401,0.93131,0.93118,2.96,1
2014.09.08,01:00:31.389,0.93131,0.93118,2.96,1.5
2014.09.08,01:00:33.193,0.93131,0.93118,2.96,1.57
2014.09.08,01:00:34.155,0.9313,0.93118,1.56,1.65
2014.09.08,01:00:34.662,0.93129,0.93116,1.62,1.84
2014.09.08,01:00:34.978,0.93129,0.93116,1.62,1.84
2014.09.08,01:00:35.379,0.93129,0.93116,1.62,1.84
2014.09.08,01:00:36.492,0.93129,0.93116,1.39,1.84
2014.09.08,01:00:37.283,0.93129,0.93116,1.62,2.21
2014.09.08,01:00:37.789,0.93129,0.93116,1.12,2.96
2014.09.08,01:00:38.494,0.93129,0.93116,1.62,2.21
2014.09.08,01:00:39.875,0.93129,0.93116,1.39,2.21
2014.09.08,01:00:40.489,0.93129,0.93116,1.62,2.21
2014.09.08,01:00:41.882,0.93129,0.93116,1.39,1.76
2014.09.08,01:00:42.426,0.93129,0.93116,1.62,1.84
2014.09.08,01:00:44.523,0.93129,0.93116,1.39,1.84
2014.09.08,01:00:45.037,0.93129,0.93116,1.46,1.76
2014.09.08,01:00:51.128,0.93129,0.93116,2.21,1.57
2014.09.08,01:00:54.935,0.93129,0.93116,1.46,1.57
2014.09.08,01:01:11.462,0.93129,0.93116,2.14,1.65
2014.09.08,01:01:14.580,0.93129,0.93116,1.25,1.84
2014.09.08,01:01:18.706,0.93129,0.93116,1.25,1.84
2014.09.08,01:01:21.731,0.93129,0.93116,1,2.02
2014.09.08,01:01:29.705,0.93129,0.93116,1.62,1.84
2014.09.08,01:01:30.217,0.93129,0.93116,1.31,1.84
2014.09.08,01:01:31.994,0.93129,0.93116,1.62,1.84
2014.09.08,01:01:35.973,0.93129,0.93114,1.66,2.96
2014.09.08,01:01:37.130,0.93129,0.93115,1.76,1.46
2014.09.08,01:01:37.232,0.93128,0.93115,1.39,1.25
2014.09.08,01:01:37.738,0.93126,0.93114,1.12,1.46
2014.09.08,01:01:39.108,0.93126,0.93113,1.12,3.71
2014.09.08,01:01:39.716,0.93126,0.93113,1.12,3.71
2014.09.08,01:01:40.261,0.93126,0.93113,1.39,2.96
2014.09.08,01:01:58.311,0.93126,0.93114,1.39,1.1
2014.09.08,01:01:59.576,0.93126,0.93114,1.39,1.1
2014.09.08,01:02:00.872,0.93126,0.93113,1.12,2.4
2014.09.08,01:02:01.582,0.93129,0.93116,2.96,1.07
2014.09.08,01:02:02.089,0.93129,0.93116,1.2,2.21
2014.09.08,01:02:02.394,0.93129,0.93118,1,1.15
2014.09.08,01:02:02.800,0.93131,0.93121,1,1.2
2014.09.08,01:02:03.054,0.93131,0.9312,1,1.52
2014.09.08,01:02:03.576,0.93131,0.9312,1,1.52
2014.09.08,01:02:05.059,0.93131,0.9312,1,2.21
2014.09.08,01:02:05.769,0.93131,0.93118,1.37,4.09
2014.09.08,01:02:05.921,0.93131,0.93118,1.27,2.89
2014.09.08,01:02:06.429,0.93131,0.93118,1.55,1.76
2014.09.08,01:02:06.932,0.93131,0.93118,1.57,1.69
2014.09.08,01:02:07.495,0.93131,0.93118,2.21,1.57
2014.09.08,01:02:08.018,0.93131,0.93118,2.14,1.65
2014.09.08,01:02:08.531,0.93131,0.93118,2.21,1.57
2014.09.08,01:02:09.503,0.93131,0.93118,2.14,1.57
2014.09.08,01:02:11.531,0.93131,0.93118,1.1,2.14
2014.09.08,01:02:12.038,0.93131,0.9312,1,1.12
2014.09.08,01:02:12.291,0.93131,0.93121,1,1.17
2014.09.08,01:02:13.376,0.93131,0.93121,1,1
2014.09.08,01:02:13.916,0.93131,0.9312,1,1.09
2014.09.08,01:02:14.791,0.93131,0.9312,1,1.46
2014.09.08,01:02:16.820,0.93131,0.9312,1,2.21
2014.09.08,01:02:16.872,0.93133,0.93121,1,1.46
2014.09.08,01:02:17.390,0.93134,0.93121,1.39,2.21
2014.09.08,01:02:18.099,0.93134,0.93121,1.01,2.21
2014.09.08,01:02:18.505,0.93134,0.93123,1,1.47
2014.09.08,01:02:18.658,0.93136,0.93123,1,2.96
2014.09.08,01:02:19.215,0.93136,0.93124,1,2.02
2014.09.08,01:02:19.638,0.93136,0.93124,1,2.21
2014.09.08,01:02:20.145,0.93136,0.93125,1,2.21
2014.09.08,01:02:28.061,0.93136,0.93127,1,1.42
2014.09.08,01:02:28.366,0.9314,0.93131,1,1.5
2014.09.08,01:02:28.468,0.93144,0.93131,1.84,1.01
2014.09.08,01:02:28.975,0.93144,0.93132,1.01,1.1
2014.09.08,01:02:29.484,0.93144,0.93131,1.76,1.17
2014.09.08,01:02:29.738,0.93141,0.93129,1,1.69
2014.09.08,01:02:30.315,0.93141,0.93129,1.1,1.1
2014.09.08,01:02:30.720,0.93141,0.93128,1.65,1.69
2014.09.08,01:02:34.366,0.93141,0.93128,2.59,1.62
2014.09.08,01:02:34.941,0.93141,0.93128,1.84,2.14
2014.09.08,01:02:36.489,0.93141,0.93128,2.21,1.39
2014.09.08,01:02:36.996,0.93141,0.93128,2.21,2.14
2014.09.08,01:02:37.503,0.93141,0.93128,1.5,2.96
2014.09.08,01:02:38.009,0.93141,0.93128,1.5,2.96
2014.09.08,01:02:38.515,0.93141,0.93128,1.69,1.84
2014.09.08,01:02:39.030,0.93141,0.93128,2.14,1.09
2014.09.08,01:02:39.713,0.93141,0.93128,2.14,1.09
2014.09.08,01:02:40.594,0.93141,0.93128,1.76,1.09
2014.09.08,01:02:42.966,0.93141,0.93128,2.14,1.09
2014.09.08,01:02:45.590,0.93141,0.93128,2.14,1.09
2014.09.08,01:02:46.115,0.93141,0.93128,1.69,1.84
2014.09.08,01:02:46.622,0.93141,0.93129,1.25,2.02
2014.09.08,01:02:52.301,0.93141,0.93133,1,1
2014.09.08,01:02:52.403,0.93145,0.93133,1.2,1.57
2014.09.08,01:02:52.454,0.93145,0.93133,1.12,1.65
2014.09.08,01:02:52.765,0.93148,0.93138,1.39,1
2014.09.08,01:02:52.867,0.93148,0.93136,1.39,1.57
2014.09.08,01:02:53.173,0.93148,0.93138,1.39,1
2014.09.08,01:02:53.591,0.93148,0.93136,1.66,1.57
2014.09.08,01:02:57.941,0.93147,0.93136,1.84,1
2014.09.08,01:02:58.144,0.93144,0.93133,1.1,1.69
2014.09.08,01:02:58.960,0.93144,0.93131,1.1,4.46
2014.09.08,01:03:03.362,0.93144,0.93131,1.32,2.96
2014.09.08,01:03:03.869,0.93144,0.93131,2.21,1.5
2014.09.08,01:03:04.375,0.93143,0.93131,1.84,1
2014.09.08,01:03:06.275,0.93143,0.93131,2.96,1
2014.09.08,01:03:06.785,0.93143,0.93131,2.96,1
2014.09.08,01:03:07.314,0.93143,0.93131,2.96,1
2014.09.08,01:03:11.061,0.93142,0.93131,1.46,1
2014.09.08,01:03:11.567,0.9314,0.93128,1.2,1.01
2014.09.08,01:03:11.669,0.93138,0.93127,1,1.39
2014.09.08,01:03:24.395,0.93138,0.93127,1,1.17
2014.09.08,01:03:25.099,0.93138,0.93127,1,1.15
2014.09.08,01:03:25.788,0.93138,0.93127,1,1.17
2014.09.08,01:03:29.402,0.93138,0.93127,1.37,1.09
2014.09.08,01:03:29.920,0.93138,0.93127,1.12,1.17
2014.09.08,01:03:30.225,0.93138,0.93127,1,2.21
2014.09.08,01:03:31.200,0.93138,0.93127,1,2.96
2014.09.08,01:03:31.732,0.93138,0.93127,1,2.96
2014.09.08,01:03:32.424,0.93138,0.93127,1,2.21
2014.09.08,01:03:32.974,0.93138,0.93127,1,2.21
2014.09.08,01:03:33.698,0.93138,0.93127,1,2.21
2014.09.08,01:03:36.602,0.93138,0.93127,1,2.21
2014.09.08,01:03:41.739,0.93138,0.93127,1,2.96
2014.09.08,01:03:42.254,0.93138,0.93127,1,2.96
2014.09.08,01:03:42.762,0.93138,0.93127,1,2.59
2014.09.08,01:03:43.319,0.93138,0.93127,1,2.59
2014.09.08,01:03:43.854,0.93138,0.93128,1,1.4
2014.09.08,01:03:44.360,0.93138,0.93128,1,1.46
2014.09.08,01:03:44.933,0.93138,0.93128,1,1.4
2014.09.08,01:03:47.356,0.93138,0.93128,1,1.46
2014.09.08,01:03:51.238,0.93138,0.93128,1,1.46
2014.09.08,01:03:51.746,0.93138,0.93128,1,1.4
2014.09.08,01:03:51.949,0.93138,0.93127,1,1.34
2014.09.08,01:03:52.522,0.93138,0.93127,1,1.34
2014.09.08,01:03:56.769,0.93138,0.93126,1,2.59
2014.09.08,01:03:57.675,0.93137,0.93126,1,1.65
2014.09.08,01:03:58.181,0.93138,0.93126,1.62,1.65
2014.09.08,01:04:02.168,0.93138,0.93126,2.14,1.2
2014.09.08,01:04:02.956,0.93138,0.93126,1.39,1.1
2014.09.08,01:04:06.440,0.93138,0.93126,1.47,1.1
2014.09.08,01:04:06.948,0.93137,0.93126,1.37,1.1
2014.09.08,01:04:07.600,0.93137,0.93126,1.2,1
2014.09.08,01:04:37.248,0.93138,0.93126,1.66,1.1
2014.09.08,01:04:37.299,0.93138,0.93126,4.01,1.1
2014.09.08,01:04:37.604,0.93132,0.93125,1.37,1
2014.09.08,01:04:37.707,0.93132,0.93122,1.37,1
2014.09.08,01:04:37.913,0.93132,0.9312,1.37,1.25
2014.09.08,01:04:40.518,0.93132,0.9312,2.14,1.1
2014.09.08,01:04:45.807,0.93132,0.9312,1.39,1.1
2014.09.08,01:04:46.516,0.93132,0.9312,1.46,1
2014.09.08,01:04:49.502,0.93132,0.9312,2.96,1
2014.09.08,01:04:49.806,0.93131,0.9312,1.74,1
2014.09.08,01:04:51.275,0.93132,0.9312,2.59,1
2014.09.08,01:04:53.015,0.93132,0.9312,2.96,1
2014.09.08,01:04:54.905,0.93132,0.9312,2.21,1
2014.09.08,01:04:55.416,0.93132,0.9312,2.96,1
2014.09.08,01:04:55.935,0.93132,0.9312,2.96,1
2014.09.08,01:04:56.582,0.93132,0.9312,2.96,1
2014.09.08,01:04:57.819,0.93132,0.9312,2.21,1
2014.09.08,01:04:58.452,0.93132,0.9312,2.21,1
2014.09.08,01:05:01.128,0.93132,0.9312,2.21,1
2014.09.08,01:05:03.022,0.93132,0.9312,2.59,1
2014.09.08,01:05:03.327,0.9313,0.93118,1.52,1
2014.09.08,01:05:03.429,0.93127,0.93116,1.37,1.1
2014.09.08,01:05:03.938,0.93127,0.93115,1.1,1.76
2014.09.08,01:05:04.446,0.93127,0.93115,1.12,1.84
2014.09.08,01:05:04.954,0.93127,0.93117,1,1
2014.09.08,01:05:05.259,0.9313,0.93118,1.37,1.17
2014.09.08,01:05:05.767,0.9313,0.93118,1.47,1.1
2014.09.08,01:05:06.325,0.9313,0.93118,1.62,1.07
2014.09.08,01:05:06.866,0.9313,0.93118,1.39,1.1
2014.09.08,01:05:07.945,0.93132,0.9312,3.71,1
2014.09.08,01:05:08.047,0.9313,0.93118,2.02,1
2014.09.08,01:05:08.351,0.93131,0.9312,2.21,1
2014.09.08,01:05:08.453,0.9313,0.93118,1.55,1
2014.09.08,01:05:08.706,0.93127,0.93116,1,1.09
2014.09.08,01:05:08.808,0.9313,0.93118,1.55,1
2014.09.08,01:05:08.910,0.93127,0.93116,1,1.09
2014.09.08,01:05:09.416,0.93127,0.93116,1,1.01
2014.09.08,01:05:09.823,0.9313,0.93118,1.27,1
2014.09.08,01:05:10.026,0.93127,0.93116,1,1.01
2014.09.08,01:05:10.128,0.93129,0.93118,1.32,1
2014.09.08,01:05:10.230,0.93128,0.93116,1.1,1.01
2014.09.08,01:05:11.105,0.93128,0.93116,1.31,1.65
2014.09.08,01:05:11.610,0.93129,0.93118,1.74,1
2014.09.08,01:05:12.070,0.9313,0.93118,3.71,1
2014.09.08,01:05:12.121,0.93127,0.93115,1.47,2.51
2014.09.08,01:05:12.376,0.93127,0.93115,1.55,1.5
2014.09.08,01:05:12.882,0.93125,0.93113,1.55,1
2014.09.08,01:05:13.186,0.93122,0.93112,1,1.09
2014.09.08,01:05:13.491,0.93122,0.9311,1,1.84
2014.09.08,01:05:14.808,0.93122,0.9311,1.2,1.76
2014.09.08,01:05:21.305,0.93122,0.9311,1.12,1.57
