Date,Time,Ask,Bid,AskVolume,BidVolume
08-09-2014,00:00:00.000,105.186,105.182,1,1.5
08-09-2014,00:00:00.546,105.181,105.179,1,1
08-09-2014,00:00:00.699,105.177,105.174,3.75,1.5
08-09-2014,00:00:00.800,105.178,105.174,1,2.25
08-09-2014,00:00:01.003,105.18,105.176,1,1
08-09-2014,00:00:01.510,105.179,105.175,1.5,1
08-09-2014,00:00:01.814,105.174,105.171,1,1.5
08-09-2014,00:00:02.118,105.171,105.169,2.5,1
08-09-2014,00:00:02.270,105.168,105.166,1,1
08-09-2014,00:00:02.322,105.167,105.164,1,2.25
08-09-2014,00:00:02.576,105.166,105.162,2.25,1.5
08-09-2014,00:00:02.821,105.164,105.161,1,1
08-09-2014,00:00:03.327,105.164,105.16,1,1.5
08-09-2014,00:00:03.858,105.165,105.161,1.5,1.5
08-09-2014,00:00:06.431,105.165,105.162,1.5,1
08-09-2014,00:00:07.449,105.166,105.163,4.5,1
08-09-2014,00:00:10.265,105.167,105.163,3.75,1
08-09-2014,00:00:10.769,105.166,105.163,1,1
08-09-2014,00:00:11.380,105.165,105.163,1,1
08-09-2014,00:00:11.884,105.166,105.163,1.5,1
08-09-2014,00:00:12.288,105.168,105.164,3,1
08-09-2014,00:00:12.995,105.166,105.164,1,1
08-09-2014,00:00:13.500,105.167,105.164,1,1
08-09-2014,00:00:16.926,105.168,105.166,2.25,1
08-09-2014,00:00:17.078,105.17,105.168,1,1
08-09-2014,00:00:17.230,105.173,105.172,1,1.25
08-09-2014,00:00:17.280,105.176,105.172,3.75,1.25
08-09-2014,00:00:17.786,105.175,105.172,1,1.25
08-09-2014,00:00:18.292,105.174,105.172,1,1.25
08-09-2014,00:00:19.204,105.174,105.172,1,1.25
08-09-2014,00:00:19.275,105.172,105.17,1,2.44
08-09-2014,00:00:19.378,105.172,105.168,1,2.25
08-09-2014,00:00:19.531,105.17,105.166,1,3.19
08-09-2014,00:00:20.040,105.17,105.166,1,1.69
08-09-2014,00:00:20.552,105.17,105.167,1,1
08-09-2014,00:00:23.065,105.169,105.167,1,1
08-09-2014,00:00:23.570,105.169,105.166,1,1.69
08-09-2014,00:00:24.637,105.168,105.165,1,1.5
08-09-2014,00:00:24.940,105.166,105.164,1,1.25
08-09-2014,00:00:25.445,105.167,105.163,1.5,1.19
08-09-2014,00:00:25.754,105.167,105.162,1.5,2.44
08-09-2014,00:00:26.269,105.167,105.162,2.44,3.19
08-09-2014,00:00:27.797,105.167,105.162,1.25,3.75
08-09-2014,00:00:29.688,105.165,105.162,1,2.25
08-09-2014,00:00:30.344,105.166,105.162,1,1
08-09-2014,00:00:30.849,105.165,105.162,1,1
08-09-2014,00:00:31.505,105.166,105.162,2.44,1
08-09-2014,00:00:33.959,105.165,105.161,1,1
08-09-2014,00:00:37.697,105.164,105.161,1,1
08-09-2014,00:00:39.208,105.164,105.16,1.5,2.44
08-09-2014,00:00:39.511,105.161,105.159,1.5,1.25
08-09-2014,00:00:39.815,105.159,105.157,1,2.44
08-09-2014,00:00:40.420,105.16,105.157,1.5,2.44
08-09-2014,00:00:40.925,105.161,105.157,3,3.19
08-09-2014,00:00:41.722,105.161,105.157,1.69,3.94
08-09-2014,00:00:42.227,105.161,105.158,1.69,1
08-09-2014,00:00:42.737,105.16,105.158,1,1
08-09-2014,00:00:48.267,105.161,105.158,1,1
08-09-2014,00:00:48.772,105.162,105.158,2.25,1
08-09-2014,00:00:53.752,105.162,105.158,1.5,2.44
08-09-2014,00:00:54.739,105.162,105.158,1.5,1.5
08-09-2014,00:00:57.697,105.162,105.159,1,1
08-09-2014,00:00:58.261,105.162,105.16,1,1
08-09-2014,00:00:58.802,105.163,105.16,1.69,1.5
08-09-2014,00:01:00.466,105.163,105.161,2.44,1
08-09-2014,00:01:06.649,105.164,105.161,1.69,1
08-09-2014,00:01:08.968,105.164,105.162,1.69,1
08-09-2014,00:01:10.013,105.164,105.161,1.5,1.69
08-09-2014,00:01:13.143,105.164,105.16,1,2.25
08-09-2014,00:01:13.446,105.165,105.163,1.69,1
08-09-2014,00:01:13.953,105.164,105.163,1,1
08-09-2014,00:01:14.256,105.167,105.165,1.5,1
08-09-2014,00:01:15.029,105.168,105.166,1.25,1
08-09-2014,00:01:15.332,105.173,105.169,3.19,1.5
08-09-2014,00:01:15.383,105.172,105.17,1,1
08-09-2014,00:01:15.888,105.173,105.17,1.5,1.69
08-09-2014,00:01:16.394,105.174,105.171,2.44,1
08-09-2014,00:01:17.224,105.174,105.17,2.44,2.25
08-09-2014,00:01:17.731,105.174,105.172,1.25,1
08-09-2014,00:01:17.883,105.176,105.173,1.5,1
08-09-2014,00:01:18.338,105.178,105.174,4.69,1
08-09-2014,00:01:20.854,105.176,105.174,1,1.25
08-09-2014,00:01:21.362,105.175,105.173,1.5,1.69
08-09-2014,00:01:21.921,105.175,105.172,1.5,2.25
08-09-2014,00:01:22.866,105.174,105.172,1,2.25
08-09-2014,00:01:23.371,105.175,105.172,1,1
08-09-2014,00:01:23.876,105.175,105.171,1.5,3.19
08-09-2014,00:01:24.990,105.174,105.171,1,2.25
08-09-2014,00:01:25.293,105.172,105.17,1.5,1
08-09-2014,00:01:25.737,105.171,105.169,1,1
08-09-2014,00:01:25.839,105.169,105.167,1,2.25
08-09-2014,00:01:26.043,105.166,105.165,1,1
08-09-2014,00:01:26.094,105.166,105.163,1,1
08-09-2014,00:01:26.599,105.166,105.162,3.19,1.69
08-09-2014,00:01:27.106,105.166,105.162,3.19,2.25
08-09-2014,00:01:28.176,105.166,105.164,1.69,1
08-09-2014,00:01:29.096,105.166,105.163,1.69,1
08-09-2014,00:01:29.607,105.166,105.164,1.69,1
08-09-2014,00:01:29.912,105.166,105.162,1.69,1.25
08-09-2014,00:01:31.119,105.166,105.162,1.69,1
08-09-2014,00:01:35.123,105.165,105.161,1.25,2.44
08-09-2014,00:01:35.935,105.165,105.162,1.25,1
08-09-2014,00:01:36.339,105.167,105.163,2.25,1
08-09-2014,00:01:38.247,105.166,105.162,1,3.19
08-09-2014,00:01:38.753,105.167,105.162,2.25,3.19
08-09-2014,00:01:39.258,105.167,105.163,2.44,3.19
08-09-2014,00:01:40.559,105.166,105.163,1,2.44
08-09-2014,00:01:41.137,105.167,105.162,1.5,3.94
08-09-2014,00:01:41.642,105.167,105.163,1.5,1
08-09-2014,00:01:46.535,105.166,105.162,1,3.19
08-09-2014,00:01:48.046,105.167,105.163,1.5,1
08-09-2014,00:01:51.585,105.167,105.164,1.5,1
08-09-2014,00:01:51.946,105.165,105.163,1,1.5
08-09-2014,00:01:52.048,105.167,105.163,3.75,1.5
08-09-2014,00:01:52.150,105.165,105.163,1,1.5
08-09-2014,00:01:52.455,105.163,105.162,1,1.69
08-09-2014,00:01:52.960,105.163,105.161,1,1.25
08-09-2014,00:01:53.510,105.163,105.162,1,1
08-09-2014,00:01:56.490,105.163,105.161,1,3.19
08-09-2014,00:01:56.996,105.164,105.161,1.5,3.19
08-09-2014,00:01:59.445,105.164,105.159,1.5,4.69
08-09-2014,00:01:59.951,105.163,105.16,1,1.69
08-09-2014,00:02:00.304,105.165,105.161,2.25,3.19
08-09-2014,00:02:00.810,105.165,105.162,2.25,1
08-09-2014,00:02:01.343,105.165,105.163,1.5,1.25
08-09-2014,00:02:03.060,105.166,105.163,1,1.25
08-09-2014,00:02:04.330,105.166,105.162,1.5,3.94
08-09-2014,00:02:05.649,105.166,105.163,1,1.25
08-09-2014,00:02:06.356,105.166,105.162,1,1.5
08-09-2014,00:02:07.214,105.166,105.163,1,1.69
08-09-2014,00:02:07.316,105.167,105.165,1,1.5
08-09-2014,00:02:07.518,105.169,105.166,1.5,1.5
08-09-2014,00:02:07.771,105.17,105.168,1.5,1
08-09-2014,00:02:08.276,105.171,105.168,1,1
08-09-2014,00:02:08.581,105.171,105.17,1,1
08-09-2014,00:02:08.632,105.172,105.168,1.25,1.69
08-09-2014,00:02:09.088,105.171,105.17,1,1
08-09-2014,00:02:09.542,105.17,105.168,1,1
08-09-2014,00:02:09.593,105.169,105.168,1,1
08-09-2014,00:02:09.795,105.171,105.167,1.5,3.19
08-09-2014,00:02:09.847,105.172,105.169,2.25,1.69
08-09-2014,00:02:10.150,105.174,105.17,2.25,1
08-09-2014,00:02:10.252,105.174,105.172,1,1.69
08-09-2014,00:02:10.706,105.176,105.172,1.5,1.69
08-09-2014,00:02:12.240,105.176,105.173,2.25,1.25
08-09-2014,00:02:12.764,105.175,105.172,1,1.69
08-09-2014,00:02:13.275,105.176,105.172,2.25,1
08-09-2014,00:02:13.581,105.174,105.172,1,1
08-09-2014,00:02:14.086,105.175,105.173,1,1
08-09-2014,00:02:14.619,105.176,105.172,3.75,1
08-09-2014,00:02:14.923,105.174,105.172,1,1
08-09-2014,00:02:15.126,105.176,105.171,2.25,3.94
08-09-2014,00:02:15.631,105.175,105.171,1.5,1.69
08-09-2014,00:02:15.682,105.173,105.171,1,1.69
08-09-2014,00:02:15.833,105.175,105.171,2.25,1.69
08-09-2014,00:02:16.457,105.175,105.172,2.25,1.25
08-09-2014,00:02:17.267,105.175,105.172,2.25,1.19
08-09-2014,00:02:18.283,105.175,105.172,1.5,1.69
08-09-2014,00:02:19.277,105.175,105.173,1,1.25
08-09-2014,00:02:21.793,105.176,105.173,3,1
08-09-2014,00:02:22.298,105.176,105.172,2.25,2.44
08-09-2014,00:02:24.502,105.175,105.172,1,1
08-09-2014,00:02:25.271,105.175,105.171,1.69,4.69
08-09-2014,00:02:25.781,105.174,105.171,1,3.94
08-09-2014,00:02:27.008,105.175,105.172,2.44,1
08-09-2014,00:02:27.928,105.175,105.173,1.69,1
08-09-2014,00:02:28.131,105.174,105.171,1,1.69
08-09-2014,00:02:28.746,105.172,105.17,1,1
08-09-2014,00:02:29.053,105.169,105.166,3.75,1.5
08-09-2014,00:02:29.205,105.167,105.163,1.25,2.25
08-09-2014,00:02:29.609,105.166,105.161,6.75,2.25
08-09-2014,00:02:29.660,105.164,105.161,1,1
08-09-2014,00:02:29.963,105.162,105.16,1,1
08-09-2014,00:02:30.166,105.161,105.158,1,2.44
08-09-2014,00:02:31.093,105.162,105.158,2.44,2.44
08-09-2014,00:02:31.981,105.162,105.159,2.44,1
08-09-2014,00:02:32.486,105.162,105.158,1.25,2.44
08-09-2014,00:02:33.260,105.161,105.158,1,2.44
08-09-2014,00:02:33.765,105.162,105.158,1.25,3
08-09-2014,00:02:38.006,105.161,105.158,2.44,1.5
08-09-2014,00:02:38.109,105.159,105.157,1,1.25
08-09-2014,00:02:38.412,105.156,105.153,1,1
08-09-2014,00:02:38.513,105.154,105.152,1,3.19
08-09-2014,00:02:38.766,105.154,105.151,4.69,1
08-09-2014,00:02:39.019,105.151,105.149,1.25,1
08-09-2014,00:02:39.222,105.149,105.147,1,1.5
08-09-2014,00:02:40.243,105.149,105.146,2.25,2.44
08-09-2014,00:02:40.851,105.15,105.146,1.25,1.69
08-09-2014,00:02:41.357,105.149,105.147,1.25,1
08-09-2014,00:02:41.408,105.149,105.145,1.25,1.25
08-09-2014,00:02:43.060,105.148,105.145,1,1.69
08-09-2014,00:02:43.565,105.149,105.145,3.19,1.25
08-09-2014,00:02:44.070,105.148,105.145,1,1.25
08-09-2014,00:02:44.679,105.149,105.145,3.19,1.25
08-09-2014,00:02:46.226,105.147,105.145,1,1
08-09-2014,00:02:46.738,105.147,105.144,1,1.25
08-09-2014,00:02:47.448,105.147,105.143,1.25,2.44
08-09-2014,00:02:48.044,105.147,105.144,1.25,1
08-09-2014,00:02:48.549,105.147,105.143,1.25,2.44
08-09-2014,00:02:48.853,105.145,105.141,1.5,1.5
08-09-2014,00:02:49.359,105.145,105.142,1,2.44
08-09-2014,00:02:49.864,105.146,105.143,1.69,1
08-09-2014,00:02:50.421,105.146,105.145,1,1.5
08-09-2014,00:02:50.876,105.148,105.145,1,1.5
08-09-2014,00:02:51.381,105.149,105.145,2.44,2.25
08-09-2014,00:02:51.886,105.149,105.146,2.44,1.5
08-09-2014,00:02:52.641,105.15,105.148,1.5,1
08-09-2014,00:02:53.147,105.15,105.147,2.44,1
08-09-2014,00:02:53.450,105.149,105.145,3.94,1.69
08-09-2014,00:02:54.157,105.149,105.146,6.94,1
08-09-2014,00:02:54.668,105.149,105.146,3.19,1
08-09-2014,00:02:55.565,105.149,105.145,3.19,1.5
08-09-2014,00:02:56.092,105.149,105.146,1.69,1.5
08-09-2014,00:02:56.294,105.151,105.146,4.69,1.5
08-09-2014,00:02:56.345,105.151,105.148,3.19,1
08-09-2014,00:02:56.850,105.15,105.148,1.69,1
08-09-2014,00:02:57.366,105.149,105.147,1.69,1
08-09-2014,00:02:57.569,105.146,105.145,1,1
08-09-2014,00:02:57.872,105.149,105.145,3.19,1.5
08-09-2014,00:02:58.175,105.149,105.147,3.19,1
08-09-2014,00:02:58.690,105.149,105.146,3.19,1
08-09-2014,00:02:59.880,105.149,105.146,2.25,1.5
08-09-2014,00:03:00.858,105.149,105.146,3.19,1
08-09-2014,00:03:01.380,105.149,105.145,3.19,1.5
08-09-2014,00:03:01.685,105.149,105.147,1.69,1
08-09-2014,00:03:02.196,105.149,105.147,1.69,1
08-09-2014,00:03:03.260,105.149,105.146,1.69,1
08-09-2014,00:03:03.765,105.149,105.147,1.69,1
08-09-2014,00:03:04.270,105.149,105.147,1.69,1
08-09-2014,00:03:05.119,105.147,105.145,1,1.5
08-09-2014,00:03:05.171,105.146,105.144,1,1.5
08-09-2014,00:03:05.474,105.145,105.142,1.69,1.5
08-09-2014,00:03:07.773,105.145,105.144,1.25,1
08-09-2014,00:03:08.279,105.145,105.143,1.25,1
08-09-2014,00:03:09.704,105.145,105.142,2.44,1.5
08-09-2014,00:03:11.338,105.145,105.142,2.44,1.5
08-09-2014,00:03:12.301,105.145,105.142,1.5,1.5
08-09-2014,00:03:14.230,105.145,105.143,1.5,1
08-09-2014,00:03:15.430,105.145,105.143,1.25,1
08-09-2014,00:03:15.937,105.145,105.143,1.25,1
08-09-2014,00:03:16.443,105.146,105.143,1.69,1
08-09-2014,00:03:21.343,105.147,105.143,3.19,1
08-09-2014,00:03:23.443,105.146,105.143,1.25,1
08-09-2014,00:03:24.972,105.147,105.144,2.44,1
08-09-2014,00:03:25.277,105.15,105.147,1.5,5.5
08-09-2014,00:03:25.580,105.155,105.153,1.5,1
08-09-2014,00:03:25.682,105.156,105.154,1,1.5
08-09-2014,00:03:26.240,105.157,105.154,2.44,1.5
08-09-2014,00:03:26.444,105.16,105.156,6.75,1
08-09-2014,00:03:26.949,105.16,105.157,1,1.25
08-09-2014,00:03:27.101,105.161,105.159,1.25,1
08-09-2014,00:03:27.404,105.164,105.162,1,1
08-09-2014,00:03:27.708,105.166,105.164,1,1
08-09-2014,00:03:28.465,105.167,105.165,1.69,1
08-09-2014,00:03:28.768,105.167,105.163,1.69,1.5
08-09-2014,00:03:29.376,105.166,105.162,1.25,3.19
08-09-2014,00:03:32.460,105.166,105.162,1.69,1.5
08-09-2014,00:03:33.502,105.166,105.162,1.69,1.69
08-09-2014,00:03:36.004,105.167,105.162,1,3.19
08-09-2014,00:03:36.055,105.167,105.164,1,1
08-09-2014,00:03:36.308,105.169,105.165,1,5.25
08-09-2014,00:03:36.813,105.169,105.166,1,1
08-09-2014,00:03:37.318,105.17,105.166,1,7.69
08-09-2014,00:03:41.007,105.17,105.166,1.25,7.69
08-09-2014,00:03:42.576,105.17,105.167,1.25,1
08-09-2014,00:03:43.283,105.169,105.167,1,1
08-09-2014,00:03:43.788,105.168,105.166,1,1
08-09-2014,00:03:44.293,105.167,105.166,1,1
08-09-2014,00:03:44.799,105.167,105.165,2.44,1
08-09-2014,00:03:45.304,105.166,105.164,1,4.5
08-09-2014,00:03:45.811,105.167,105.165,1,2.44
08-09-2014,00:03:46.527,105.168,105.166,1,2.44
08-09-2014,00:03:47.040,105.169,105.166,3,2.44
08-09-2014,00:03:47.651,105.168,105.166,1,2.44
08-09-2014,00:03:48.163,105.169,105.166,3,2.44
08-09-2014,00:03:48.675,105.168,105.167,1,1.25
08-09-2014,00:03:52.766,105.169,105.166,2.25,2.44
08-09-2014,00:03:53.527,105.169,105.166,2.25,2.44
08-09-2014,00:03:53.845,105.167,105.165,1,3.19
08-09-2014,00:03:54.350,105.168,105.165,1.5,2.44
08-09-2014,00:03:55.006,105.167,105.165,1,2.44
08-09-2014,00:04:00.700,105.168,105.165,2.25,2.44
08-09-2014,00:04:01.488,105.167,105.165,1,2.44
08-09-2014,00:04:02.027,105.166,105.165,1,2.44
08-09-2014,00:04:02.532,105.167,105.164,1,4.69
08-09-2014,00:04:14.031,105.166,105.164,1,1.25
08-09-2014,00:04:14.233,105.168,105.165,3.75,1.25
08-09-2014,00:04:14.435,105.168,105.167,1,3.75
08-09-2014,00:04:14.587,105.171,105.169,1,2.44
08-09-2014,00:04:14.840,105.173,105.169,4.69,3.94
08-09-2014,00:04:15.345,105.173,105.17,1.5,2.44
08-09-2014,00:04:15.800,105.174,105.172,1,1
08-09-2014,00:04:16.314,105.175,105.171,1.5,7.69
08-09-2014,00:04:17.734,105.175,105.172,1.5,2.44
08-09-2014,00:04:18.238,105.174,105.172,1,2.44
08-09-2014,00:04:18.504,105.174,105.171,1,4.5
08-09-2014,00:04:19.009,105.174,105.17,3.19,1.25
08-09-2014,00:04:19.939,105.174,105.171,1.25,1.5
08-09-2014,00:04:20.455,105.174,105.172,1.25,1.5
08-09-2014,00:04:21.271,105.175,105.171,8.44,2.25
08-09-2014,00:04:22.662,105.174,105.172,1.25,1
08-09-2014,00:04:23.189,105.175,105.171,6.94,1.69
08-09-2014,00:04:25.194,105.174,105.171,1,1.69
08-09-2014,00:04:25.296,105.173,105.171,1,1.69
08-09-2014,00:04:25.651,105.174,105.171,1,1.69
08-09-2014,00:04:28.048,105.175,105.171,1.69,2.25
08-09-2014,00:04:28.622,105.173,105.171,1,2.25
08-09-2014,00:04:30.154,105.175,105.171,3.19,1.5
08-09-2014,00:04:31.333,105.173,105.171,1,1.5
08-09-2014,00:04:31.484,105.171,105.169,5.25,1.5
08-09-2014,00:04:31.536,105.17,105.168,1.69,2.25
08-09-2014,00:04:31.588,105.169,105.166,1.69,1
08-09-2014,00:04:32.095,105.17,105.167,1,1.5
08-09-2014,00:04:35.672,105.169,105.167,1.5,1
08-09-2014,00:04:35.824,105.169,105.165,1,1.69
08-09-2014,00:04:36.076,105.166,105.165,1,1.5
08-09-2014,00:04:36.581,105.166,105.164,1,2.44
08-09-2014,00:04:36.954,105.168,105.165,1.25,1
08-09-2014,00:04:37.461,105.168,105.166,1,1
08-09-2014,00:04:42.102,105.168,105.165,1,2.44
08-09-2014,00:04:43.375,105.168,105.166,1,1
08-09-2014,00:04:43.679,105.17,105.167,1,1.5
08-09-2014,00:04:44.032,105.171,105.169,1,1
08-09-2014,00:04:44.184,105.173,105.168,3.94,3.19
08-09-2014,00:04:45.899,105.171,105.168,1.5,1.25
08-09-2014,00:04:46.720,105.17,105.168,1,1
08-09-2014,00:04:47.238,105.17,105.167,1,1.69
08-09-2014,00:04:53.701,105.171,105.167,3.19,3.19
08-09-2014,00:04:57.622,105.17,105.167,1,3.19
08-09-2014,00:04:59.736,105.171,105.168,1.5,2.44
08-09-2014,00:05:00.241,105.17,105.168,1,2.44
08-09-2014,00:05:01.712,105.17,105.168,1,2.44
08-09-2014,00:05:03.260,105.17,105.167,1,3
08-09-2014,00:05:04.051,105.169,105.167,1,3
08-09-2014,00:05:04.556,105.169,105.168,1,1
08-09-2014,00:05:05.067,105.168,105.166,4.5,1.25
08-09-2014,00:05:06.162,105.168,105.165,5.25,1
08-09-2014,00:05:06.667,105.167,105.164,1,1.69
08-09-2014,00:05:07.626,105.166,105.164,1,1
08-09-2014,00:05:08.132,105.166,105.163,2.44,1
08-09-2014,00:05:13.078,105.166,105.164,1,1.25
08-09-2014,00:05:13.599,105.166,105.163,1,2.44
08-09-2014,00:05:15.867,105.166,105.164,1,1.25
08-09-2014,00:05:16.372,105.167,105.164,1.5,1.25
08-09-2014,00:05:16.883,105.167,105.163,1.5,3.19
08-09-2014,00:05:18.272,105.167,105.164,2.25,2.44
08-09-2014,00:05:19.291,105.167,105.163,1.5,3
08-09-2014,00:05:19.801,105.167,105.164,1,2.44
08-09-2014,00:05:20.003,105.168,105.166,1,1
08-09-2014,00:05:20.206,105.17,105.167,1,2.44
08-09-2014,00:05:20.726,105.17,105.168,1,2.44
08-09-2014,00:05:21.239,105.171,105.168,2.25,2.44
08-09-2014,00:05:21.802,105.17,105.168,1,2.44
08-09-2014,00:05:22.790,105.171,105.168,1.5,2.44
08-09-2014,00:05:22.891,105.171,105.169,1,2.44
08-09-2014,00:05:22.993,105.173,105.171,2.25,2.44
08-09-2014,00:05:23.296,105.175,105.171,1.69,3.19
08-09-2014,00:05:25.600,105.174,105.171,1,1
08-09-2014,00:05:27.004,105.175,105.172,6,1
08-09-2014,00:05:28.039,105.175,105.171,6.19,1.5
08-09-2014,00:05:28.543,105.174,105.17,1,3.94
08-09-2014,00:05:31.233,105.173,105.17,1,3.94
08-09-2014,00:05:31.739,105.174,105.17,1.69,3.94
08-09-2014,00:05:32.325,105.173,105.17,1,2.25
08-09-2014,00:05:33.416,105.174,105.17,1,2.25
08-09-2014,00:05:41.379,105.174,105.172,1,1
08-09-2014,00:05:41.682,105.176,105.172,1.5,3.75
08-09-2014,00:05:43.810,105.175,105.172,1,3.94
08-09-2014,00:05:44.366,105.176,105.172,1.69,4.69
08-09-2014,00:05:46.298,105.175,105.172,1,3
08-09-2014,00:05:46.857,105.175,105.171,3.94,1.25
08-09-2014,00:05:49.469,105.175,105.171,4.69,1
08-09-2014,00:05:50.944,105.173,105.171,1,1
08-09-2014,00:05:51.450,105.173,105.17,1,3.19
08-09-2014,00:05:51.979,105.173,105.171,1,1
08-09-2014,00:05:52.561,105.173,105.17,1,3.19
08-09-2014,00:05:55.381,105.173,105.171,1,1
08-09-2014,00:05:56.076,105.172,105.169,1,1.5
08-09-2014,00:05:56.379,105.17,105.168,1.5,1
08-09-2014,00:05:56.682,105.167,105.165,1,1.5
08-09-2014,00:05:56.885,105.167,105.163,1.5,1.5
08-09-2014,00:05:57.137,105.165,105.162,1,3.19
08-09-2014,00:05:57.649,105.164,105.162,1,1.25
08-09-2014,00:05:58.157,105.163,105.16,1,8.44
08-09-2014,00:05:58.974,105.163,105.16,1,8.44
08-09-2014,00:05:59.904,105.164,105.16,1.5,9.19
08-09-2014,00:06:01.683,105.162,105.16,1,2.44
08-09-2014,00:06:01.835,105.164,105.16,3,2.44
08-09-2014,00:06:01.886,105.162,105.16,1,1
08-09-2014,00:06:02.391,105.162,105.159,1.5,1.25
08-09-2014,00:06:09.396,105.161,105.159,3.75,1
08-09-2014,00:06:09.649,105.163,105.16,2.44,1
08-09-2014,00:06:10.204,105.163,105.159,1.69,3.94
08-09-2014,00:06:10.306,105.161,105.159,4.5,2.25
08-09-2014,00:06:10.641,105.156,105.155,1,1
08-09-2014,00:06:10.845,105.154,105.151,1.5,3.94
08-09-2014,00:06:11.100,105.152,105.151,1,1
08-09-2014,00:06:11.151,105.152,105.149,1,2.44
08-09-2014,00:06:11.358,105.15,105.149,3.75,1
08-09-2014,00:06:11.662,105.145,105.144,1,1
08-09-2014,00:06:11.764,105.144,105.142,1,1
08-09-2014,00:06:12.118,105.142,105.14,1,1
08-09-2014,00:06:12.270,105.143,105.14,4.5,1
08-09-2014,00:06:13.407,105.143,105.141,3.75,1
08-09-2014,00:06:13.912,105.145,105.14,2.44,2.44
08-09-2014,00:06:14.448,105.145,105.139,3.94,3.19
08-09-2014,00:06:14.953,105.144,105.139,1,3.94
08-09-2014,00:06:15.466,105.144,105.14,1.5,1
08-09-2014,00:06:16.268,105.144,105.139,1.5,1.5
08-09-2014,00:06:16.772,105.144,105.14,1.5,1
08-09-2014,00:06:18.155,105.144,105.14,1.5,1.69
08-09-2014,00:06:18.459,105.145,105.143,1,1.25
08-09-2014,00:06:18.965,105.146,105.144,1,1
08-09-2014,00:06:20.441,105.146,105.143,1,3.94
08-09-2014,00:06:21.410,105.147,105.143,1,3.94
08-09-2014,00:06:21.713,105.149,105.145,1.25,1.69
08-09-2014,00:06:22.017,105.151,105.148,1.69,1
08-09-2014,00:06:22.976,105.152,105.148,2.44,2.44
08-09-2014,00:06:25.293,105.152,105.149,1.69,1
08-09-2014,00:06:29.994,105.152,105.15,1.69,1
08-09-2014,00:06:32.073,105.153,105.15,2.44,1
08-09-2014,00:06:34.072,105.154,105.15,2.25,1.5
08-09-2014,00:06:36.457,105.152,105.15,1,1.69
08-09-2014,00:06:36.962,105.152,105.149,1,1
08-09-2014,00:06:37.847,105.153,105.15,1.19,1
08-09-2014,00:06:37.999,105.154,105.151,1,1.5
08-09-2014,00:06:38.101,105.155,105.152,1.5,1.69
08-09-2014,00:06:38.202,105.157,105.153,3.94,1.25
08-09-2014,00:06:38.405,105.156,105.155,1,1
08-09-2014,00:06:38.456,105.158,105.155,2.44,1.5
08-09-2014,00:06:38.659,105.157,105.155,1,1.5
08-09-2014,00:06:41.745,105.156,105.155,1,1
08-09-2014,00:06:42.176,105.156,105.153,1,1
08-09-2014,00:06:42.833,105.156,105.152,1,1.5
08-09-2014,00:06:43.338,105.155,105.153,1,1
08-09-2014,00:06:44.051,105.156,105.152,2.44,1
08-09-2014,00:06:44.573,105.156,105.153,2.44,1
08-09-2014,00:06:45.914,105.154,105.153,1,1
08-09-2014,00:06:47.360,105.154,105.151,1,3.94
08-09-2014,00:06:48.740,105.152,105.151,1.5,1.5
08-09-2014,00:06:48.891,105.151,105.148,1,2.25
08-09-2014,00:06:49.194,105.15,105.146,2.25,3.19
08-09-2014,00:06:49.850,105.15,105.145,2.25,2.25
08-09-2014,00:06:49.951,105.148,105.145,1,1.5
08-09-2014,00:06:50.559,105.148,105.143,1.69,2.44
08-09-2014,00:06:50.963,105.146,105.142,1,1.69
08-09-2014,00:06:51.771,105.146,105.142,1.69,1
08-09-2014,00:06:52.477,105.146,105.143,1.25,1
08-09-2014,00:06:54.581,105.145,105.142,1,1.69
08-09-2014,00:06:55.107,105.145,105.141,3.94,1.25
08-09-2014,00:06:55.647,105.144,105.141,1.25,1
08-09-2014,00:06:57.788,105.144,105.14,1.69,2.44
08-09-2014,00:07:00.692,105.144,105.142,1.25,1
08-09-2014,00:07:02.675,105.144,105.141,1.25,1.5
08-09-2014,00:07:03.766,105.145,105.141,3.19,1
08-09-2014,00:07:04.316,105.145,105.142,2.44,1
08-09-2014,00:07:04.858,105.145,105.142,3.19,1
08-09-2014,00:07:05.700,105.145,105.14,1.69,3
08-09-2014,00:07:06.259,105.145,105.14,1.69,2.44
08-09-2014,00:07:09.794,105.144,105.14,1.25,2.44
08-09-2014,00:07:10.769,105.145,105.14,1.25,2.25
08-09-2014,00:07:13.798,105.145,105.14,1.69,2.25
08-09-2014,00:07:15.818,105.145,105.142,1.69,1
08-09-2014,00:07:16.892,105.144,105.142,1.25,1
08-09-2014,00:07:19.832,105.145,105.142,1.25,1
08-09-2014,00:07:20.379,105.145,105.141,1.25,1
08-09-2014,00:07:21.392,105.146,105.142,3.19,1
08-09-2014,00:07:21.964,105.146,105.141,3.19,1
08-09-2014,00:07:22.473,105.144,105.141,1,1
08-09-2014,00:07:25.840,105.144,105.14,1.25,3.19
08-09-2014,00:07:27.858,105.146,105.14,2.44,2.25
08-09-2014,00:07:28.212,105.146,105.142,2.44,1
08-09-2014,00:07:28.817,105.145,105.142,1.19,1
08-09-2014,00:07:30.231,105.146,105.142,2.44,1
08-09-2014,00:07:30.534,105.148,105.145,2.25,1
08-09-2014,00:07:31.052,105.149,105.146,1.69,1.5
08-09-2014,00:07:31.660,105.149,105.146,1.69,1.5
08-09-2014,00:07:32.536,105.15,105.146,4.69,1.5
08-09-2014,00:07:33.638,105.15,105.148,1.5,1
08-09-2014,00:07:33.942,105.153,105.15,1.19,1
08-09-2014,00:07:34.448,105.155,105.152,3.19,1
08-09-2014,00:07:35.461,105.155,105.152,2.44,1
08-09-2014,00:07:36.236,105.155,105.151,3.19,1.69
08-09-2014,00:07:42.281,105.155,105.152,1.5,1
08-09-2014,00:07:42.800,105.156,105.152,2.44,1.5
08-09-2014,00:07:43.154,105.158,105.155,1.69,1
08-09-2014,00:07:43.407,105.16,105.157,1.25,1
08-09-2014,00:07:43.912,105.161,105.157,2.44,1
08-09-2014,00:07:44.264,105.161,105.159,1,1
08-09-2014,00:07:44.568,105.165,105.162,1,1.5
08-09-2014,00:07:44.670,105.165,105.163,1,1
08-09-2014,00:07:45.176,105.167,105.163,3.94,1
08-09-2014,00:07:45.681,105.167,105.163,3.94,1
08-09-2014,00:07:49.162,105.167,105.162,6.19,1.5
08-09-2014,00:07:49.627,105.166,105.162,1.19,1.5
08-09-2014,00:07:50.132,105.164,105.162,1.25,1
08-09-2014,00:07:50.284,105.163,105.16,1,1.69
08-09-2014,00:07:50.809,105.164,105.16,1.25,1.69
08-09-2014,00:07:54.135,105.165,105.16,1.69,3.19
08-09-2014,00:07:55.107,105.165,105.16,1.19,3.19
08-09-2014,00:07:56.098,105.165,105.16,2.25,2.25
08-09-2014,00:07:56.605,105.164,105.161,1,1.25
08-09-2014,00:07:58.067,105.165,105.161,1.25,1.25
08-09-2014,00:07:58.629,105.167,105.161,5.44,1.5
08-09-2014,00:08:04.146,105.167,105.161,5.44,1.69
08-09-2014,00:08:04.894,105.167,105.163,4.69,1
08-09-2014,00:08:05.197,105.164,105.161,1,1.5
08-09-2014,00:08:05.653,105.164,105.161,2.25,1
08-09-2014,00:08:05.855,105.162,105.16,1.25,1
08-09-2014,00:08:06.159,105.158,105.156,1.5,1
08-09-2014,00:08:06.210,105.158,105.154,2.25,1
08-09-2014,00:08:06.261,105.156,105.154,1.69,1
08-09-2014,00:08:06.312,105.156,105.152,2.44,1.69
08-09-2014,00:08:06.464,105.154,105.151,1,1.25
08-09-2014,00:08:07.001,105.154,105.151,1,1.69
08-09-2014,00:08:07.509,105.153,105.151,1,1.25
08-09-2014,00:08:07.813,105.151,105.149,1,1
08-09-2014,00:08:08.318,105.151,105.148,1,1.69
08-09-2014,00:08:09.268,105.153,105.148,3.94,1.69
08-09-2014,00:08:12.477,105.151,105.147,1.5,1
08-09-2014,00:08:12.780,105.146,105.143,3.44,2.25
08-09-2014,00:08:12.932,105.144,105.141,1.5,1.69
08-09-2014,00:08:13.437,105.143,105.14,1,1.25
08-09-2014,00:08:13.487,105.144,105.142,1.69,1
08-09-2014,00:08:13.690,105.146,105.143,1.5,2.44
08-09-2014,00:08:13.997,105.148,105.145,1,1.25
08-09-2014,00:08:14.502,105.149,105.145,1.69,1.25
08-09-2014,00:08:15.007,105.149,105.146,1,1
08-09-2014,00:08:24.636,105.149,105.147,1.25,1
08-09-2014,00:08:24.940,105.148,105.145,1,1.5
08-09-2014,00:08:25.092,105.146,105.145,1,1
08-09-2014,00:08:25.143,105.146,105.143,2.44,1
08-09-2014,00:08:25.245,105.144,105.142,1,1
08-09-2014,00:08:25.346,105.144,105.14,1,1.5
08-09-2014,00:08:25.598,105.142,105.14,1,3
08-09-2014,00:08:26.358,105.144,105.14,1.69,3.19
08-09-2014,00:08:27.380,105.144,105.14,1.69,1.5
08-09-2014,00:08:27.785,105.142,105.138,1,3
08-09-2014,00:08:28.290,105.141,105.138,1,1
08-09-2014,00:08:28.895,105.142,105.138,2.44,1
08-09-2014,00:08:32.949,105.141,105.138,1,1
08-09-2014,00:08:33.465,105.142,105.138,2.25,1
08-09-2014,00:08:34.825,105.142,105.139,3.19,1
08-09-2014,00:08:48.229,105.142,105.141,1,1
08-09-2014,00:08:48.747,105.143,105.141,1,1
08-09-2014,00:08:49.258,105.144,105.141,1.25,1
08-09-2014,00:08:50.048,105.144,105.142,1.25,1
08-09-2014,00:08:52.339,105.144,105.142,1.19,1.5
08-09-2014,00:08:53.250,105.144,105.141,1.19,1
08-09-2014,00:08:53.808,105.144,105.14,1.19,3
08-09-2014,00:08:57.972,105.145,105.143,1,1
08-09-2014,00:08:58.075,105.148,105.145,2.25,1
08-09-2014,00:08:58.178,105.149,105.147,1,1
08-09-2014,00:08:58.280,105.152,105.149,1.5,1.5
08-09-2014,00:08:58.483,105.154,105.15,1.5,1.5
08-09-2014,00:08:58.686,105.155,105.152,3.19,1
08-09-2014,00:08:59.042,105.155,105.154,1,1
08-09-2014,00:08:59.345,105.162,105.157,1,2.44
08-09-2014,00:08:59.801,105.163,105.159,2.25,1.5
08-09-2014,00:09:00.307,105.165,105.16,3.19,2.25
08-09-2014,00:09:04.983,105.164,105.16,1.69,1.5
08-09-2014,00:09:06.506,105.164,105.161,1.19,1
08-09-2014,00:09:07.032,105.164,105.16,1.25,1
08-09-2014,00:09:07.546,105.164,105.159,1.25,2.44
08-09-2014,00:09:08.098,105.164,105.159,1.19,2.25
08-09-2014,00:09:09.748,105.163,105.16,1.25,1
08-09-2014,00:09:10.254,105.163,105.159,1.69,1.69
08-09-2014,00:09:10.765,105.162,105.16,1,1
08-09-2014,00:09:12.065,105.161,105.159,1.19,1
08-09-2014,00:09:12.116,105.16,105.158,1,2.25
08-09-2014,00:09:12.319,105.158,105.155,1.25,1.5
08-09-2014,00:09:12.470,105.156,105.154,1.25,1.5
08-09-2014,00:09:12.622,105.156,105.152,1.69,2.44
08-09-2014,00:09:13.127,105.155,105.153,1.69,1
08-09-2014,00:09:13.876,105.155,105.154,1,1
08-09-2014,00:09:14.528,105.155,105.153,1,1
08-09-2014,00:09:22.897,105.155,105.152,1,2.25
08-09-2014,00:09:41.621,105.155,105.153,2.25,1.5
08-09-2014,00:09:42.025,105.157,105.155,1.69,1
08-09-2014,00:09:42.429,105.156,105.153,1.69,1
08-09-2014,00:09:42.581,105.157,105.155,1.69,1
08-09-2014,00:09:43.086,105.156,105.155,1,1
08-09-2014,00:09:43.945,105.156,105.154,1,1
08-09-2014,00:09:44.477,105.155,105.153,1.5,1
08-09-2014,00:09:54.357,105.156,105.154,1,1
08-09-2014,00:09:54.864,105.156,105.154,1.5,1
08-09-2014,00:09:55.369,105.155,105.154,1,1
08-09-2014,00:09:55.943,105.156,105.154,1.25,1
08-09-2014,00:10:08.556,105.158,105.155,1.25,1
08-09-2014,00:10:08.658,105.159,105.157,1.5,1
08-09-2014,00:10:08.810,105.161,105.157,1.5,3.19
08-09-2014,00:10:08.860,105.161,105.159,1,1
08-09-2014,00:10:09.315,105.163,105.16,1.5,1
08-09-2014,00:10:10.122,105.164,105.16,1,2.25
08-09-2014,00:10:15.181,105.164,105.161,1.25,1
08-09-2014,00:10:16.518,105.165,105.162,6.75,1.25
08-09-2014,00:10:18.605,105.165,105.161,6,3.19
08-09-2014,00:10:19.726,105.165,105.162,6,2.44
08-09-2014,00:10:20.264,105.165,105.163,6,2.44
08-09-2014,00:10:20.771,105.166,105.163,1,1
08-09-2014,00:10:23.000,105.166,105.161,1,3.94
08-09-2014,00:10:23.558,105.166,105.162,1,1
08-09-2014,00:10:28.903,105.165,105.162,1,2.44
08-09-2014,00:10:29.004,105.163,105.161,1,2.25
08-09-2014,00:10:30.014,105.164,105.161,1,1
08-09-2014,00:10:30.519,105.163,105.161,1,1
08-09-2014,00:10:32.639,105.165,105.161,3.19,2.44
08-09-2014,00:10:32.842,105.165,105.163,1.69,1
08-09-2014,00:10:33.347,105.165,105.164,1.5,1
08-09-2014,00:10:41.603,105.166,105.164,1.25,1
08-09-2014,00:10:43.030,105.167,105.164,2.44,1
08-09-2014,00:10:43.535,105.166,105.164,1.25,1
08-09-2014,00:10:45.918,105.165,105.163,1,1
08-09-2014,00:10:46.425,105.165,105.162,1.5,1
08-09-2014,00:10:46.931,105.164,105.162,1,1
08-09-2014,00:10:47.703,105.164,105.161,1,3.19
08-09-2014,00:10:59.596,105.164,105.162,1,1.25
08-09-2014,00:11:00.497,105.164,105.161,1.5,1.25
08-09-2014,00:11:00.700,105.166,105.162,1.5,3
08-09-2014,00:11:01.003,105.166,105.165,1,1
08-09-2014,00:11:01.508,105.167,105.165,1.69,1
08-09-2014,00:11:03.210,105.167,105.163,1,3.94
08-09-2014,00:11:03.816,105.167,105.163,1.5,2.25
08-09-2014,00:11:04.119,105.167,105.165,1,1
08-09-2014,00:11:06.728,105.167,105.163,1.5,3.94
08-09-2014,00:11:07.385,105.167,105.165,1.69,1
08-09-2014,00:11:10.548,105.167,105.164,1,1
08-09-2014,00:11:11.153,105.166,105.163,1,3.19
08-09-2014,00:11:19.832,105.166,105.162,1,2.44
08-09-2014,00:11:21.847,105.166,105.162,1,3.19
08-09-2014,00:11:25.837,105.166,105.162,1,2.44
08-09-2014,00:11:36.712,105.166,105.163,1.25,1
08-09-2014,00:11:37.217,105.166,105.162,1.25,2.44
08-09-2014,00:11:37.735,105.166,105.163,1.25,1
08-09-2014,00:11:39.729,105.167,105.163,3.94,1.25
08-09-2014,00:11:40.870,105.167,105.163,3.19,1
08-09-2014,00:11:43.678,105.167,105.162,3.19,2.44
08-09-2014,00:11:44.855,105.167,105.163,3.19,1
08-09-2014,00:11:45.368,105.167,105.162,3.19,3.19
08-09-2014,00:11:48.058,105.167,105.163,3.19,1
08-09-2014,00:11:48.566,105.166,105.162,1.25,3.94
08-09-2014,00:11:52.798,105.167,105.163,3.19,1
08-09-2014,00:11:56.013,105.167,105.163,1.5,1
08-09-2014,00:11:59.981,105.166,105.162,1,2.25
08-09-2014,00:12:00.488,105.167,105.162,1.25,3
08-09-2014,00:12:00.999,105.166,105.162,1,3
08-09-2014,00:12:01.505,105.167,105.163,3.19,1
08-09-2014,00:12:07.603,105.166,105.162,1.25,3.19
08-09-2014,00:12:08.109,105.165,105.162,1,2.44
08-09-2014,00:12:27.585,105.165,105.163,1,1
08-09-2014,00:12:28.595,105.165,105.162,1,1.69
08-09-2014,00:12:29.142,105.166,105.162,1,1.5
08-09-2014,00:12:30.777,105.167,105.163,3.19,1
08-09-2014,00:12:31.286,105.166,105.162,1,2.44
08-09-2014,00:12:33.119,105.166,105.162,1.25,2.44
08-09-2014,00:12:34.095,105.166,105.162,1,2.44
08-09-2014,00:12:35.488,105.166,105.162,1,1.5
08-09-2014,00:12:37.209,105.165,105.162,1,1.5
08-09-2014,00:12:37.714,105.165,105.161,1.5,4.5
08-09-2014,00:12:38.976,105.164,105.161,1,1.69
08-09-2014,00:12:39.280,105.158,105.155,1,3.75
08-09-2014,00:12:39.330,105.156,105.154,1,1
08-09-2014,00:12:39.432,105.156,105.154,1.19,1
08-09-2014,00:12:39.684,105.154,105.151,1,1.5
08-09-2014,00:12:40.189,105.155,105.152,1,1
08-09-2014,00:12:40.543,105.152,105.151,1,1
08-09-2014,00:12:40.594,105.152,105.149,1,1.5
08-09-2014,00:12:42.223,105.153,105.149,2.44,4.69
08-09-2014,00:12:42.728,105.153,105.149,1.5,5.44
08-09-2014,00:12:53.786,105.154,105.151,1.69,1
08-09-2014,00:12:54.296,105.154,105.152,1.25,1
08-09-2014,00:12:56.041,105.154,105.151,1,1.5
08-09-2014,00:13:04.208,105.154,105.15,2.25,3.19
08-09-2014,00:13:06.820,105.154,105.153,1.5,1
08-09-2014,00:13:07.124,105.161,105.159,1.5,1
08-09-2014,00:13:07.175,105.161,105.16,1,1
08-09-2014,00:13:07.276,105.164,105.161,1.5,1
08-09-2014,00:13:07.428,105.164,105.163,1.5,1.25
08-09-2014,00:13:07.530,105.166,105.163,1,1.69
08-09-2014,00:13:07.632,105.168,105.164,1,1.69
08-09-2014,00:13:09.601,105.168,105.164,4.69,1
08-09-2014,00:13:11.207,105.166,105.164,1.25,1
08-09-2014,00:13:11.258,105.166,105.162,1.69,2.44
08-09-2014,00:13:11.763,105.165,105.162,1,1.25
08-09-2014,00:13:12.299,105.165,105.161,1.25,4.69
08-09-2014,00:13:13.960,105.164,105.161,1,3.19
08-09-2014,00:13:14.466,105.164,105.16,3.19,2.44
08-09-2014,00:13:15.021,105.164,105.16,3.94,1.5
08-09-2014,00:13:16.008,105.164,105.16,3.94,1.69
08-09-2014,00:13:16.556,105.163,105.16,1,1.69
08-09-2014,00:13:27.681,105.163,105.159,1,1.25
08-09-2014,00:13:28.194,105.163,105.158,1,3.94
08-09-2014,00:13:34.163,105.163,105.158,2.44,4.69
08-09-2014,00:13:38.219,105.163,105.158,1.5,3.94
08-09-2014,00:13:39.209,105.163,105.159,1.69,1.25
08-09-2014,00:13:44.630,105.163,105.16,1.69,1
08-09-2014,00:13:45.136,105.163,105.159,1.69,1.25
08-09-2014,00:13:46.190,105.163,105.158,1,3.94
08-09-2014,00:13:46.708,105.163,105.158,1.69,4.69
08-09-2014,00:13:48.942,105.163,105.16,1.25,1
08-09-2014,00:13:49.446,105.164,105.16,1,2.25
08-09-2014,00:13:50.112,105.164,105.16,1,2.44
08-09-2014,00:13:54.816,105.163,105.16,1,1.5
08-09-2014,00:13:54.918,105.161,105.159,1.25,1.5
08-09-2014,00:13:55.172,105.158,105.154,1,2.44
08-09-2014,00:13:55.727,105.157,105.154,1,1
08-09-2014,00:13:56.233,105.156,105.153,1.69,1
08-09-2014,00:14:00.078,105.156,105.152,1.69,2.44
08-09-2014,00:14:02.035,105.156,105.153,1.25,1
08-09-2014,00:14:02.439,105.158,105.154,1.69,1.69
08-09-2014,00:14:02.591,105.159,105.156,1.69,1.5
08-09-2014,00:14:02.946,105.162,105.159,3.19,1
08-09-2014,00:14:03.451,105.162,105.158,1.69,3
08-09-2014,00:14:03.552,105.163,105.158,1.5,3.94
08-09-2014,00:14:04.286,105.162,105.158,1,3.19
08-09-2014,00:14:04.981,105.163,105.159,2.25,1
08-09-2014,00:14:05.950,105.162,105.158,1,3.94
08-09-2014,00:14:07.749,105.163,105.159,1.5,1
08-09-2014,00:14:08.570,105.163,105.16,1.5,1
08-09-2014,00:14:08.671,105.165,105.16,1.5,2.25
08-09-2014,00:14:08.974,105.165,105.162,1.69,1.5
08-09-2014,00:14:09.176,105.166,105.162,2.44,3
08-09-2014,00:14:09.683,105.167,105.163,3.94,1.5
08-09-2014,00:14:10.196,105.167,105.163,3.19,1.5
08-09-2014,00:14:14.250,105.166,105.163,1,1
08-09-2014,00:14:14.402,105.165,105.161,1.25,3.94
08-09-2014,00:14:25.182,105.166,105.162,5.44,1
08-09-2014,00:14:25.688,105.165,105.161,1,1.5
08-09-2014,00:14:26.193,105.164,105.16,1.5,3.19
08-09-2014,00:14:27.179,105.163,105.159,1,5.44
08-09-2014,00:14:27.683,105.162,105.159,1,1.25
08-09-2014,00:14:28.200,105.162,105.158,1,1.25
08-09-2014,00:14:29.356,105.162,105.159,1.69,1
08-09-2014,00:14:41.405,105.162,105.16,1,1
08-09-2014,00:14:41.507,105.164,105.16,1.69,2.44
08-09-2014,00:14:42.466,105.164,105.16,1,3.19
08-09-2014,00:14:43.025,105.164,105.162,1,1
08-09-2014,00:14:43.076,105.166,105.162,3.94,2.44
08-09-2014,00:14:44.036,105.166,105.162,1.5,3.19
08-09-2014,00:14:46.072,105.166,105.162,1.5,2.25
08-09-2014,00:14:48.484,105.165,105.162,1,1.69
08-09-2014,00:14:49.030,105.164,105.161,1.5,1.19
08-09-2014,00:14:49.554,105.164,105.16,1.5,3.94
08-09-2014,00:14:51.439,105.162,105.16,1,2.44
08-09-2014,00:14:51.490,105.162,105.159,1,2.25
08-09-2014,00:14:59.498,105.162,105.158,1.25,2.44
08-09-2014,00:15:01.300,105.161,105.158,1,2.44
08-09-2014,00:15:01.351,105.16,105.158,1,2.44
08-09-2014,00:15:01.654,105.155,105.154,1,1
08-09-2014,00:15:01.756,105.155,105.152,1,1.5
08-09-2014,00:15:03.898,105.156,105.152,1.5,1
08-09-2014,00:15:08.315,105.156,105.153,1,1
08-09-2014,00:15:08.719,105.158,105.156,1.5,1
08-09-2014,00:15:08.822,105.16,105.156,3.94,1.25
08-09-2014,00:15:09.632,105.159,105.156,1,1.69
08-09-2014,00:15:10.507,105.159,105.155,1.69,3.94
08-09-2014,00:15:10.863,105.157,105.154,1,1.5
08-09-2014,00:15:11.369,105.156,105.153,1,1.69
08-09-2014,00:15:13.203,105.156,105.154,1.5,1
08-09-2014,00:15:13.405,105.158,105.154,2.44,3.19
08-09-2014,00:15:15.225,105.158,105.155,1.25,1
08-09-2014,00:15:15.848,105.158,105.155,1.69,1
08-09-2014,00:15:17.214,105.158,105.154,1.69,2.25
08-09-2014,00:15:17.831,105.158,105.154,1.69,1.69
08-09-2014,00:15:19.821,105.158,105.154,1.69,1.5
08-09-2014,00:15:23.850,105.158,105.154,1.69,1.5
08-09-2014,00:15:24.254,105.156,105.153,1,3
08-09-2014,00:15:25.950,105.155,105.151,1.69,1.25
08-09-2014,00:15:26.459,105.154,105.15,1,1.69
08-09-2014,00:15:26.987,105.154,105.15,1,1
08-09-2014,00:15:29.139,105.153,105.15,1,1
08-09-2014,00:15:29.663,105.153,105.149,1,4.69
08-09-2014,00:15:30.176,105.153,105.149,1,4.69
08-09-2014,00:15:31.462,105.154,105.149,2.44,4.69
08-09-2014,00:15:35.233,105.154,105.151,2.44,1
08-09-2014,00:15:36.158,105.154,105.15,2.44,1.69
08-09-2014,00:15:44.544,105.154,105.151,1.69,1
08-09-2014,00:15:45.899,105.154,105.152,2.44,1
08-09-2014,00:15:46.914,105.156,105.152,3.94,1.69
08-09-2014,00:15:51.476,105.155,105.152,1,1.25
08-09-2014,00:16:01.876,105.155,105.153,1,1.25
08-09-2014,00:16:06.568,105.156,105.153,3.75,1.25
08-09-2014,00:16:07.090,105.156,105.152,1.5,2.44
08-09-2014,00:16:10.302,105.156,105.153,1,1
08-09-2014,00:16:10.819,105.156,105.152,1,1.5
08-09-2014,00:16:12.247,105.156,105.153,1,1
08-09-2014,00:16:13.476,105.153,105.151,1.5,4.5
08-09-2014,00:16:13.577,105.151,105.149,1.5,1
08-09-2014,00:16:14.082,105.152,105.148,1,1.5
08-09-2014,00:16:15.142,105.151,105.148,1,1.5
08-09-2014,00:16:16.106,105.15,105.147,1,1
08-09-2014,00:16:16.410,105.144,105.141,1,1.25
08-09-2014,00:16:16.967,105.144,105.14,2.25,1.69
08-09-2014,00:16:17.698,105.144,105.141,2.44,1
08-09-2014,00:16:18.216,105.144,105.142,1.69,1
08-09-2014,00:16:19.169,105.143,105.141,1,1.25
08-09-2014,00:16:19.321,105.141,105.14,6,1
08-09-2014,00:16:19.372,105.141,105.137,6,3
08-09-2014,00:16:19.625,105.142,105.139,1.69,1
08-09-2014,00:16:19.928,105.145,105.142,2.25,1
08-09-2014,00:16:20.030,105.145,105.143,1,2.44
08-09-2014,00:16:20.081,105.146,105.145,1,1
08-09-2014,00:16:20.283,105.149,105.145,1.69,3
08-09-2014,00:16:20.334,105.149,105.148,1.5,1
08-09-2014,00:16:20.485,105.151,105.148,1.69,1
08-09-2014,00:16:20.990,105.152,105.148,3.19,2.44
08-09-2014,00:16:21.495,105.153,105.149,2.25,3.19
08-09-2014,00:16:21.546,105.153,105.151,1.5,1
08-09-2014,00:16:21.698,105.155,105.152,2.44,1
08-09-2014,00:16:24.988,105.154,105.152,1,1.25
08-09-2014,00:16:25.629,105.154,105.151,1,1.25
08-09-2014,00:16:26.069,105.153,105.15,1,1.5
08-09-2014,00:16:26.120,105.151,105.149,1.5,6
08-09-2014,00:16:26.373,105.149,105.148,1,1.5
08-09-2014,00:16:26.727,105.149,105.145,1,3.94
08-09-2014,00:16:26.777,105.147,105.145,1,3.94
08-09-2014,00:16:27.081,105.145,105.143,1,1
08-09-2014,00:16:27.586,105.145,105.142,1,2.44
08-09-2014,00:16:28.092,105.144,105.141,1.5,1.25
08-09-2014,00:16:28.605,105.144,105.14,1,1.5
08-09-2014,00:16:29.286,105.144,105.141,1,1
08-09-2014,00:16:30.058,105.145,105.141,2.25,3.75
08-09-2014,00:16:30.765,105.145,105.142,1.5,1
08-09-2014,00:16:31.573,105.145,105.141,1.5,3.75
08-09-2014,00:16:32.348,105.145,105.141,1.5,4.69
08-09-2014,00:16:34.343,105.145,105.141,1.5,4.5
08-09-2014,00:16:34.745,105.145,105.143,1.5,1
08-09-2014,00:16:35.103,105.148,105.146,1,1
08-09-2014,00:16:35.355,105.15,105.147,1.69,1
08-09-2014,00:16:35.871,105.151,105.148,1,1.69
08-09-2014,00:16:36.384,105.153,105.149,2.44,1
08-09-2014,00:16:36.905,105.153,105.149,2.44,1.69
08-09-2014,00:16:37.880,105.153,105.149,1.5,1.69
08-09-2014,00:16:38.391,105.152,105.149,1,1.69
08-09-2014,00:16:38.897,105.152,105.149,1,2.44
08-09-2014,00:16:39.772,105.152,105.148,1.69,3.94
08-09-2014,00:16:40.765,105.152,105.148,1.5,3.94
08-09-2014,00:16:42.870,105.151,105.148,1.69,1
08-09-2014,00:16:43.123,105.149,105.146,1,2.44
08-09-2014,00:16:43.627,105.15,105.146,1.69,2.44
08-09-2014,00:16:45.535,105.148,105.146,1,1.25
08-09-2014,00:16:45.838,105.146,105.145,1,1
08-09-2014,00:16:45.940,105.148,105.144,3,1.5
08-09-2014,00:16:45.990,105.146,105.144,1,1.5
08-09-2014,00:16:46.496,105.146,105.143,2.25,2.44
08-09-2014,00:16:47.179,105.146,105.143,3.94,1.5
08-09-2014,00:16:49.179,105.145,105.143,1.19,1.5
08-09-2014,00:16:51.020,105.145,105.14,3.19,2.44
08-09-2014,00:16:51.222,105.142,105.139,1,1.69
08-09-2014,00:16:51.727,105.141,105.137,2.25,2.44
08-09-2014,00:16:52.235,105.141,105.137,2.44,3.19
08-09-2014,00:16:53.955,105.14,105.137,1.5,1
08-09-2014,00:16:54.459,105.14,105.136,2.25,1.5
08-09-2014,00:16:55.093,105.139,105.136,1,1.69
08-09-2014,00:16:56.927,105.14,105.136,2.44,3.94
08-09-2014,00:16:57.432,105.139,105.136,1.69,1.5
08-09-2014,00:16:57.735,105.135,105.134,1.69,1
08-09-2014,00:16:57.836,105.135,105.132,1.69,1.5
08-09-2014,00:16:58.341,105.134,105.132,1,1
08-09-2014,00:16:58.861,105.133,105.132,1,1
08-09-2014,00:16:59.772,105.134,105.132,2.25,1
08-09-2014,00:16:59.924,105.132,105.131,1,1
08-09-2014,00:17:00.025,105.132,105.128,2.25,3.75
08-09-2014,00:17:00.177,105.13,105.128,1,1
08-09-2014,00:17:01.695,105.132,105.128,3.94,1
08-09-2014,00:17:02.209,105.131,105.128,1,1
08-09-2014,00:17:02.714,105.132,105.128,2.44,1.25
08-09-2014,00:17:07.504,105.133,105.129,3.94,1
08-09-2014,00:17:12.670,105.133,105.13,3.19,1
08-09-2014,00:17:13.176,105.134,105.13,1.69,1.5
08-09-2014,00:17:14.538,105.134,105.131,2.25,1
08-09-2014,00:17:17.804,105.135,105.133,1.5,1
08-09-2014,00:17:18.036,105.137,105.135,1,2.25
08-09-2014,00:17:18.239,105.14,105.136,3.94,1.5
08-09-2014,00:17:19.161,105.14,105.136,1.5,2.25
08-09-2014,00:17:19.667,105.14,105.137,1,1
08-09-2014,00:17:21.170,105.14,105.138,1,1
08-09-2014,00:17:24.771,105.141,105.137,3.19,2.25
08-09-2014,00:17:24.973,105.142,105.14,4.5,1
08-09-2014,00:17:25.227,105.146,105.143,2.44,1
08-09-2014,00:17:25.732,105.146,105.143,2.44,1.5
08-09-2014,00:17:27.315,105.146,105.144,2.44,1
08-09-2014,00:17:27.621,105.149,105.146,4.5,4.75
08-09-2014,00:17:27.823,105.153,105.15,4.69,1
08-09-2014,00:17:28.345,105.152,105.15,1,1
08-09-2014,00:17:28.853,105.153,105.15,1.69,1
08-09-2014,00:17:29.921,105.153,105.149,2.44,1.25
08-09-2014,00:17:32.075,105.152,105.149,1,1
08-09-2014,00:17:32.586,105.151,105.149,1,1
08-09-2014,00:17:33.099,105.151,105.148,1,3
08-09-2014,00:17:35.031,105.152,105.148,1,2.25
08-09-2014,00:17:36.195,105.151,105.148,1,2.25
08-09-2014,00:17:38.923,105.152,105.148,1.25,4.69
08-09-2014,00:17:49.556,105.151,105.148,1.25,3
08-09-2014,00:17:50.062,105.15,105.147,1,2.44
08-09-2014,00:18:04.679,105.15,105.148,1.25,1
08-09-2014,00:18:04.882,105.152,105.149,3.19,1
08-09-2014,00:18:07.172,105.151,105.149,1,1
08-09-2014,00:18:08.245,105.151,105.148,1,2.44
08-09-2014,00:18:10.815,105.151,105.15,1,1
08-09-2014,00:18:10.916,105.153,105.15,1.69,1
08-09-2014,00:18:14.073,105.153,105.149,1.69,3.94
08-09-2014,00:18:16.318,105.153,105.15,1,1
08-09-2014,00:18:47.348,105.153,105.149,1,1.5
08-09-2014,00:18:47.701,105.153,105.151,1,1
08-09-2014,00:18:47.993,105.153,105.149,1.25,2.25
08-09-2014,00:18:48.498,105.153,105.15,1.25,1
08-09-2014,00:18:49.689,105.153,105.151,1.25,1
08-09-2014,00:18:50.201,105.153,105.15,1.69,1.5
08-09-2014,00:18:50.717,105.153,105.149,1.69,2.44
08-09-2014,00:18:51.121,105.15,105.148,1,1.5
08-09-2014,00:18:51.379,105.147,105.143,3.19,1
08-09-2014,00:18:51.532,105.146,105.141,1.25,7.5
08-09-2014,00:18:51.735,105.144,105.141,1.25,3
08-09-2014,00:18:52.263,105.145,105.141,1.69,3.19
08-09-2014,00:18:53.573,105.145,105.142,1.69,1
08-09-2014,00:18:57.580,105.145,105.143,1.69,1
08-09-2014,00:18:58.085,105.144,105.143,1,1
08-09-2014,00:18:58.594,105.144,105.141,1,3.19
08-09-2014,00:18:58.696,105.144,105.143,1,1
08-09-2014,00:19:01.596,105.144,105.141,1,1.69
08-09-2014,00:19:01.849,105.143,105.139,2.25,4.69
08-09-2014,00:19:04.114,105.142,105.139,1,1.69
08-09-2014,00:19:04.930,105.143,105.139,3.19,2.44
08-09-2014,00:19:06.726,105.142,105.139,1,1.69
08-09-2014,00:19:08.728,105.143,105.139,2.44,1.69
08-09-2014,00:19:13.201,105.143,105.139,1,3.94
08-09-2014,00:19:25.825,105.143,105.139,1.25,5.44
08-09-2014,00:19:29.747,105.143,105.14,1.25,1
08-09-2014,00:19:30.268,105.143,105.139,1.69,4.69
08-09-2014,00:19:37.760,105.143,105.14,1.25,1
08-09-2014,00:19:44.559,105.142,105.14,1,1
08-09-2014,00:19:47.969,105.143,105.14,1.5,1
08-09-2014,00:19:48.172,105.14,105.138,1,1
08-09-2014,00:19:48.375,105.136,105.134,2.75,1
08-09-2014,00:19:48.476,105.135,105.132,1.25,1
08-09-2014,00:19:50.393,105.135,105.132,1.69,1
08-09-2014,00:19:51.285,105.135,105.131,1.69,1.5
08-09-2014,00:19:53.630,105.133,105.13,1,1
08-09-2014,00:19:53.782,105.132,105.128,6.94,2.25
08-09-2014,00:19:56.120,105.132,105.128,1,1.69
08-09-2014,00:19:59.341,105.132,105.13,1.5,1
08-09-2014,00:19:59.847,105.133,105.13,1,2.44
08-09-2014,00:20:02.179,105.132,105.13,1,1.69
08-09-2014,00:20:02.684,105.133,105.131,1,1
08-09-2014,00:20:03.204,105.132,105.131,1,1.25
08-09-2014,00:20:03.836,105.132,105.13,1,3
08-09-2014,00:20:04.444,105.133,105.13,1,3
08-09-2014,00:20:04.941,105.133,105.132,1,1
08-09-2014,00:20:07.191,105.134,105.132,1,1
08-09-2014,00:20:07.699,105.134,105.131,1,2.44
08-09-2014,00:20:09.647,105.135,105.131,2.25,3
08-09-2014,00:20:10.152,105.134,105.132,1.5,1.25
08-09-2014,00:20:10.456,105.132,105.129,1,1.69
08-09-2014,00:20:10.557,105.134,105.13,5.25,1.5
08-09-2014,00:20:12.642,105.133,105.13,3,2.44
08-09-2014,00:20:17.473,105.134,105.13,6.94,2.44
08-09-2014,00:20:21.555,105.133,105.13,1,3.19
08-09-2014,00:20:22.111,105.134,105.13,6.19,3.94
08-09-2014,00:20:28.359,105.132,105.13,1,3.94
08-09-2014,00:20:28.873,105.132,105.131,1,1
08-09-2014,00:20:32.794,105.134,105.131,5.25,1
08-09-2014,00:20:33.919,105.134,105.132,5.25,1
08-09-2014,00:20:38.036,105.135,105.132,8.25,1
08-09-2014,00:20:39.736,105.135,105.132,7.69,1
08-09-2014,00:20:41.819,105.135,105.132,7.5,1
08-09-2014,00:20:42.072,105.133,105.132,1,1
08-09-2014,00:20:43.600,105.135,105.132,3.19,1
08-09-2014,00:20:43.853,105.133,105.131,1,1.25
08-09-2014,00:20:44.358,105.131,105.13,1,1.25
08-09-2014,00:20:44.935,105.131,105.129,1,1
08-09-2014,00:20:46.160,105.132,105.129,2.25,1
08-09-2014,00:20:46.665,105.132,105.131,1,1
08-09-2014,00:20:48.056,105.135,105.132,1.5,2.44
08-09-2014,00:20:48.209,105.135,105.134,1,1.25
08-09-2014,00:20:48.362,105.137,105.136,1,2.44
08-09-2014,00:20:48.565,105.138,105.137,1,1
08-09-2014,00:20:49.072,105.139,105.137,1,1
08-09-2014,00:20:49.583,105.14,105.137,1,1
08-09-2014,00:20:50.037,105.142,105.138,3.94,2.44
08-09-2014,00:20:50.139,105.142,105.14,2.25,2.25
08-09-2014,00:20:50.292,105.145,105.142,2.25,1
08-09-2014,00:20:50.494,105.147,105.144,1.25,1
08-09-2014,00:20:50.646,105.147,105.146,1,1
08-09-2014,00:20:50.747,105.149,105.146,1.5,2.75
08-09-2014,00:20:50.849,105.15,105.149,1,2.44
08-09-2014,00:20:50.950,105.154,105.15,1,2.44
08-09-2014,00:20:51.051,105.154,105.151,1,2.44
08-09-2014,00:20:51.556,105.153,105.15,1.5,1.25
08-09-2014,00:20:52.736,105.154,105.15,1.25,1.69
08-09-2014,00:20:53.781,105.153,105.15,1,1
08-09-2014,00:20:54.286,105.153,105.148,5.44,2.25
08-09-2014,00:20:54.841,105.151,105.148,1,1.5
08-09-2014,00:20:55.144,105.149,105.146,3.19,1.5
08-09-2014,00:20:55.245,105.148,105.144,1.69,1.69
08-09-2014,00:20:55.397,105.146,105.145,1,1
08-09-2014,00:20:55.902,105.146,105.144,1.5,1
08-09-2014,00:20:56.105,105.145,105.142,1.25,2.25
08-09-2014,00:20:56.610,105.144,105.141,1,2.44
08-09-2014,00:20:57.071,105.144,105.143,1,1
08-09-2014,00:20:57.375,105.146,105.143,1,1
08-09-2014,00:20:57.527,105.147,105.145,1,2.25
08-09-2014,00:20:57.680,105.151,105.147,1.5,1.5
08-09-2014,00:20:58.186,105.15,105.148,1.25,1
08-09-2014,00:20:58.691,105.15,105.147,1.25,1
08-09-2014,00:21:01.223,105.149,105.147,1,1.5
08-09-2014,00:21:01.530,105.146,105.143,1.5,1.5
08-09-2014,00:21:02.035,105.146,105.142,2.44,2.44
08-09-2014,00:21:02.287,105.145,105.141,1.69,2.25
08-09-2014,00:21:02.792,105.144,105.14,2.44,2.44
08-09-2014,00:21:03.299,105.144,105.139,3.94,4.69
08-09-2014,00:21:04.817,105.142,105.138,1.69,1.69
08-09-2014,00:21:05.323,105.141,105.138,1,1.25
08-09-2014,00:21:06.550,105.142,105.139,1.25,1
08-09-2014,00:21:07.610,105.143,105.139,2.25,2.25
08-09-2014,00:21:13.582,105.143,105.14,1.5,1
08-09-2014,00:21:14.139,105.144,105.141,2.44,1
08-09-2014,00:21:14.666,105.144,105.141,1.5,1
08-09-2014,00:21:15.377,105.144,105.142,1,1.5
08-09-2014,00:21:15.882,105.145,105.142,1.25,2.25
08-09-2014,00:21:16.386,105.146,105.142,2.25,2.25
08-09-2014,00:21:18.080,105.146,105.145,3.19,1
08-09-2014,00:21:18.383,105.148,105.146,1,2.5
08-09-2014,00:21:18.484,105.15,105.148,1.25,1.5
08-09-2014,00:21:18.687,105.148,105.145,1,1.5
08-09-2014,00:21:18.889,105.146,105.145,1,1
08-09-2014,00:21:19.092,105.147,105.142,2.44,2.25
08-09-2014,00:21:19.613,105.146,105.141,1,5.44
08-09-2014,00:21:20.124,105.146,105.142,1.69,1
08-09-2014,00:21:20.952,105.146,105.142,1,1
08-09-2014,00:21:21.965,105.146,105.142,1.69,1
08-09-2014,00:21:26.891,105.147,105.142,2.44,3
08-09-2014,00:21:29.199,105.145,105.142,1,2.25
08-09-2014,00:21:29.745,105.145,105.143,1,1.25
08-09-2014,00:21:29.998,105.149,105.145,3.19,1.69
08-09-2014,00:21:30.503,105.149,105.146,2.44,1
08-09-2014,00:21:31.312,105.149,105.145,3.19,3.19
08-09-2014,00:21:31.793,105.147,105.145,1,1.69
08-09-2014,00:21:32.198,105.146,105.143,2.44,1
08-09-2014,00:21:33.208,105.146,105.143,2.25,1
08-09-2014,00:21:45.223,105.146,105.145,2.25,1
08-09-2014,00:21:45.529,105.148,105.146,1,1
08-09-2014,00:21:45.630,105.149,105.147,1,1
08-09-2014,00:21:45.833,105.148,105.145,1.5,1.69
08-09-2014,00:21:46.137,105.146,105.143,1,1.69
08-09-2014,00:21:47.122,105.146,105.142,1,4.69
08-09-2014,00:21:47.629,105.147,105.143,1.5,1
08-09-2014,00:21:48.139,105.147,105.142,4.69,2.44
08-09-2014,00:21:48.671,105.145,105.142,1,2.44
08-09-2014,00:21:49.872,105.145,105.143,1,1
08-09-2014,00:21:50.855,105.147,105.142,3.19,2.25
08-09-2014,00:21:50.906,105.147,105.144,2.44,1
08-09-2014,00:21:51.425,105.147,105.145,1,1
08-09-2014,00:21:59.251,105.146,105.144,1,1
08-09-2014,00:21:59.504,105.145,105.143,1,1.25
08-09-2014,00:22:00.275,105.145,105.142,1,2.44
08-09-2014,00:22:01.559,105.145,105.143,1.5,1
08-09-2014,00:22:03.729,105.146,105.144,1.25,1
08-09-2014,00:22:03.981,105.148,105.145,3.19,1.5
08-09-2014,00:22:07.697,105.146,105.145,1,1.5
08-09-2014,00:22:07.899,105.146,105.143,1.5,2.25
08-09-2014,00:22:11.500,105.146,105.142,4.69,1.5
08-09-2014,00:22:12.014,105.144,105.142,1.5,1
08-09-2014,00:22:15.814,105.144,105.141,2.44,1
08-09-2014,00:22:17.577,105.144,105.139,1.69,4.5
08-09-2014,00:22:17.882,105.142,105.139,1,2.25
08-09-2014,00:22:18.397,105.142,105.138,2.25,1
08-09-2014,00:22:19.047,105.141,105.138,1,2.25
08-09-2014,00:22:19.366,105.138,105.136,3.25,1.5
08-09-2014,00:22:19.519,105.135,105.134,1,1
08-09-2014,00:22:19.621,105.135,105.131,2.44,2.25
08-09-2014,00:22:20.127,105.134,105.13,2.44,3.19
08-09-2014,00:22:21.566,105.133,105.13,1,2.44
08-09-2014,00:22:21.870,105.133,105.132,1,1
08-09-2014,00:22:21.971,105.136,105.132,4.5,1
08-09-2014,00:22:22.073,105.136,105.134,1.69,1
08-09-2014,00:22:22.174,105.137,105.135,3,1
08-09-2014,00:22:22.478,105.139,105.135,1.5,1
08-09-2014,00:22:22.983,105.139,105.136,1.5,1
08-09-2014,00:22:26.113,105.139,105.137,1.5,1
08-09-2014,00:22:26.417,105.142,105.138,3.19,1
08-09-2014,00:22:28.736,105.142,105.139,1.25,1
08-09-2014,00:22:29.372,105.142,105.138,1.25,1.69
08-09-2014,00:22:29.876,105.142,105.139,1.25,1
08-09-2014,00:22:35.405,105.142,105.14,1,1
08-09-2014,00:22:36.922,105.142,105.139,1,1.25
08-09-2014,00:22:37.507,105.142,105.14,1.5,1
08-09-2014,00:22:38.014,105.143,105.14,1,1.69
08-09-2014,00:22:38.726,105.142,105.14,1,1.69
08-09-2014,00:22:39.308,105.143,105.14,1.5,2.44
08-09-2014,00:22:39.841,105.142,105.14,1,1.5
08-09-2014,00:22:40.043,105.141,105.139,1,1.25
08-09-2014,00:22:40.094,105.14,105.138,1,1
08-09-2014,00:22:40.599,105.138,105.136,1,1.25
08-09-2014,00:22:41.105,105.139,105.135,2.44,1.69
08-09-2014,00:22:41.609,105.139,105.136,2.44,1
08-09-2014,00:22:42.114,105.14,105.138,1.5,1
08-09-2014,00:22:42.266,105.142,105.139,1.25,1
08-09-2014,00:22:44.329,105.141,105.139,1.5,1
08-09-2014,00:22:44.430,105.141,105.137,2.25,3.75
08-09-2014,00:22:44.532,105.139,105.137,1,2.25
08-09-2014,00:22:44.684,105.138,105.135,1,1.5
08-09-2014,00:22:44.835,105.136,105.134,1,1.5
08-09-2014,00:22:45.240,105.135,105.132,1.69,1
08-09-2014,00:22:45.543,105.135,105.13,2.44,2.25
08-09-2014,00:22:45.695,105.134,105.13,1.69,1
08-09-2014,00:22:46.202,105.133,105.129,2.44,3.19
08-09-2014,00:22:46.658,105.13,105.128,1,1.5
08-09-2014,00:22:46.961,105.128,105.125,1,3.19
08-09-2014,00:22:47.466,105.129,105.126,1.69,1.5
08-09-2014,00:22:47.769,105.13,105.126,2.44,1.69
08-09-2014,00:22:48.274,105.131,105.126,1,3.19
08-09-2014,00:22:48.779,105.131,105.127,1.5,1
08-09-2014,00:22:48.981,105.129,105.126,1,1.25
08-09-2014,00:22:49.284,105.128,105.124,3.19,2.44
08-09-2014,00:22:49.789,105.127,105.124,1,1.25
08-09-2014,00:22:50.774,105.128,105.123,3.94,4.69
08-09-2014,00:22:51.279,105.129,105.126,2.44,1
08-09-2014,00:22:51.582,105.131,105.128,2.44,1
08-09-2014,00:22:52.099,105.131,105.129,1,2.44
08-09-2014,00:22:52.792,105.133,105.129,1,3.94
08-09-2014,00:22:53.298,105.133,105.13,1,2.44
08-09-2014,00:22:54.323,105.133,105.129,1,3.19
08-09-2014,00:22:54.475,105.131,105.129,1,2.44
08-09-2014,00:22:54.981,105.132,105.129,1,1.69
08-09-2014,00:22:55.571,105.133,105.13,4.69,1
08-09-2014,00:22:57.505,105.133,105.129,4.69,1
08-09-2014,00:22:58.532,105.133,105.129,3.94,1
08-09-2014,00:22:59.546,105.132,105.129,1.25,1
08-09-2014,00:23:00.135,105.133,105.129,6.19,1
08-09-2014,00:23:00.438,105.131,105.129,1,1
08-09-2014,00:23:02.182,105.132,105.129,1,1
08-09-2014,00:23:02.687,105.133,105.129,3.94,1.5
08-09-2014,00:23:03.221,105.132,105.129,1,1
08-09-2014,00:23:05.702,105.133,105.129,2.44,1.5
08-09-2014,00:23:07.566,105.133,105.13,2.44,1
08-09-2014,00:23:07.878,105.131,105.128,2.25,1.25
08-09-2014,00:23:08.383,105.132,105.128,2.44,1.25
08-09-2014,00:23:09.056,105.131,105.128,1,1.25
08-09-2014,00:23:12.368,105.13,105.127,1,2.44
08-09-2014,00:23:12.570,105.13,105.126,3,3
08-09-2014,00:23:12.823,105.128,105.125,1,2.44
08-09-2014,00:23:13.076,105.127,105.124,2.44,1
08-09-2014,00:23:13.178,105.125,105.124,1,1
08-09-2014,00:23:13.279,105.126,105.122,1,1.5
08-09-2014,00:23:13.330,105.124,105.122,1,1.5
08-09-2014,00:23:13.633,105.124,105.12,1.5,2.25
08-09-2014,00:23:14.138,105.122,105.119,1,2.25
08-09-2014,00:23:14.643,105.123,105.119,1,2.25
08-09-2014,00:23:15.980,105.123,105.121,1.69,1
08-09-2014,00:23:16.484,105.124,105.121,3.19,1.5
08-09-2014,00:23:20.517,105.123,105.121,1,1
08-09-2014,00:23:21.166,105.123,105.122,1,1
08-09-2014,00:23:21.217,105.125,105.123,1.5,1
08-09-2014,00:23:21.318,105.127,105.123,4.69,1.25
08-09-2014,00:23:21.419,105.127,105.126,1,1
08-09-2014,00:23:21.521,105.129,105.126,2.44,1
08-09-2014,00:23:21.978,105.13,105.128,1.69,1
08-09-2014,00:23:22.180,105.13,105.126,1.69,2.44
08-09-2014,00:23:22.685,105.13,105.127,1.69,1
08-09-2014,00:23:24.152,105.128,105.127,1,1
08-09-2014,00:23:28.599,105.129,105.126,1.25,2.25
08-09-2014,00:23:28.851,105.131,105.127,2.25,2.25
08-09-2014,00:23:29.358,105.132,105.128,1,1
08-09-2014,00:23:32.270,105.131,105.128,1,1
08-09-2014,00:23:32.783,105.132,105.128,1.5,1
08-09-2014,00:23:34.047,105.13,105.129,1,1
08-09-2014,00:23:34.552,105.131,105.129,1,1
08-09-2014,00:23:38.286,105.132,105.129,1,2.25
08-09-2014,00:23:41.304,105.133,105.129,3.94,1
08-09-2014,00:23:44.568,105.133,105.13,1.69,1
08-09-2014,00:23:45.275,105.133,105.13,1.69,1
08-09-2014,00:23:45.824,105.133,105.131,1.69,1
08-09-2014,00:23:45.976,105.134,105.132,1.69,1
08-09-2014,00:23:46.179,105.136,105.134,1,1.5
08-09-2014,00:23:46.684,105.137,105.135,1,1
08-09-2014,00:23:47.189,105.137,105.134,1,1.69
08-09-2014,00:23:47.699,105.138,105.134,1.69,2.25
08-09-2014,00:23:48.006,105.136,105.134,1,1.5
08-09-2014,00:23:48.259,105.135,105.132,2.25,1.69
08-09-2014,00:23:48.563,105.133,105.132,1,1
08-09-2014,00:23:48.665,105.133,105.13,1,1.69
08-09-2014,00:23:48.968,105.131,105.128,1,1.5
08-09-2014,00:23:53.751,105.131,105.127,4.69,2.44
08-09-2014,00:23:54.306,105.13,105.127,1,1
08-09-2014,00:23:55.214,105.131,105.127,3.94,1.25
08-09-2014,00:23:56.646,105.13,105.126,1,3
08-09-2014,00:23:57.304,105.129,105.126,1,3.94
08-09-2014,00:23:57.809,105.13,105.126,1.69,3.19
08-09-2014,00:24:00.515,105.129,105.126,1,2.44
08-09-2014,00:24:03.730,105.13,105.126,2.44,2.44
08-09-2014,00:24:04.236,105.13,105.126,1.5,3.94
08-09-2014,00:24:05.993,105.13,105.128,1.5,1
08-09-2014,00:24:08.031,105.13,105.127,1.5,1.25
08-09-2014,00:24:09.205,105.13,105.126,3,1.5
08-09-2014,00:24:09.710,105.128,105.126,1,1
08-09-2014,00:24:10.215,105.128,105.124,1,3.19
08-09-2014,00:24:10.720,105.128,105.124,1.25,3.19
08-09-2014,00:24:11.024,105.124,105.121,7.69,1
08-09-2014,00:24:11.126,105.122,105.118,3.94,1.5
08-09-2014,00:24:11.660,105.122,105.119,3.94,1
08-09-2014,00:24:11.710,105.12,105.119,1,1
08-09-2014,00:24:12.216,105.12,105.117,1,2.44
08-09-2014,00:24:12.779,105.119,105.117,1,2.44
08-09-2014,00:24:13.294,105.119,105.117,1,1.69
08-09-2014,00:24:17.653,105.121,105.117,3.19,3.19
08-09-2014,00:24:21.625,105.121,105.118,2.44,1
08-09-2014,00:24:22.906,105.12,105.118,2.44,1.5
08-09-2014,00:24:23.961,105.12,105.117,2.44,1.5
08-09-2014,00:24:24.465,105.119,105.117,2.44,1
08-09-2014,00:24:25.071,105.118,105.117,2.44,1
08-09-2014,00:24:25.576,105.118,105.116,2.44,1.5
08-09-2014,00:24:26.209,105.119,105.116,3.19,1.5
08-09-2014,00:24:27.735,105.118,105.116,1,1
08-09-2014,00:24:27.937,105.117,105.115,6.94,1
08-09-2014,00:24:28.089,105.112,105.11,2.44,1.5
08-09-2014,00:24:28.622,105.114,105.11,3.94,1
08-09-2014,00:24:28.977,105.111,105.108,1,2.44
08-09-2014,00:24:29.482,105.112,105.108,1.69,3.19
08-09-2014,00:24:30.341,105.111,105.108,1,1.69
08-09-2014,00:24:30.880,105.111,105.109,1.25,1
08-09-2014,00:24:31.240,105.112,105.111,1,1
08-09-2014,00:24:31.291,105.113,105.111,1,1
08-09-2014,00:24:31.443,105.115,105.112,1.5,2.5
08-09-2014,00:24:31.494,105.116,105.114,1.69,2.25
08-09-2014,00:24:31.949,105.117,105.115,1,2.25
08-09-2014,00:24:32.152,105.121,105.118,1,1
08-09-2014,00:24:32.303,105.121,105.119,1.5,1
08-09-2014,00:24:32.808,105.122,105.119,1,1.5
08-09-2014,00:24:32.859,105.122,105.121,1,1
08-09-2014,00:24:33.536,105.122,105.12,1,1
08-09-2014,00:24:34.043,105.122,105.119,1,3
08-09-2014,00:24:35.573,105.123,105.122,1,1
08-09-2014,00:24:35.624,105.124,105.122,1.5,1
08-09-2014,00:24:35.674,105.125,105.123,1,1
08-09-2014,00:24:35.826,105.126,105.124,1,1.5
08-09-2014,00:24:36.129,105.128,105.125,1.25,2.25
08-09-2014,00:24:36.382,105.129,105.128,1.25,1
08-09-2014,00:24:36.534,105.131,105.129,1,1
08-09-2014,00:24:37.041,105.131,105.13,1,1
08-09-2014,00:24:37.142,105.131,105.128,1,3.94
08-09-2014,00:24:37.243,105.131,105.13,1,1
08-09-2014,00:24:37.767,105.131,105.129,1,1
08-09-2014,00:24:38.478,105.131,105.128,1,2.25
08-09-2014,00:24:38.990,105.13,105.127,1.69,1
08-09-2014,00:24:39.965,105.13,105.127,2.44,1
08-09-2014,00:24:40.473,105.13,105.128,1,2.44
08-09-2014,00:24:40.985,105.131,105.128,1,4.69
08-09-2014,00:24:55.186,105.129,105.126,1,1.69
08-09-2014,00:24:55.490,105.125,105.121,2.44,1
08-09-2014,00:24:55.995,105.124,105.12,1.69,1.69
08-09-2014,00:24:58.368,105.124,105.119,2.44,3.75
08-09-2014,00:24:59.372,105.124,105.119,6.19,1.5
08-09-2014,00:25:03.425,105.123,105.119,1.19,1.5
08-09-2014,00:25:05.412,105.122,105.119,1.19,1
08-09-2014,00:25:05.921,105.122,105.12,1.19,1
08-09-2014,00:25:06.392,105.123,105.12,1.69,1
08-09-2014,00:25:06.893,105.122,105.12,1.25,1
08-09-2014,00:25:07.552,105.123,105.119,3.19,1.5
08-09-2014,00:25:08.925,105.123,105.121,1,2.25
08-09-2014,00:25:09.228,105.124,105.123,1,1
08-09-2014,00:25:09.329,105.126,105.123,1.25,1
08-09-2014,00:25:09.532,105.127,105.125,1,1
08-09-2014,00:25:09.735,105.129,105.126,2.25,2.25
08-09-2014,00:25:09.786,105.129,105.128,1,1
08-09-2014,00:25:09.988,105.131,105.128,1.25,1.5
08-09-2014,00:25:10.804,105.132,105.128,3,1.5
08-09-2014,00:25:14.555,105.132,105.129,1.5,1
08-09-2014,00:25:15.061,105.131,105.129,1,1
08-09-2014,00:25:15.213,105.131,105.127,2.44,1.25
08-09-2014,00:25:15.718,105.13,105.126,1,4.69
08-09-2014,00:25:16.238,105.131,105.126,2.44,5.44
08-09-2014,00:25:17.035,105.131,105.127,3.19,1
08-09-2014,00:25:17.540,105.131,105.129,1.25,1
08-09-2014,00:25:17.843,105.132,105.131,1,1.5
08-09-2014,00:25:18.348,105.133,105.132,1,1
08-09-2014,00:25:18.857,105.134,105.132,1.5,1
08-09-2014,00:25:19.226,105.134,105.13,1.5,2.25
08-09-2014,00:25:19.744,105.133,105.13,1,2.25
08-09-2014,00:25:24.607,105.133,105.132,1,1
08-09-2014,00:25:24.961,105.135,105.132,1.5,1.5
08-09-2014,00:25:25.467,105.134,105.132,1,1
08-09-2014,00:25:27.119,105.134,105.131,1.25,1.5
08-09-2014,00:25:27.624,105.134,105.132,1.25,1
08-09-2014,00:25:29.009,105.134,105.131,1.25,1.5
08-09-2014,00:25:33.323,105.133,105.131,1,1.69
08-09-2014,00:25:38.407,105.132,105.13,1,2.25
08-09-2014,00:25:40.199,105.131,105.128,1,1.69
08-09-2014,00:25:43.927,105.131,105.129,1.69,1
08-09-2014,00:25:44.455,105.132,105.128,1.25,2.44
08-09-2014,00:25:45.989,105.132,105.128,1,2.44
08-09-2014,00:26:11.029,105.132,105.13,1,1
08-09-2014,00:26:11.080,105.133,105.131,1.5,1
08-09-2014,00:26:11.385,105.139,105.136,1,1.5
08-09-2014,00:26:11.435,105.14,105.137,3.19,1
08-09-2014,00:26:13.285,105.139,105.137,1,1.5
08-09-2014,00:26:26.595,105.14,105.137,1,1.69
08-09-2014,00:26:29.970,105.139,105.137,1,1.25
08-09-2014,00:26:30.475,105.138,105.136,1,1.5
08-09-2014,00:26:30.980,105.138,105.136,1,1.5
08-09-2014,00:26:31.486,105.136,105.134,1.5,1.5
08-09-2014,00:26:31.638,105.135,105.132,1,1.5
08-09-2014,00:26:31.840,105.135,105.131,3.86,2.44
08-09-2014,00:26:32.350,105.134,105.13,2.92,2.25
08-09-2014,00:26:32.873,105.134,105.13,3,2.25
08-09-2014,00:26:34.903,105.134,105.13,4.69,2.25
08-09-2014,00:26:40.825,105.134,105.129,6.19,3.19
08-09-2014,00:26:41.857,105.134,105.13,3.94,1
08-09-2014,00:26:45.966,105.134,105.13,3.94,1.25
08-09-2014,00:26:47.984,105.133,105.129,1,4.5
08-09-2014,00:26:49.971,105.134,105.129,3.19,5.44
08-09-2014,00:26:53.092,105.133,105.129,1,5.44
08-09-2014,00:26:56.801,105.134,105.13,3.19,1
08-09-2014,00:26:57.306,105.134,105.129,2.44,5.25
08-09-2014,00:26:58.586,105.134,105.13,2.44,1
08-09-2014,00:26:59.559,105.133,105.129,1,4.5
08-09-2014,00:27:04.785,105.132,105.129,1,2.44
08-09-2014,00:27:05.322,105.133,105.129,2.44,3.19
08-09-2014,00:27:06.108,105.133,105.13,2.44,1
08-09-2014,00:27:06.772,105.133,105.129,3.19,3.19
08-09-2014,00:27:08.666,105.132,105.129,1,1.69
08-09-2014,00:27:09.272,105.133,105.129,3.19,3.19
08-09-2014,00:27:09.777,105.134,105.13,2.44,1.25
08-09-2014,00:27:10.282,105.133,105.13,1,1.25
08-09-2014,00:27:10.788,105.134,105.13,3.19,1.69
08-09-2014,00:27:13.323,105.133,105.13,1,1.25
08-09-2014,00:27:14.033,105.134,105.13,3.19,1.25
08-09-2014,00:27:15.695,105.134,105.13,2.44,1
08-09-2014,00:27:18.959,105.134,105.131,2.44,1
08-09-2014,00:27:20.179,105.134,105.13,3.19,1.5
08-09-2014,00:27:21.155,105.134,105.131,2.44,1
08-09-2014,00:27:21.661,105.134,105.132,1.19,1
08-09-2014,00:27:22.170,105.135,105.132,1.69,1.5
08-09-2014,00:27:22.760,105.135,105.132,1.69,1.5
08-09-2014,00:27:24.358,105.135,105.131,2.44,2.44
08-09-2014,00:27:25.074,105.135,105.133,1.25,1
08-09-2014,00:27:25.579,105.136,105.135,1,1
08-09-2014,00:27:25.630,105.138,105.135,2.44,1
08-09-2014,00:27:33.103,105.139,105.135,4.69,1.5
08-09-2014,00:27:35.639,105.139,105.135,3.94,2.25
08-09-2014,00:27:39.682,105.139,105.135,4.69,2.25
08-09-2014,00:27:42.293,105.139,105.136,1.69,1
08-09-2014,00:27:43.596,105.14,105.136,2.44,2.44
08-09-2014,00:27:44.206,105.14,105.137,2.44,1
08-09-2014,00:27:44.730,105.14,105.138,1.69,1
08-09-2014,00:27:52.612,105.141,105.138,3.94,1
08-09-2014,00:27:54.599,105.141,105.139,1.25,1
08-09-2014,00:27:55.004,105.143,105.139,3.75,1.5
08-09-2014,00:27:55.508,105.143,105.14,3,3.19
08-09-2014,00:27:56.013,105.142,105.14,1,2.44
08-09-2014,00:27:56.518,105.141,105.139,1.5,3.19
08-09-2014,00:27:57.074,105.142,105.139,1.5,2.44
08-09-2014,00:27:57.429,105.143,105.142,1,1
08-09-2014,00:27:57.833,105.144,105.14,3,4.69
08-09-2014,00:27:58.413,105.144,105.14,3,3.94
08-09-2014,00:27:58.931,105.143,105.14,1,3.19
08-09-2014,00:27:59.494,105.142,105.14,1,3.19
08-09-2014,00:28:01.172,105.143,105.14,1,3.19
08-09-2014,00:28:06.451,105.144,105.14,3.75,1.69
08-09-2014,00:28:09.843,105.143,105.14,1,2.44
08-09-2014,00:28:17.525,105.142,105.14,1,2.44
08-09-2014,00:28:20.649,105.142,105.141,1,1
08-09-2014,00:28:20.700,105.145,105.141,3,1
08-09-2014,00:28:21.221,105.145,105.142,2.25,1.69
08-09-2014,00:28:23.732,105.146,105.144,1.69,1
08-09-2014,00:28:23.935,105.145,105.143,1,3.19
08-09-2014,00:28:38.230,105.145,105.144,1,1.25
08-09-2014,00:28:39.333,105.145,105.143,1.5,1
08-09-2014,00:28:41.350,105.145,105.142,1,3
08-09-2014,00:28:50.305,105.146,105.142,3.19,3.19
08-09-2014,00:28:51.880,105.145,105.142,1,3.19
08-09-2014,00:28:53.492,105.146,105.142,2.44,3.94
08-09-2014,00:28:54.072,105.145,105.142,1,3
08-09-2014,00:28:55.213,105.146,105.142,1.5,3.75
08-09-2014,00:28:55.724,105.145,105.142,1,3
08-09-2014,00:29:02.304,105.145,105.143,1,1
08-09-2014,00:29:03.989,105.146,105.143,2.25,1
08-09-2014,00:29:04.499,105.146,105.142,2.5,2.25
08-09-2014,00:29:08.505,105.146,105.142,3.19,3.19
08-09-2014,00:29:11.131,105.145,105.142,1,2.25
08-09-2014,00:29:12.494,105.146,105.142,3,3
08-09-2014,00:29:14.544,105.145,105.142,1,1.5
08-09-2014,00:29:15.049,105.146,105.142,1.5,2.25
08-09-2014,00:29:15.836,105.145,105.142,1,1.5
08-09-2014,00:29:16.344,105.146,105.142,1,1.5
08-09-2014,00:29:18.643,105.145,105.142,1,1.5
08-09-2014,00:29:19.155,105.146,105.142,1,1.5
08-09-2014,00:29:24.845,105.147,105.142,5.44,1.5
08-09-2014,00:29:25.895,105.147,105.143,5.44,1
08-09-2014,00:29:26.400,105.146,105.142,1,2.25
08-09-2014,00:29:26.855,105.143,105.14,1,2.25
08-09-2014,00:29:27.360,105.142,105.14,3.19,1
08-09-2014,00:29:27.865,105.14,105.139,1,1
08-09-2014,00:29:28.369,105.141,105.139,1,1
08-09-2014,00:29:30.068,105.142,105.139,1.25,1
08-09-2014,00:29:30.582,105.141,105.139,3,1
08-09-2014,00:29:35.215,105.142,105.139,1.25,3
08-09-2014,00:29:35.720,105.141,105.139,1,1.25
08-09-2014,00:29:36.441,105.141,105.138,1,3.94
08-09-2014,00:29:38.935,105.141,105.137,3.19,5.44
08-09-2014,00:29:44.704,105.14,105.137,1,3.19
08-09-2014,00:30:00.918,105.14,105.136,2.44,3.94
08-09-2014,00:30:01.813,105.139,105.136,1,2.44
08-09-2014,00:30:02.387,105.139,105.137,1,1
08-09-2014,00:30:03.030,105.139,105.136,1,2.25
08-09-2014,00:30:13.327,105.141,105.136,3.19,3.19
08-09-2014,00:30:15.348,105.14,105.137,1.25,1
08-09-2014,00:30:15.858,105.139,105.137,1,1
08-09-2014,00:30:16.385,105.139,105.136,1,3.19
08-09-2014,00:30:19.925,105.14,105.136,1.69,3.19
08-09-2014,00:30:20.560,105.139,105.136,1,3.19
08-09-2014,00:30:21.098,105.14,105.136,1.5,3.75
08-09-2014,00:30:22.876,105.14,105.137,1,1
08-09-2014,00:30:23.383,105.14,105.136,1.5,3.75
08-09-2014,00:30:27.983,105.14,105.138,1.25,1
08-09-2014,00:30:28.236,105.142,105.138,6.19,1.5
08-09-2014,00:30:28.741,105.141,105.137,1.5,2.25
08-09-2014,00:30:30.117,105.141,105.138,1.5,1
08-09-2014,00:30:30.622,105.141,105.137,1,3
08-09-2014,00:30:31.129,105.142,105.138,5.44,1
08-09-2014,00:30:32.092,105.142,105.138,6.19,1
08-09-2014,00:30:34.045,105.141,105.138,1,1
08-09-2014,00:30:34.550,105.141,105.137,1,3
08-09-2014,00:30:35.056,105.14,105.137,1.25,1
08-09-2014,00:30:38.525,105.14,105.136,1.69,3.19
08-09-2014,00:30:39.048,105.14,105.137,1,1
08-09-2014,00:30:46.845,105.14,105.136,1.69,1.69
08-09-2014,00:30:49.737,105.14,105.136,1.69,1.5
08-09-2014,00:30:55.191,105.139,105.137,1.69,1
08-09-2014,00:30:56.051,105.139,105.136,1.25,2.25
08-09-2014,00:30:59.823,105.138,105.136,1,1
08-09-2014,00:30:59.925,105.136,105.135,1,1
08-09-2014,00:31:00.178,105.129,105.126,1.69,1.5
08-09-2014,00:31:00.381,105.127,105.126,1,1
08-09-2014,00:31:00.533,105.126,105.124,1,1.5
08-09-2014,00:31:01.873,105.127,105.124,1.5,1
08-09-2014,00:31:02.368,105.125,105.123,1,2.25
08-09-2014,00:31:02.571,105.124,105.121,1.5,1.5
08-09-2014,00:31:02.773,105.121,105.118,1,2.25
08-09-2014,00:31:03.278,105.12,105.116,2.25,7.69
08-09-2014,00:31:03.986,105.119,105.117,1,1.25
08-09-2014,00:31:04.492,105.12,105.117,1.25,1
08-09-2014,00:31:04.897,105.118,105.116,1,1.5
08-09-2014,00:31:05.410,105.119,105.116,1.69,1
08-09-2014,00:31:07.862,105.119,105.116,1.19,1.5
08-09-2014,00:31:09.399,105.12,105.116,3.94,1.5
08-09-2014,00:31:09.905,105.118,105.116,1,1
08-09-2014,00:31:15.895,105.119,105.115,1,2.25
08-09-2014,00:31:16.198,105.119,105.117,1,1
08-09-2014,00:31:16.702,105.12,105.117,1.25,1.5
08-09-2014,00:31:17.309,105.121,105.118,1.5,1.5
08-09-2014,00:31:17.814,105.121,105.119,1,1
08-09-2014,00:31:18.016,105.121,105.117,1,2.25
08-09-2014,00:31:20.950,105.122,105.117,3.94,5.25
08-09-2014,00:31:21.101,105.122,105.119,3.19,1
08-09-2014,00:31:21.608,105.122,105.118,3.94,2.44
08-09-2014,00:31:23.009,105.122,105.12,2.44,1
08-09-2014,00:31:23.262,105.122,105.118,4.69,2.44
08-09-2014,00:31:23.465,105.122,105.12,1.69,1.5
08-09-2014,00:31:23.668,105.122,105.118,1.69,1.69
08-09-2014,00:31:24.181,105.121,105.118,1.25,1
08-09-2014,00:31:24.937,105.121,105.117,1.69,5.44
08-09-2014,00:31:26.492,105.121,105.118,1.69,1.5
08-09-2014,00:31:26.543,105.122,105.12,1,1
08-09-2014,00:31:27.049,105.123,105.119,3.19,1
08-09-2014,00:31:27.562,105.122,105.12,1.25,1
08-09-2014,00:31:28.833,105.122,105.119,1.25,2.25
08-09-2014,00:31:29.373,105.123,105.12,3.19,1
08-09-2014,00:31:29.878,105.123,105.119,3.19,1.69
08-09-2014,00:31:34.553,105.123,105.12,3.75,1.25
08-09-2014,00:31:35.574,105.123,105.119,3.94,2.44
08-09-2014,00:31:36.088,105.122,105.119,1,2.44
08-09-2014,00:31:47.565,105.122,105.12,1,2.44
08-09-2014,00:31:48.947,105.122,105.121,1,1.5
08-09-2014,00:31:49.201,105.127,105.125,1,2.44
08-09-2014,00:31:49.252,105.129,105.126,2.44,1
08-09-2014,00:31:49.408,105.129,105.128,1,1
08-09-2014,00:31:49.510,105.132,105.13,1,2.44
08-09-2014,00:31:49.813,105.134,105.13,8.25,2.44
08-09-2014,00:31:50.699,105.133,105.13,1,2.44
08-09-2014,00:31:52.689,105.133,105.129,1,3.94
08-09-2014,00:31:53.204,105.133,105.13,1,1.5
08-09-2014,00:31:58.912,105.133,105.129,5.25,3.19
08-09-2014,00:32:03.436,105.132,105.129,1,1
08-09-2014,00:32:06.720,105.131,105.129,1,1
08-09-2014,00:32:07.225,105.132,105.128,3,1
08-09-2014,00:32:07.729,105.131,105.128,1.25,1
08-09-2014,00:32:09.298,105.13,105.128,1,1
08-09-2014,00:32:09.845,105.131,105.128,1.69,1
08-09-2014,00:32:10.379,105.132,105.129,4.12,1
08-09-2014,00:32:10.430,105.13,105.128,1,1
08-09-2014,00:32:10.936,105.131,105.129,1,1
08-09-2014,00:32:11.441,105.133,105.129,9.19,1
08-09-2014,00:32:11.947,105.131,105.129,1.25,1
08-09-2014,00:32:14.147,105.131,105.128,1.25,1
08-09-2014,00:32:17.410,105.13,105.128,1,1
08-09-2014,00:32:19.889,105.131,105.128,2.25,1
08-09-2014,00:32:21.731,105.132,105.129,1.25,1
08-09-2014,00:32:24.287,105.132,105.13,1,1
08-09-2014,00:32:41.563,105.132,105.128,1.69,1.5
08-09-2014,00:32:41.715,105.131,105.128,1.19,1
08-09-2014,00:32:42.537,105.131,105.128,1.25,1
08-09-2014,00:32:46.551,105.132,105.128,2.44,1
08-09-2014,00:32:47.072,105.131,105.128,1.25,1
08-09-2014,00:32:50.569,105.132,105.128,2.44,1
08-09-2014,00:32:51.076,105.132,105.127,3.19,3
08-09-2014,00:32:51.481,105.13,105.127,1,3
08-09-2014,00:32:55.555,105.132,105.127,3.94,1.5
08-09-2014,00:32:56.687,105.131,105.127,1.25,1.69
08-09-2014,00:32:58.846,105.131,105.128,1.25,1
08-09-2014,00:32:59.564,105.131,105.128,1.19,1
08-09-2014,00:33:00.597,105.132,105.128,3.19,1
08-09-2014,00:33:01.129,105.131,105.128,1,1
08-09-2014,00:33:01.665,105.132,105.128,1.69,1.5
08-09-2014,00:33:02.220,105.13,105.128,1,1.25
08-09-2014,00:33:02.725,105.132,105.128,3.19,1.69
08-09-2014,00:33:03.231,105.131,105.128,1,1.69
08-09-2014,00:33:04.245,105.132,105.128,2.44,2.25
08-09-2014,00:33:04.750,105.132,105.129,1.25,1
08-09-2014,00:33:12.063,105.132,105.13,1.25,1
08-09-2014,00:33:18.619,105.132,105.131,1,1
08-09-2014,00:33:26.611,105.133,105.131,1.5,1
08-09-2014,00:33:28.268,105.134,105.131,2.44,1.5
08-09-2014,00:33:31.558,105.135,105.132,3.94,1
08-09-2014,00:33:31.912,105.137,105.133,6.94,3
08-09-2014,00:33:32.064,105.137,105.135,6,1.5
08-09-2014,00:33:32.569,105.138,105.135,1.69,1.5
08-09-2014,00:33:35.448,105.137,105.135,1,1.5
08-09-2014,00:33:35.962,105.138,105.135,1.69,1.5
08-09-2014,00:33:37.953,105.139,105.136,1.69,1
08-09-2014,00:33:38.469,105.139,105.137,1.25,1
08-09-2014,00:33:39.084,105.14,105.137,1.69,1
08-09-2014,00:33:44.745,105.14,105.138,1.25,1
08-09-2014,00:33:45.048,105.142,105.141,1,1
08-09-2014,00:33:45.553,105.143,105.141,1,1
08-09-2014,00:33:47.189,105.144,105.141,1.5,1
08-09-2014,00:33:48.304,105.144,105.14,1.5,1.5
08-09-2014,00:33:49.996,105.143,105.14,1.25,1
08-09-2014,00:33:57.623,105.142,105.139,1,3.75
08-09-2014,00:33:58.230,105.14,105.139,1,1
08-09-2014,00:33:58.759,105.14,105.138,1,1
08-09-2014,00:34:02.250,105.14,105.137,1,3
08-09-2014,00:34:12.244,105.139,105.137,1,2.25
08-09-2014,00:34:34.388,105.14,105.137,2.25,1
08-09-2014,00:34:36.272,105.138,105.137,1,1
08-09-2014,00:34:36.778,105.137,105.135,1,1
08-09-2014,00:34:37.388,105.137,105.135,1,1
08-09-2014,00:34:56.908,105.138,105.135,2.25,1
08-09-2014,00:34:57.212,105.139,105.137,1,1
08-09-2014,00:35:06.719,105.14,105.137,1.69,1
08-09-2014,00:35:08.835,105.14,105.138,1,1
08-09-2014,00:35:09.040,105.142,105.139,1,2.44
08-09-2014,00:35:09.575,105.143,105.139,1.69,2.44
08-09-2014,00:35:13.314,105.142,105.139,1,1.69
08-09-2014,00:35:18.241,105.141,105.139,1,1
08-09-2014,00:35:18.746,105.142,105.139,1.25,1
08-09-2014,00:35:19.049,105.14,105.138,1,1.69
08-09-2014,00:35:19.963,105.142,105.138,2.44,1.69
08-09-2014,00:35:20.352,105.14,105.138,1,1.69
08-09-2014,00:35:20.982,105.141,105.138,1.5,1.69
08-09-2014,00:35:22.162,105.141,105.139,1,1
08-09-2014,00:35:22.679,105.141,105.138,1,1.69
08-09-2014,00:35:23.977,105.14,105.138,1,1.69
08-09-2014,00:35:26.329,105.14,105.139,1,1
08-09-2014,00:35:26.875,105.14,105.138,1,1
08-09-2014,00:35:28.660,105.14,105.137,1.25,1
08-09-2014,00:35:29.671,105.139,105.137,1,1.5
08-09-2014,00:35:30.176,105.14,105.137,1.5,1.5
08-09-2014,00:35:40.319,105.14,105.138,1.69,1
08-09-2014,00:35:46.467,105.14,105.137,1,1
08-09-2014,00:35:56.233,105.14,105.136,1.69,4.69
08-09-2014,00:35:57.243,105.139,105.136,1,3
08-09-2014,00:35:57.749,105.14,105.136,1.5,3.75
08-09-2014,00:36:00.336,105.138,105.136,1,1.69
08-09-2014,00:36:01.877,105.139,105.136,2.44,1
08-09-2014,00:36:02.384,105.14,105.137,1,1
08-09-2014,00:36:11.582,105.141,105.137,2.44,1
08-09-2014,00:36:12.289,105.141,105.138,1.5,1
08-09-2014,00:36:13.884,105.141,105.137,1.5,3
08-09-2014,00:36:15.362,105.141,105.139,1.5,1
08-09-2014,00:36:15.881,105.141,105.138,1,1.5
08-09-2014,00:36:20.490,105.141,105.137,1,3.75
08-09-2014,00:36:21.673,105.142,105.137,1.69,3.75
08-09-2014,00:36:22.182,105.142,105.138,2.44,1
08-09-2014,00:36:25.112,105.141,105.138,1,1
08-09-2014,00:36:25.617,105.141,105.137,1,3.94
08-09-2014,00:36:26.385,105.141,105.138,1.25,1
08-09-2014,00:36:26.688,105.141,105.14,1,1.5
08-09-2014,00:36:27.202,105.141,105.138,1,2.25
08-09-2014,00:36:27.713,105.141,105.139,1,1
08-09-2014,00:36:28.273,105.142,105.138,3.94,2.44
08-09-2014,00:36:28.886,105.141,105.138,1,1.69
08-09-2014,00:36:29.882,105.142,105.138,3.94,3.19
08-09-2014,00:36:30.355,105.142,105.14,3.19,1
08-09-2014,00:36:30.902,105.141,105.14,1,1.5
08-09-2014,00:36:31.460,105.142,105.139,2.25,1.25
08-09-2014,00:36:33.129,105.142,105.138,2.25,2.25
08-09-2014,00:36:35.192,105.141,105.138,1,1.5
08-09-2014,00:36:35.702,105.141,105.137,6.75,3.94
08-09-2014,00:36:36.005,105.139,105.137,1,1.5
08-09-2014,00:36:36.612,105.139,105.136,1,1
08-09-2014,00:36:36.915,105.14,105.138,1.69,1
08-09-2014,00:36:38.215,105.14,105.137,1.5,1
08-09-2014,00:36:38.962,105.14,105.138,1,1
08-09-2014,00:36:39.317,105.142,105.139,1.5,1.25
08-09-2014,00:36:40.074,105.142,105.138,1.5,2.25
08-09-2014,00:36:41.174,105.141,105.138,1,1.5
08-09-2014,00:36:41.734,105.139,105.138,1,1.5
08-09-2014,00:36:43.047,105.139,105.137,1,1.5
08-09-2014,00:36:43.552,105.138,105.137,1,1
08-09-2014,00:36:44.681,105.139,105.137,3.19,1
08-09-2014,00:36:47.953,105.139,105.136,3,1.69
08-09-2014,00:36:48.458,105.138,105.136,1,2.25
08-09-2014,00:36:50.398,105.139,105.136,1.69,2.25
08-09-2014,00:36:50.953,105.138,105.136,1,2.25
08-09-2014,00:36:51.458,105.139,105.136,1.25,2.25
08-09-2014,00:36:52.013,105.14,105.137,3.19,1
08-09-2014,00:36:52.537,105.14,105.137,2.25,1
08-09-2014,00:36:52.841,105.141,105.139,2.25,1
08-09-2014,00:36:54.982,105.141,105.138,2.25,1.25
08-09-2014,00:36:55.496,105.141,105.137,3.94,3.19
08-09-2014,00:36:56.008,105.14,105.137,1.25,3
08-09-2014,00:37:04.880,105.141,105.139,1.69,1
08-09-2014,00:37:04.931,105.142,105.14,1.5,1
08-09-2014,00:37:05.437,105.142,105.139,1.5,1.5
08-09-2014,00:37:16.881,105.142,105.141,1,1
08-09-2014,00:37:17.386,105.143,105.14,1,1
08-09-2014,00:37:23.198,105.143,105.141,1,1
08-09-2014,00:37:30.623,105.142,105.138,6.25,3.19
08-09-2014,00:37:30.674,105.14,105.138,1,1.5
08-09-2014,00:37:31.280,105.14,105.137,1,1.5
08-09-2014,00:37:33.563,105.14,105.138,1,1
08-09-2014,00:37:34.068,105.139,105.137,1,1.5
08-09-2014,00:38:02.566,105.14,105.137,3.19,1
08-09-2014,00:38:03.074,105.139,105.137,1,1
08-09-2014,00:38:04.107,105.139,105.136,1,1.69
08-09-2014,00:38:04.654,105.14,105.137,3.19,1
08-09-2014,00:38:05.159,105.139,105.137,1,1
08-09-2014,00:38:05.665,105.14,105.137,2.44,1
08-09-2014,00:38:07.346,105.14,105.136,3.94,2.44
08-09-2014,00:38:12.968,105.14,105.138,1.5,1
08-09-2014,00:38:13.272,105.141,105.14,1,1
08-09-2014,00:38:13.822,105.142,105.139,1.25,1.5
08-09-2014,00:38:14.329,105.143,105.139,3.19,1.5
08-09-2014,00:38:15.719,105.143,105.14,1.69,1
08-09-2014,00:38:16.399,105.143,105.141,1.5,1
08-09-2014,00:38:17.267,105.144,105.141,1.25,1.5
08-09-2014,00:38:20.297,105.143,105.141,1,1
08-09-2014,00:38:23.569,105.144,105.141,1.25,1
08-09-2014,00:38:25.759,105.143,105.141,1,1
08-09-2014,00:38:30.055,105.143,105.14,1,1.69
08-09-2014,00:38:34.525,105.143,105.139,1.69,4.69
08-09-2014,00:38:36.112,105.142,105.139,1,3.94
08-09-2014,00:38:36.668,105.141,105.139,1,1.25
08-09-2014,00:38:39.787,105.143,105.139,1.5,3
08-09-2014,00:38:46.431,105.142,105.139,1,2.44
08-09-2014,00:38:47.117,105.142,105.14,1,1
08-09-2014,00:38:47.621,105.143,105.14,2.44,2.25
08-09-2014,00:39:02.049,105.143,105.139,3.19,2.44
08-09-2014,00:39:02.403,105.14,105.138,1,1
08-09-2014,00:39:02.555,105.139,105.136,1,4.69
08-09-2014,00:39:03.369,105.139,105.138,1,1
08-09-2014,00:39:03.421,105.141,105.138,2.44,1
08-09-2014,00:39:04.395,105.142,105.138,1.5,2.25
08-09-2014,00:39:08.238,105.141,105.138,1,2.25
08-09-2014,00:39:10.433,105.142,105.139,1,1.5
08-09-2014,00:39:11.455,105.143,105.139,2.44,1.69
08-09-2014,00:39:11.965,105.143,105.14,1.69,1
08-09-2014,00:39:12.470,105.143,105.139,1.5,3
08-09-2014,00:39:13.185,105.143,105.14,1,1
08-09-2014,00:39:13.789,105.144,105.141,1.25,1
08-09-2014,00:39:15.269,105.143,105.141,1,1
08-09-2014,00:39:16.351,105.144,105.141,2.25,1
08-09-2014,00:39:16.906,105.145,105.141,3.94,1.5
08-09-2014,00:39:17.497,105.145,105.141,3.19,1.5
08-09-2014,00:39:18.248,105.145,105.141,1.69,1.69
08-09-2014,00:39:18.451,105.145,105.144,1.25,1
08-09-2014,00:39:18.653,105.145,105.142,1.25,1
08-09-2014,00:39:19.253,105.146,105.142,1.5,1
08-09-2014,00:39:23.367,105.146,105.142,2.44,1.5
08-09-2014,00:39:26.594,105.146,105.143,1.69,1
08-09-2014,00:39:27.603,105.146,105.142,1.69,1
08-09-2014,00:39:28.477,105.146,105.143,1.69,1
08-09-2014,00:39:29.367,105.146,105.143,1.69,1
08-09-2014,00:39:29.988,105.146,105.142,1.69,1.25
08-09-2014,00:39:32.488,105.146,105.143,2.44,1
08-09-2014,00:39:36.032,105.146,105.142,3.19,1.69
08-09-2014,00:39:36.557,105.146,105.142,3.19,1.5
08-09-2014,00:39:39.479,105.147,105.144,5.25,1
08-09-2014,00:39:48.027,105.147,105.145,1,3
08-09-2014,00:39:48.281,105.151,105.148,1.25,1
08-09-2014,00:39:51.381,105.152,105.148,3.19,1
08-09-2014,00:39:53.558,105.152,105.149,1.69,1
08-09-2014,00:39:54.070,105.152,105.15,1,1
08-09-2014,00:39:54.602,105.153,105.15,1.25,3
08-09-2014,00:39:54.906,105.155,105.151,3.19,2.44
08-09-2014,00:39:55.159,105.156,105.154,2.44,1
08-09-2014,00:39:55.260,105.156,105.152,2.44,3.94
08-09-2014,00:39:56.001,105.156,105.153,2.44,1
08-09-2014,00:39:57.858,105.156,105.152,2.25,2.25
08-09-2014,00:39:59.445,105.155,105.152,1.5,1.69
08-09-2014,00:39:59.951,105.156,105.153,2.44,1
08-09-2014,00:40:01.219,105.156,105.152,3,1
08-09-2014,00:40:04.208,105.156,105.153,1.25,1
08-09-2014,00:40:04.713,105.156,105.152,1.25,3.19
08-09-2014,00:40:05.959,105.156,105.153,1.25,1
08-09-2014,00:40:09.136,105.156,105.152,2.44,2.44
08-09-2014,00:40:15.552,105.156,105.153,1.5,1
08-09-2014,00:40:16.057,105.157,105.153,3.94,3.94
08-09-2014,00:40:17.068,105.156,105.153,1.25,2.25
08-09-2014,00:40:18.087,105.157,105.153,1.5,3
08-09-2014,00:40:19.831,105.156,105.153,1,1.5
08-09-2014,00:40:22.768,105.156,105.152,3.94,2.44
08-09-2014,00:40:22.869,105.154,105.152,1,2.25
08-09-2014,00:40:24.152,105.154,105.151,1.69,2.25
08-09-2014,00:40:27.003,105.153,105.151,1,1.5
08-09-2014,00:40:28.924,105.154,105.151,1.5,1.5
08-09-2014,00:40:33.010,105.154,105.15,2.25,2.25
08-09-2014,00:40:38.239,105.153,105.15,1,3.19
08-09-2014,00:40:38.744,105.152,105.15,1,2.44
08-09-2014,00:40:40.565,105.153,105.15,1,2.44
08-09-2014,00:40:46.611,105.154,105.15,3.94,1.25
08-09-2014,00:40:47.436,105.153,105.15,1,1.25
08-09-2014,00:40:48.241,105.154,105.15,4.69,1.25
08-09-2014,00:40:49.075,105.152,105.15,1,1.25
08-09-2014,00:40:50.317,105.153,105.151,1.25,1
08-09-2014,00:40:50.823,105.153,105.152,1,1.5
08-09-2014,00:40:51.378,105.154,105.152,1.5,1.5
08-09-2014,00:40:52.387,105.153,105.152,1,1.5
08-09-2014,00:40:52.993,105.154,105.152,1.5,1.5
08-09-2014,00:40:53.545,105.155,105.152,3.94,1.5
08-09-2014,00:40:55.337,105.154,105.152,1,1
08-09-2014,00:41:00.632,105.154,105.151,1.5,1
08-09-2014,00:41:01.149,105.153,105.151,1,1
08-09-2014,00:41:01.654,105.153,105.15,1,1.5
08-09-2014,00:41:07.222,105.152,105.15,1,1
08-09-2014,00:41:07.736,105.152,105.149,1,1.25
08-09-2014,00:41:14.650,105.15,105.149,1,1
08-09-2014,00:41:14.953,105.15,105.146,2.25,4.69
08-09-2014,00:41:17.564,105.149,105.146,1,3.94
08-09-2014,00:41:18.073,105.15,105.146,2.44,4.69
08-09-2014,00:41:22.670,105.149,105.146,1.5,2.44
08-09-2014,00:41:23.175,105.148,105.146,1,3.19
08-09-2014,00:41:24.478,105.149,105.146,1.5,2.44
08-09-2014,00:41:24.983,105.148,105.146,1.5,1
08-09-2014,00:41:25.185,105.15,105.147,1,2.5
08-09-2014,00:41:25.287,105.151,105.149,1,1
08-09-2014,00:41:25.792,105.154,105.15,3.94,1
08-09-2014,00:41:26.326,105.153,105.15,1,1
08-09-2014,00:41:27.084,105.152,105.149,1,2.44
08-09-2014,00:41:27.776,105.152,105.149,1,1.5
08-09-2014,00:41:31.567,105.151,105.148,1,2.44
08-09-2014,00:41:32.072,105.15,105.147,1,2.44
08-09-2014,00:41:33.692,105.149,105.147,1,2.44
08-09-2014,00:41:35.588,105.148,105.147,1,1
08-09-2014,00:41:36.114,105.148,105.146,1,1
08-09-2014,00:41:56.646,105.148,105.147,1,1
08-09-2014,00:41:57.152,105.149,105.147,1.69,1.5
08-09-2014,00:41:58.971,105.148,105.147,1,1.5
08-09-2014,00:41:59.123,105.147,105.144,3,1.5
08-09-2014,00:41:59.326,105.144,105.14,2.44,3.19
08-09-2014,00:41:59.831,105.143,105.14,2.25,1.69
08-09-2014,00:42:00.642,105.143,105.139,1,3.19
08-09-2014,00:42:00.895,105.141,105.139,1,2.44
08-09-2014,00:42:01.236,105.139,105.136,1.5,1.69
08-09-2014,00:42:01.949,105.139,105.136,1.5,1
08-09-2014,00:42:03.676,105.138,105.137,1,1
08-09-2014,00:42:03.979,105.14,105.137,6.75,1
08-09-2014,00:42:04.030,105.139,105.137,1.69,1
08-09-2014,00:42:04.535,105.139,105.136,2.44,1
08-09-2014,00:42:08.122,105.138,105.136,1,1
08-09-2014,00:42:09.209,105.138,105.135,1,1.5
08-09-2014,00:42:10.860,105.139,105.135,2.25,2.25
08-09-2014,00:42:12.251,105.14,105.136,2.44,1
08-09-2014,00:42:12.756,105.14,105.136,1.69,2.44
08-09-2014,00:42:14.569,105.14,105.136,3.19,1
08-09-2014,00:42:18.559,105.14,105.136,2.25,1.5
08-09-2014,00:42:19.153,105.139,105.136,1,1
08-09-2014,00:42:21.087,105.14,105.137,3,1.25
08-09-2014,00:42:21.597,105.14,105.138,1,1.25
08-09-2014,00:42:23.582,105.14,105.139,1,1.25
08-09-2014,00:42:23.785,105.142,105.139,1.5,1.25
08-09-2014,00:42:24.290,105.143,105.14,2.25,1.25
08-09-2014,00:42:24.593,105.144,105.142,1.5,1.25
08-09-2014,00:42:25.300,105.145,105.143,2.25,1.25
08-09-2014,00:42:25.604,105.143,105.142,1,1.25
08-09-2014,00:42:26.109,105.142,105.141,1,1.25
08-09-2014,00:42:26.311,105.143,105.139,1.15,3
08-09-2014,00:42:27.270,105.143,105.139,3.64,1.25
08-09-2014,00:42:27.780,105.143,105.139,3.64,1
08-09-2014,00:42:53.013,105.142,105.138,1.69,2.44
08-09-2014,00:43:05.515,105.142,105.139,1,1.25
08-09-2014,00:43:06.030,105.143,105.139,1.25,3.19
08-09-2014,00:43:06.741,105.143,105.141,1.25,1
08-09-2014,00:43:07.707,105.143,105.139,1.25,3.94
08-09-2014,00:43:07.808,105.143,105.141,1.25,1
08-09-2014,00:43:08.237,105.143,105.139,1.25,3.19
08-09-2014,00:43:09.434,105.143,105.14,1.25,1.5
08-09-2014,00:43:10.038,105.143,105.139,1.25,3.19
08-09-2014,00:43:10.946,105.143,105.141,1.25,1
08-09-2014,00:43:11.556,105.143,105.14,1.25,1
08-09-2014,00:43:13.834,105.144,105.14,2.25,1.25
08-09-2014,00:43:14.340,105.144,105.141,1.69,1
08-09-2014,00:43:15.157,105.144,105.139,1.5,5.44
08-09-2014,00:43:15.671,105.144,105.14,1.69,2.44
08-09-2014,00:43:19.858,105.144,105.141,1.5,1
08-09-2014,00:43:20.541,105.144,105.14,2.25,1.69
08-09-2014,00:43:23.743,105.143,105.14,1,3.19
08-09-2014,00:43:25.658,105.142,105.14,1,3.19
08-09-2014,00:43:26.163,105.142,105.141,1,1
08-09-2014,00:43:26.687,105.142,105.14,1,1
08-09-2014,00:43:29.903,105.142,105.139,1,4.69
08-09-2014,00:43:32.580,105.143,105.139,1.5,5.44
08-09-2014,00:43:33.350,105.143,105.141,1.5,1
08-09-2014,00:43:44.678,105.143,105.14,1.5,1.69
08-09-2014,00:43:47.665,105.143,105.139,1.69,6.19
08-09-2014,00:43:51.698,105.143,105.14,1.5,1.25
08-09-2014,00:43:52.710,105.143,105.139,1.69,6.19
08-09-2014,00:44:00.178,105.143,105.14,1.5,1
08-09-2014,00:44:14.384,105.142,105.14,1,1
08-09-2014,00:44:14.931,105.143,105.14,1,1
08-09-2014,00:44:15.436,105.144,105.14,1.5,1
08-09-2014,00:44:16.960,105.145,105.142,3,1
08-09-2014,00:44:17.111,105.147,105.144,1.5,1
08-09-2014,00:44:17.465,105.146,105.143,1.5,1
08-09-2014,00:44:17.668,105.145,105.141,2.25,3.94
08-09-2014,00:44:18.649,105.145,105.142,1.5,1.25
08-09-2014,00:44:19.654,105.145,105.141,2.44,3.94
08-09-2014,00:44:23.926,105.145,105.142,2.25,1
08-09-2014,00:44:24.471,105.145,105.141,3,2.44
08-09-2014,00:44:24.976,105.145,105.141,2.25,2.44
08-09-2014,00:44:26.691,105.145,105.141,2.25,1.69
08-09-2014,00:44:27.222,105.145,105.141,2.25,2.44
08-09-2014,00:44:35.693,105.142,105.141,1,1.5
08-09-2014,00:44:35.798,105.142,105.138,1.5,3.19
08-09-2014,00:44:36.344,105.141,105.138,3.75,1.69
08-09-2014,00:44:37.791,105.141,105.137,5.25,2.44
08-09-2014,00:44:38.791,105.141,105.138,5.25,1.25
08-09-2014,00:44:42.522,105.141,105.137,1,1.69
08-09-2014,00:44:42.776,105.142,105.139,1.69,1
08-09-2014,00:44:43.080,105.143,105.142,1,1.25
08-09-2014,00:44:43.585,105.144,105.142,1,1.25
08-09-2014,00:44:47.027,105.144,105.141,1,1
08-09-2014,00:44:52.793,105.145,105.141,2.44,1.25
08-09-2014,00:45:09.731,105.145,105.142,1.5,1
08-09-2014,00:45:10.251,105.145,105.141,2.25,2.25
08-09-2014,00:45:16.133,105.145,105.141,3.19,1.5
08-09-2014,00:45:19.151,105.145,105.141,3.19,1.69
08-09-2014,00:45:20.148,105.145,105.141,3.19,1.5
08-09-2014,00:45:20.863,105.144,105.14,1.25,2.44
08-09-2014,00:45:22.072,105.144,105.141,1.25,1
08-09-2014,00:45:23.596,105.144,105.14,1.25,1.69
08-09-2014,00:45:24.149,105.144,105.141,1.25,1
08-09-2014,00:45:25.178,105.144,105.14,1.69,3.19
08-09-2014,00:45:25.730,105.144,105.141,1.25,1
08-09-2014,00:45:26.868,105.142,105.139,1,4.5
08-09-2014,00:45:27.172,105.139,105.137,1,1
08-09-2014,00:45:27.688,105.139,105.136,1,1.5
08-09-2014,00:45:29.677,105.14,105.136,2.25,2.44
08-09-2014,00:45:29.981,105.142,105.139,3.75,1
08-09-2014,00:45:30.698,105.142,105.138,1.5,1
08-09-2014,00:45:31.809,105.143,105.139,3.19,1.25
08-09-2014,00:45:32.314,105.142,105.139,1,1.25
08-09-2014,00:45:33.800,105.14,105.139,1,1
08-09-2014,00:45:34.104,105.135,105.131,1.25,2.44
08-09-2014,00:45:34.414,105.133,105.131,1,1
08-09-2014,00:45:34.667,105.132,105.129,1.5,1
08-09-2014,00:45:36.217,105.132,105.13,1,1
08-09-2014,00:45:36.322,105.132,105.128,1,4.69
08-09-2014,00:45:37.095,105.132,105.129,1,1.5
08-09-2014,00:45:37.601,105.133,105.129,1.5,2.25
08-09-2014,00:45:40.092,105.132,105.129,1,2.25
08-09-2014,00:45:40.602,105.133,105.129,3.19,2.44
08-09-2014,00:45:50.335,105.133,105.13,1.5,1
08-09-2014,00:45:59.364,105.131,105.129,1,2.25
08-09-2014,00:45:59.465,105.132,105.128,2.44,1.69
08-09-2014,00:45:59.617,105.13,105.126,1,2.44
08-09-2014,00:46:01.972,105.13,105.127,2.44,1
08-09-2014,00:46:02.477,105.13,105.125,5.44,1.69
08-09-2014,00:46:03.128,105.13,105.126,3.94,1
08-09-2014,00:46:03.697,105.13,105.126,3.19,1
08-09-2014,00:46:04.452,105.13,105.126,3.94,1
08-09-2014,00:46:05.454,105.13,105.126,3.19,1
08-09-2014,00:46:07.833,105.129,105.125,1,3
08-09-2014,00:46:09.764,105.13,105.125,2.25,3.94
08-09-2014,00:46:10.690,105.13,105.126,1,1
08-09-2014,00:46:14.336,105.129,105.126,1,2.44
08-09-2014,00:46:15.100,105.13,105.126,2.44,2.44
08-09-2014,00:46:22.471,105.129,105.126,1,1.5
08-09-2014,00:46:23.555,105.129,105.127,1,1
08-09-2014,00:46:23.656,105.131,105.129,1.69,1
08-09-2014,00:46:24.161,105.133,105.129,3.94,2.25
08-09-2014,00:46:24.363,105.131,105.127,2.44,3.19
08-09-2014,00:46:24.868,105.13,105.127,2.44,1.5
08-09-2014,00:46:25.373,105.13,105.126,3.94,3.19
08-09-2014,00:46:26.505,105.129,105.126,1.69,1
08-09-2014,00:46:27.010,105.128,105.126,1,1
08-09-2014,00:46:27.516,105.128,105.125,1,2.44
08-09-2014,00:46:29.210,105.129,105.125,2.44,3.94
08-09-2014,00:46:30.031,105.128,105.125,1.5,1.5
08-09-2014,00:46:31.764,105.128,105.124,1,3
08-09-2014,00:46:32.288,105.128,105.125,1,1
08-09-2014,00:46:34.318,105.126,105.124,1,2.25
08-09-2014,00:46:34.419,105.125,105.123,1,3.19
08-09-2014,00:46:34.722,105.123,105.12,1,1
08-09-2014,00:46:34.773,105.121,105.12,1.5,1
08-09-2014,00:46:35.278,105.121,105.119,1,1.25
08-09-2014,00:46:37.932,105.121,105.118,1,3.94
08-09-2014,00:46:38.438,105.122,105.118,3,3.19
08-09-2014,00:46:38.791,105.123,105.12,1,2.25
08-09-2014,00:46:41.163,105.122,105.12,1,1
08-09-2014,00:46:41.466,105.126,105.123,3.19,1.5
08-09-2014,00:46:41.568,105.128,105.124,3.19,1.69
08-09-2014,00:46:43.380,105.127,105.124,1,2.44
08-09-2014,00:46:43.886,105.128,105.124,2.44,3.19
08-09-2014,00:46:44.038,105.126,105.124,1,1.69
08-09-2014,00:46:44.342,105.124,105.123,1,1
08-09-2014,00:46:44.494,105.123,105.12,1,3.19
08-09-2014,00:46:45.003,105.123,105.119,2.44,3.19
08-09-2014,00:46:45.104,105.121,105.119,1,2.44
08-09-2014,00:46:45.408,105.119,105.117,1,1
08-09-2014,00:46:45.913,105.119,105.116,1,2.44
08-09-2014,00:46:46.418,105.121,105.117,3.19,2.25
08-09-2014,00:46:46.927,105.121,105.117,1.5,3
08-09-2014,00:46:47.281,105.121,105.119,1,1
08-09-2014,00:46:47.786,105.122,105.119,1.69,1.5
08-09-2014,00:46:48.275,105.121,105.117,2.25,2.25
08-09-2014,00:46:48.780,105.12,105.116,1.5,1.69
08-09-2014,00:46:51.025,105.119,105.116,1,1.25
08-09-2014,00:46:51.736,105.12,105.116,2.44,2.44
08-09-2014,00:46:52.242,105.12,105.117,1.69,1
08-09-2014,00:46:54.501,105.12,105.116,2.44,3.19
08-09-2014,00:46:56.289,105.119,105.116,1.25,1
08-09-2014,00:46:56.794,105.119,105.115,2.44,1.69
08-09-2014,00:46:58.130,105.118,105.115,1,1.69
08-09-2014,00:46:58.635,105.118,105.114,1.69,1.5
08-09-2014,00:46:59.394,105.118,105.114,2.44,2.44
08-09-2014,00:46:59.495,105.118,105.116,2.44,1
08-09-2014,00:47:00.033,105.118,105.115,1.69,2.25
08-09-2014,00:47:02.845,105.117,105.115,1,1
08-09-2014,00:47:03.357,105.118,105.115,1.25,1.5
08-09-2014,00:47:03.894,105.118,105.116,1,1
08-09-2014,00:47:04.601,105.119,105.115,3.19,1.5
08-09-2014,00:47:05.115,105.119,105.116,2.44,1
08-09-2014,00:47:06.448,105.119,105.116,1.5,1
08-09-2014,00:47:06.956,105.119,105.117,1.25,1
08-09-2014,00:47:07.461,105.12,105.118,1.19,1
08-09-2014,00:47:08.032,105.121,105.118,3.94,1
08-09-2014,00:47:08.335,105.118,105.117,1,1
08-09-2014,00:47:08.841,105.12,105.117,1.25,1
08-09-2014,00:47:14.338,105.121,105.117,7.69,1
08-09-2014,00:47:21.344,105.12,105.117,1.25,1
08-09-2014,00:47:26.171,105.121,105.118,3.19,1
08-09-2014,00:47:26.222,105.121,105.119,3,1
08-09-2014,00:47:26.727,105.121,105.12,3.19,1
08-09-2014,00:47:36.288,105.12,105.119,1,1
08-09-2014,00:47:36.793,105.121,105.12,1,1
08-09-2014,00:47:37.550,105.122,105.12,3.19,1
08-09-2014,00:47:45.539,105.121,105.12,1.69,1
08-09-2014,00:47:49.526,105.122,105.12,3.94,1
08-09-2014,00:47:52.545,105.122,105.12,3.94,1
08-09-2014,00:47:53.540,105.122,105.12,3.94,1
08-09-2014,00:48:02.571,105.122,105.12,4.69,1
08-09-2014,00:48:03.598,105.122,105.12,3.94,1
08-09-2014,00:48:05.598,105.122,105.12,3.94,1
08-09-2014,00:48:06.583,105.122,105.12,3.94,1
08-09-2014,00:48:08.615,105.122,105.12,3.94,1
08-09-2014,00:48:10.089,105.122,105.12,2.25,1
08-09-2014,00:48:10.544,105.123,105.121,1.5,1.5
08-09-2014,00:48:10.848,105.127,105.125,1,1
08-09-2014,00:48:11.354,105.128,105.126,1,1
08-09-2014,00:48:11.760,105.13,105.128,2.44,1
08-09-2014,00:48:12.067,105.131,105.129,5.25,1
08-09-2014,00:48:12.841,105.131,105.13,1.69,1
08-09-2014,00:48:13.826,105.133,105.13,3.94,1
08-09-2014,00:48:13.979,105.131,105.13,1,1
08-09-2014,00:48:14.486,105.132,105.129,2.44,1.5
08-09-2014,00:48:15.091,105.131,105.129,1,1
08-09-2014,00:48:22.032,105.132,105.127,4.69,3.94
08-09-2014,00:48:23.078,105.13,105.127,1,2.25
08-09-2014,00:48:26.729,105.13,105.127,1.25,1
08-09-2014,00:48:26.780,105.128,105.123,2.5,5.25
08-09-2014,00:48:26.881,105.125,105.121,6.19,1
08-09-2014,00:48:27.084,105.122,105.12,2.44,1
08-09-2014,00:48:27.185,105.123,105.12,1.25,1.5
08-09-2014,00:48:27.489,105.124,105.122,1.69,1
08-09-2014,00:48:27.742,105.126,105.122,1,1
08-09-2014,00:48:28.146,105.127,105.124,1,1.25
08-09-2014,00:48:28.652,105.128,105.123,1.25,2.25
08-09-2014,00:48:28.959,105.124,105.122,1,1
08-09-2014,00:48:29.061,105.124,105.12,1,2.25
08-09-2014,00:48:30.093,105.122,105.12,1,1.5
08-09-2014,00:48:30.598,105.123,105.12,1.25,1.5
08-09-2014,00:48:31.363,105.122,105.12,1,2.25
08-09-2014,00:48:32.597,105.123,105.12,1.69,3
08-09-2014,00:48:33.572,105.124,105.12,2.44,3.75
08-09-2014,00:48:35.494,105.123,105.12,3.75,3
08-09-2014,00:48:36.000,105.122,105.119,3.19,1
08-09-2014,00:48:36.833,105.121,105.119,1,1
08-09-2014,00:48:37.338,105.123,105.12,2.44,1
08-09-2014,00:48:38.297,105.123,105.12,1.25,1.5
08-09-2014,00:48:39.313,105.124,105.12,3.19,1.5
08-09-2014,00:48:43.328,105.123,105.12,1.25,1.5
08-09-2014,00:48:50.176,105.122,105.12,1.5,1.5
08-09-2014,00:48:51.398,105.122,105.118,3.94,1.5
08-09-2014,00:48:51.914,105.121,105.118,1,1
08-09-2014,00:48:52.898,105.121,105.117,1,1.5
08-09-2014,00:48:53.404,105.121,105.117,5.44,1.5
08-09-2014,00:48:54.240,105.121,105.117,4.5,1.5
08-09-2014,00:49:05.670,105.12,105.117,1.25,3
08-09-2014,00:49:06.187,105.119,105.116,1,1
08-09-2014,00:49:11.820,105.12,105.117,2.44,1
08-09-2014,00:49:12.282,105.121,105.12,1.25,1
08-09-2014,00:49:12.586,105.128,105.125,1.5,2.25
08-09-2014,00:49:12.636,105.128,105.125,1.5,2.25
08-09-2014,00:49:12.889,105.13,105.125,3.19,3.94
08-09-2014,00:49:14.151,105.13,105.127,1.25,1
08-09-2014,00:49:14.354,105.132,105.128,3.19,1
08-09-2014,00:49:14.707,105.132,105.13,2.44,1
08-09-2014,00:49:15.778,105.132,105.129,1.69,1
08-09-2014,00:49:17.788,105.131,105.128,1.69,2.25
08-09-2014,00:49:17.890,105.13,105.126,1.25,6.19
08-09-2014,00:49:18.396,105.129,105.127,1,1.5
08-09-2014,00:49:26.328,105.129,105.126,1,1
08-09-2014,00:49:26.832,105.13,105.126,1.25,1.5
08-09-2014,00:49:27.531,105.13,105.126,2.44,1.69
08-09-2014,00:49:27.784,105.122,105.121,1.25,1
08-09-2014,00:49:28.238,105.124,105.12,1.5,3
08-09-2014,00:49:28.390,105.125,105.123,3.94,1.5
08-09-2014,00:49:28.844,105.123,105.12,1,1.25
08-09-2014,00:49:29.353,105.124,105.12,3.19,1.25
08-09-2014,00:49:30.468,105.124,105.121,2.44,1
08-09-2014,00:49:30.974,105.124,105.122,1,2.25
08-09-2014,00:49:31.025,105.127,105.124,3.19,1
08-09-2014,00:49:31.076,105.126,105.125,1.25,1
08-09-2014,00:49:31.279,105.125,105.122,1,1.69
08-09-2014,00:49:31.385,105.123,105.121,2.25,1.5
08-09-2014,00:49:31.537,105.123,105.12,1.69,1.5
08-09-2014,00:49:32.243,105.123,105.121,1.25,1
08-09-2014,00:49:32.950,105.124,105.121,2.44,1.5
08-09-2014,00:49:33.051,105.122,105.119,1.19,2.25
08-09-2014,00:49:33.102,105.122,105.119,1.19,2.25
08-09-2014,00:49:33.759,105.121,105.118,1.25,2.25
08-09-2014,00:49:34.869,105.122,105.12,3.19,1
08-09-2014,00:49:35.399,105.123,105.12,1.25,1
08-09-2014,00:49:35.909,105.123,105.119,1.25,2.25
08-09-2014,00:49:36.572,105.122,105.119,1,1.5
08-09-2014,00:49:37.077,105.122,105.12,1,3.94
08-09-2014,00:49:37.128,105.124,105.12,3.19,3.94
08-09-2014,00:49:37.942,105.124,105.12,3,3.94
08-09-2014,00:49:38.939,105.124,105.12,3,2.44
08-09-2014,00:49:42.362,105.121,105.115,5.25,1
08-09-2014,00:49:42.564,105.115,105.113,1.69,1
08-09-2014,00:49:42.666,105.115,105.111,3.19,1
08-09-2014,00:49:42.969,105.116,105.112,1.5,2.44
08-09-2014,00:49:43.272,105.118,105.115,1,1
08-09-2014,00:49:43.576,105.12,105.117,1.5,1
08-09-2014,00:49:44.087,105.121,105.117,2.25,1.5
08-09-2014,00:49:44.566,105.121,105.119,1,1
08-09-2014,00:49:45.103,105.122,105.118,2.44,2.44
08-09-2014,00:49:45.610,105.122,105.118,2.25,3.94
08-09-2014,00:49:48.176,105.122,105.118,3.19,1.5
08-09-2014,00:49:48.689,105.122,105.118,3.19,1.5
08-09-2014,00:49:49.199,105.121,105.118,1,1
08-09-2014,00:49:57.298,105.119,105.114,10.48,2.25
08-09-2014,00:49:57.501,105.115,105.111,7.69,1
08-09-2014,00:49:57.553,105.112,105.109,1.69,1
08-09-2014,00:49:57.705,105.113,105.111,1,3.19
08-09-2014,00:49:57.756,105.115,105.111,1.5,3.19
08-09-2014,00:49:58.009,105.117,105.113,1,2.44
08-09-2014,00:49:58.313,105.119,105.115,3,1
08-09-2014,00:49:59.425,105.12,105.117,1,1.25
08-09-2014,00:49:59.931,105.121,105.117,1.5,2.44
08-09-2014,00:50:00.468,105.121,105.118,1.5,1.25
08-09-2014,00:50:01.003,105.121,105.117,3.19,1.69
08-09-2014,00:50:01.512,105.121,105.117,3.19,1.5
08-09-2014,00:50:03.046,105.118,105.117,4.5,1.5
08-09-2014,00:50:03.349,105.113,105.11,2.44,1
08-09-2014,00:50:03.400,105.113,105.11,3.19,1
08-09-2014,00:50:03.906,105.114,105.111,1,1
08-09-2014,00:50:04.416,105.115,105.111,1.69,1.5
08-09-2014,00:50:05.048,105.115,105.112,2.44,1
08-09-2014,00:50:05.999,105.115,105.113,1,1
08-09-2014,00:50:06.512,105.116,105.113,1.5,1.5
08-09-2014,00:50:06.765,105.118,105.115,1.69,1
08-09-2014,00:50:07.270,105.119,105.115,1.5,3.75
